2617 3991
10 807 11 825 ι
30 795 73 824 Ex
84 795 233 829 collaecir.

32 837 56 866 §-
65 835 106 880 asi
110 836 232 874 primam

8 882 10 902 :
29 881 118 904 ration
124 884 167 906 em
179 894 190 906 .

705 28 865 78 Tomus
881 30 962 76 III.
980 32 1106 77 Part.
1127 31 1159 82 Ῑ.
1179 31 1362 105 Qestio
1386 31 1558 80 XLIX.
1575 36 1673 81 Art.
1692 34 1775 81 ΙΙΙ.

279 113 468 152 propterea
484 100 718 140 anaoritates
734 109 816 144 quae
830 96 1027 134 afferuntur
1036 99 1079 135 de
1096 99 1225 147 specie,

281 165 455 201 tanquam
472 155 515 189 de
527 150 654 187 habitu
670 173 682 189 ,
709 159 780 183 non
792 147 993 197 procedunt
1011 147 1055 184 ad
1085 149 1225 187 intelle‘·

277 205 379 242 &um
395 202 577 253 prm-sentis
590 195 728 245 quaefiti
745 223 755 233 ·

385 259 440 293 Ex
453 255 585 303 quibus
596 257 693 297 patet
706 247 886 290 responsio
903 247 947 284 ad
966 247 1015 288 id,
1027 250 1127 296 quod
1139 249 1225 287 sub-

279 304 379 342 ditur
392 307 438 342 de
449 303 517 341 effe
531 313 598 349 quo
611 325 622 335 .
650 300 745 340 Nam
760 298 903 334 scientia
924 297 1044 334 striete
1074 312 1221 345 accepta

279 367 350 403 pro
365 356 492 392 habitu
516 363 562 387 ex
589 349 900 397 speculationibus
939 350 1118 396 acquisito
1149 364 1221 386 non

280 406 330 442 est
356 416 479 442 revera
502 413 570 451 quo
592 400 841 448 speculamur,
864 413 928 443 nec
959 402 1105 448 propria
1130 403 1222 436 ratio

279 454 499 503 producendi
529 452 729 500 partialiter
766 451 887 492 aetum
916 451 1138 496 intelligendi
1167 451 1223 486 vel

277 505 481 552 speculandi
510 528 521 545 ,
548 503 616 539 Sed
645 504 758 549 magis
780 503 947 550 quaedam
973 502 1158 538 inclinatio
1180 501 1224 535 ad

277 556 429 592 faciliter
452 554 488 590 &
515 552 779 591 detestabiliter
805 552 1063 598 speculandum
1091 565 1102 589 t
1134 550 1223 588 iilud

276 616 396 641 autem
425 616 492 653 quo
505 631 517 647 ‚
538 615 576 640 ut
594 605 774 652 principio
796 605 916 640 activo
933 616 976 644 ex
992 615 1094 650 parte
1122 602 1226 649 obje-

277 655 327 691 &i
344 654 570 704 speculamur
582 680 594 697 ,
615 654 665 690 est
682 654 817 703 species
832 654 1068 699 intelligibilis
1080 680 1090 697 e

377 705 438 746 Ad
452 707 622 753 quintum
637 706 861 755 respondeo:
887 704 1080 742 Prudentia
1094 704 1226 740 dicitur

274 755 394 791 estiva
431 755 466 792 8<
499 766 554 790 ars
567 755 723 800 fac-tiva,
747 770 819 794 non
833 757 919 805 quia
939 755 979 791 fit
1006 755 1223 804 principium

273 806 404 852 agendi
437 816 499 842 aut
526 806 678 843 faciendi
693 807 1027 856 propriasaRiones
1039 806 1223 853 potentiae,

274 857 310 895 in
327 869 400 905 qua
416 857 526 898 sunt;
552 859 714 906 alioquin
743 857 888 894 scientia
921 857 1055 905 aliique
1078 856 1227 892 habitus

274 906 487 955 speculativi
504 907 620 945 forent
637 910 854 958 principium
868 909 1026 949 aCtivum
1041 909 1076 942 in
1100 906 1228 945 ordine

275 959 320 994 ad
338 959 508 1008 proprias
518 962 754 1007 operationes
767 973 778 997 t
800 961 926 1001 exinde
939 972 1025 1007 ergo
1037 960 1060 994 ii
1075 959 1151 994 duo
1164 957 1227 995 ba-

273 1010 377 1046 bitus
391 1011 566 1046 dicuntur
577 1013 793 1061 principium
807 1011 962 1058 agendi,
976 1022 1046 1045 non
1059 1022 1148 1046 vcro
1162 1009 1227 1044 ha-

273 1060 374 1097 bitus
390 1059 625 1110 speculativi,
647 1067 732 1111 quia
746 1062 905 1108 dirigunt
917 1064 1012 1099 circa
1025 1061 1227 1097 exteriores

269 1115 505 1158 operationes
519 1139 531 1156 ,
559 1115 661 1160 quod
676 1127 747 1152 non
763 1112 930 1161 praestant
942 1113 1088 1149 habitus
1099 1111 1227 1159 specu-

271 1161 405 1205 lativi;
443 1164 637 1200 Prudentia
653 1167 746 1202 enim
769 1165 891 1211 dirigit
915 1167 1011 1200 circa
1030 1163 1132 1200 aetus
1155 1164 1228 1199 vir·

269 1221 392 1251 tutum
406 1217 598 1252 moralium
616 1242 627 1257 ‚
657 1217 721 1263 qui
746 1214 845 1252 aftus
861 1215 939 1253 sunt
963 1218 998 1252 in
1023 1216 1229 1256 voluntate,

269 1265 381 1299 autin
396 1267 562 1314 appetitu
575 1264 770 1308 scnfitivo;
792 1278 848 1302 ars
860 1279 982 1302 autern
997 1266 1120 1312 dirigit
1130 1265 1226 1301 circa

267 1317 519 1372 operationem
533 1317 780 1361 transeuntem
807 1320 842 1354 in
875 1319 1090 1355 exteriorem
1114 1327 1222 1357 mate.

267 1376 357 1406 nam
373 1390 385 1406 e

369 1419 469 1467 Qia
482 1431 569 1455 vero
582 1433 663 1468 pars
679 1421 889 1457 affirmativa
903 1420 949 1457 est
965 1432 1067 1466 teque
1091 1420 1224 1465 probas·

267 1466 351 1509 bilis
373 1471 428 1504 vel
452 1472 700 1517 probabilior,
731 1472 787 1508 Ad
813 1482 1070 1524 argumentum
1098 1473 1131 1507 in
1153 1482 1217 1518 op-

268 1524 422 1566 pofizum
436 1519 633 1564 respondeo
646 1523 692 1555 lic
709 1533 717 1554 :
734 1523 855 1556 Unius
874 1523 1024 1558 „aionis
1039 1522 1086 1558 est
1102 1536 1215 1563 unum

267 1569 488 1615 principium
502 1569 609 1614 perse
629 1597 638 1609 ,
661 1571 695 1606 8(
715 1569 784 1604 hoc
801 1573 834 1605 in
854 1583 927 1605 nno
944 1572 1070 1609 ordine
1082 1574 1218 1620 princi÷

269 1620 418 1666 piandi,
444 1630 564 1655 tamen
582 1619 725 1660 possunt
751 1619 818 1656 effe
835 1622 946 1657 multa
979 1625 1153 1670 principia
1180 1624 1214 1658 in

268 1668 411 1714 diverso
435 1670 561 1704 ordine
585 1671 824 1716 principiandi
855 1698 864 1711 ‚
885 1684 1046 1717 quorum
1072 1686 1143 1710 non
1175 1673 1215 1708 fit

266 1721 337 1763 alia
351 1724 495 1761 unita,
520 1731 630 1765 quam
641 1720 775 1753 ordinis
801 1749 807 1755 .
837 1722 938 1755 Licet
967 1725 1216 1770 quandoque)

265 1783 349 1809 curn
363 1773 501 1808 unitate
517 1768 655 1805 ordinis
666 1781 861 1805 concurrat
875 1772 992 1805 unitas
1011 1774 1192 1805 accidenta
1203 1793 1218 1800 -

264 1823 308 1859 lis
324 1823 359 1859 8(
374 1821 628 1865 sttbjsaiinter
642 1820 663 1855 h
680 1832 717 1855 :c
730 1819 895 1855 ordinata
914 1847 923 1859 ,
948 1818 1006 1855 set!
1034 1821 1104 1856 hoc
1124 1822 1217 1856 acci-

261 1871 317 1909 dit
332 1898 341 1910 .
375 1876 425 1910 lta
439 1874 547 1910 etiam
563 1872 596 1905 in
613 1870 800 1918 proposito
814 1899 823 1913 ,
836 1871 987 1907 habitus
1003 1871 1036 1906 8(
1053 1874 1215 1919 potentia

262 1921 346 1959 sunt
362 1924 437 1961 duo
455 1923 629 1969 principia
655 1921 801 1957 alterius
827 1923 966 1958 ordinis
982 1950 992 1964 ‚
1022 1923 1054 1958 8<
1070 1934 1214 1960 utrum-

259 1986 336 2021 que
350 1977 383 2011 in
399 1974 460 2011 suo
471 1973 600 2013 ordine
611 1971 660 2009 est
676 1985 788 2008 unum
816 1985 877 2021 per
890 1972 946 2015 se,
976 1975 1009 2010 8(
1039 1985 1120 2010 curn
1149 1975 1214 2011 ista

258 2025 399 2062 ordinis
428 2029 564 2062 unitate
591 2026 777 2060 concurrit
803 2024 925 2062 unitas
952 2025 1151 2062 accidentis
1178 2026 1215 2070 ὃς

258 2074 415 2124 subjeeti
439 2077 533 2113 inter
558 2074 633 2111 baec
657 2075 822 2112 ordinata
851 2103 860 2116 ,
890 2076 947 2113 sed
973 2076 1043 2111 hoc
1071 2077 1216 2122 accidit,

258 2128 346 2176 quia
362 2127 385 2163 fi
400 2126 512 2176 posset
526 2124 700 2173 conjungi
713 2127 816 2166 causa
833 2129 945 2174 prima
960 2138 1044 2166 cum
1056 2126 1214 2165 secunda

257 2177 331 2214 sine
344 2177 412 2214 hac
424 2178 619 2220 accidentis
637 2177 670 2212 8(
689 2176 846 2225 subjeEii
872 2180 1007 2216 unitate
1027 2205 1035 2221 ,
1065 2179 1215 2225 perinde

255 2228 432 2266 haberent
469 2227 704 2269 sufficientem
744 2229 996 2266 causalitatem
1047 2230 1217 2273 causandi

258 2292 375 2317 unum
392 2278 586 2317 effe-stum.
615 2279 713 2319 Cum
737 2281 863 2328 itaque
891 2281 1030 2317 dicitur
1051 2294 1064 2322 ;
1092 2283 1216 2319 Unius

258 2331 413 2368 astionis
430 2343 493 2380 per
505 2330 539 2367 se
552 2358 563 2374 ‚
588 2330 638 2367 est
651 2344 722 2369 una
739 2332 846 2369 causa
872 2331 993 2368 aetiva
1010 2344 1021 2372 ;
1048 2334 1214 2369 concedo

255 2383 295 2420 in
310 2393 384 2419 uno
394 2383 548 2425 ordine;
573 2381 633 2419 sed
653 2385 688 2419 in
714 2384 784 2419 alio
802 2383 928 2420 ordine
951 2383 1214 2431 principiandi‚

260 2435 351 2471 bene
365 2434 480 2481 potest
494 2434 562 2472 esse
576 2436 643 2471 alia
655 2434 788 2477 causa;
815 2435 926 2482 idque
942 2433 1003 2470 seu
1029 2433 1105 2470 haec
1119 2434 1153 2470 8(
1173 2438 1213 2472 ἰΙ-

260 2486 296 2521 la
313 2484 535 2522 constituant
553 2499 745 2535 unumvper
759 2487 926 2522 accidens
954 2485 1015 2522 seu
1029 2496 1101 2521 non
1114 2512 1124 2528 ‚
1154 2485 1212 2523 sed

258 2546 402 2572 tantum
434 2549 546 2573 unum
572 2538 715 2573 unitate
742 2537 908 2580 ordinis,
938 2538 972 2574 8<
1004 2537 1137 2573 licetlit
1162 2538 1212 2574 ibi

258 2587 382 2622 unitas
395 2598 456 2633 per
469 2589 637 2624 accidens
652 2614 664 2630 ‚
676 2587 796 2625 adhuc
810 2600 930 2624 tamen
945 2587 1081 2633 semper
1097 2587 1193 2625 salva
1204 2611 1214 2620 -

257 2646 320 2672 tur
334 2637 453 2672 unitas
465 2637 600 2674 ordinis
616 2640 783 2686 principii
798 2639 841 2674 ad
855 2640 1074 2685 principium
1085 2663 1098 2675 .

362 2687 415 2723 Ex
433 2689 569 2736 quibus
582 2700 679 2737 patet
694 2690 736 2724 ad
752 2688 951 2736 subjeRam
970 2686 1212 2727 confirmatio-

257 2748 342 2773 nem
359 2736 404 2776 de
422 2740 560 2776 unitate
586 2742 726 2787 pricipii
756 2740 941 2782 formalis,
969 2740 1131 2776 concedo
1159 2753 1211 2777 ta-

257 2799 368 2830 men,
393 2790 568 2826 unitstem
595 2791 629 2827 in
644 2792 730 2834 illo,
758 2791 858 2839 quod
884 2791 933 2828 est
959 2791 1210 2840 principium..

254 2850 323 2888 quo
339 2839 374 2874 in
387 2853 462 2877 uno
473 2843 599 2879 ordine
612 2842 852 2891 principiandi
870 2869 881 2879 .

391 2939 596 2983 ITERUM
648 2942 961 2981 ARTICULUS
1016 2942 1088 2981 111.

297 3138 302 3142 ,
330 3095 471 3133 Utrum
482 3096 632 3134 habitus
643 3096 738 3134 dicat
751 3098 915 3134 ordinem
931 3097 974 3132 ad
990 3095 1109 3132 at‘stum
1124 3121 1134 3132 .

305 3195 441 3235 Doffor
455 3197 556 3237 ΦΕ.
580 3198 728 3286 Τέοωαε
744 3198 827 3235 locis
854 3199 1009 3236 articulo
1029 3207 1160 3247 praece-

631 3252 709 3287 enti
737 3251 858 3286 crtan's

254 3346 483 3398 Epi-penditur
496 3374 507 3391 ,
529 3347 756 3395 aecsuadetur
765 3359 846 3395 pars
858 3349 1093 3399 qurmarit-a,
1103 3363 1210 3399 quam

354 3399 484 3435 Doror
497 3400 532 3435 in
560 3401 686 3438 Oxon.
708 3403 978 3449 probahzliorem
997 3411 1102 3447 putat
1119 3429 1128 3443 ‚
1149 3401 1213 3443 etsi

353 3447 394 3484 in
407 3450 546 3486 collat.
560 3449 597 3485 6-
612 3451 675 3487 cit.
691 3453 910 3498 probabilior
918 3452 986 3500 fibi
1002 3451 1209 3502 visasuaerit

354 3499 497 3546 opposita
510 3526 521 3536 .

383 3599 502 3638 ldetur
514 3602 657 3639 habitui
675 3615 744 3640 non
761 3615 974 3649 competere
998 3604 1090 3640 ratio
1107 3604 1206 3648 prin-

390 3651 596 3699 cipiiaffivi
624 3654 786 3701 respeau
815 3656 920 3691 aelus
946 3653 1208 3702 procejentisa

257 3701 418 3749 potentia
443 3702 570 3739 habitu
598 3705 745 3751 praedita
763 3732 771 3741 .
802 3708 949 3743 Etenim
973 3706 1069 3741 nulla
1096 3702 1209 3752 specie

2084 53 2176 97 135

1306 98 1471 136 distineta
1485 100 1553 136 esse
1567 101 1706 148 potsunt
1720 97 1833 136 causae
1857 105 2052 148 aequivocae
2066 106 2126 140 stoi
2152 109 2247 143 invi-

1306 161 1384 187 cem
1397 161 1544 197 agentes
1562 177 1571 192 ,
1600 152 1759 186 Habitus
1789 150 1822 184 8(
1853 153 1953 188 aetus
1982 154 2098 201 specie
2125 156 2249 192 distin-

1303 212 1470 247 guuntur
1486 227 1497 241 ‚
1525 212 1604 235 nam
1622 201 1766 235 habitus
1790 200 2080 239 habctrationem
2105 217 2250 241 manen·

1303 253 1375 293 tis,
1399 250 1691 299 &qn'escentis,
1719 249 1923 285 aetusvero
1950 256 2119 289 rationem
2151 267 2247 290 tran-

1306 301 1440 338 seuntis
1455 315 1467 343 ;
1480 313 1568 348 ergo
1582 313 1654 339 non
1671 302 1748 336 sunt
1764 299 1827 335 sibi
1845 300 1996 337 invicem
2013 303 2125 341 causae
2139 307 2248 351 aequi.

1305 363 1395 389 voce
1407 362 1552 398 agentes
1570 380 1580 395 ,
1615 351 1728 387 Aestus
1741 361 1860 385 autem
1877 352 2064 388 necessat-io
2076 356 2123 390 est
2140 354 2246 390 causa

1304 405 1492 446 aequivoca
1515 402 1550 444 in
1566 404 1795 451 generatione
1819 399 1968 437 habitus
1996 406 2158 450 acquifiti
2189 418 2250 452 per

1303 453 1405 489 aetus
1425 467 1436 495 3
1465 466 1554 498 ergo
1570 451 1773 490 econverso
1786 451 1936 489 habitus
1954 465 2022 488 non
2051 456 2116 489 erit
2143 454 2250 495 causa

1297 505 1415 548 aRiva
1432 505 1593 552 respet‘ku
1605 504 1705 539 αξὶυε
1719 528 1728 537 .
1761 501 1933 539 probatio
1948 504 2096 539 minoris
2114 531 2121 539 .
2150 507 2251 543 Cau·

1303 557 1335 591 sa
1357 556 1544 601 aequivoca
1559 557 1754 592 eminenter
1768 556 1929 590 continet
1946 565 1980 589 tn
2001 552 2033 589 se
2062 555 2253 602 perfeEiio-

1301 619 1381 643 nem
1397 605 1546 642 effebius
1565 619 1577 648 3
1596 617 1784 650 nequeunt
1811 615 1928 640 autem
1956 604 2030 639 duo
2058 605 2170 652 specie
2195 609 2251 643 di-

1305 657 1432 694 stinGta
1445 656 1650 693 seinvicem
1664 657 1860 691 eminenter
1875 655 2061 691 continere
2078 682 2086 691 .

1405 710 1579 747 Praeterea
1597 734 1607 750 ‚
1630 707 1895 754 Comparando
1924 705 1968 741 ad
1994 707 2140 743 eandem
2164 719 2252 744 cau-

1300 758 1368 795 sam
1386 759 1538 806 primam
1568 759 1659 794 duos
1683 756 1856 798 effe-aus,
1878 757 2026 793 videtur
2052 759 2149 795 alter
2166 758 2255 794 isto·

1299 823 1380 846 rum
1399 810 1601 858 praeseferre
1627 810 1904 845 determinatum
1934 808 2096 845 ordinem
2123 810 2254 857 prioris

1298 863 1354 898 vel
1374 861 1581 908 posterioris
1595 861 1637 896 ad
1653 859 1795 903 causam
1811 884 1821 894 .
1853 858 1891 894 ld
1909 869 1997 896 vero
2023 870 2170 908 apparet
2198 863 2254 897 in.

1295 912 1447 948 duffive
1464 915 1497 948 in
1511 912 1727 958 pastionibus
1743 909 2051 957 consequentibus
2076 911 2171 947 idem
2184 913 2252 948 ob.

1294 962 1449 1010 jestum,
1464 976 1533 1000 una
1545 964 1637 1005 enim
1654 963 1809 1010 ipsarum
1826 962 2069 998 itnmediatius
2085 960 2251 1009 sequitur

1295 1012 1529 1059 subjeftum‚
1554 1025 1662 1061 quarn
1684 1015 1795 1049 altera
1818 1024 1829 1046 ι
1856 1012 1920 1060 qui
1936 1012 2025 1048 ordo
2039 1026 2110 1049 non
2134 1016 2250 1050 varia-

1295 1077 1358 1101 tur
1373 1066 1408 1099 in
1424 1064 1623 1102 individuis
1636 1063 1916 1112 quibuscunque
1931 1064 2069 1108 ;igitur
2086 1062 2251 1113 respee‘tu

1294 1117 1464 1164 potentiae
1485 1142 1495 1156 ‚
1523 1125 1602 1164 quae
1615 1117 1762 1152 habitus
1776 1117 1808 1149 :51
1827 1113 1929 1149 aetus
1946 1113 1995 1150 est
2011 1114 2114 1150 causa
2147 1127 2251 1153 corn·

1294 1169 1438 1210 munis,
1468 1168 1491 1201 ii
1510 1167 1584 1203 duo
1614 1165 1762 1202 effefflus
1793 1165 1919 1200 ordine
1940 1165 2176 1203 determinato
2202 1179 2249 1207 ex

1293 1219 1352 1260 illa
1366 1218 1564 1265 procedent
1583 1244 1593 1254 .
1621 1218 1718 1252 Cum
1733 1228 1822 1262 ergo
1837 1217 1966 1261 aliquis
1993 1216 2094 1252 aetus
2123 1217 2166 1254 de
2192 1231 2251 1256 ne.

1292 1270 1449 1311 §effitate
1462 1270 1626 1306 habitum
1646 1268 1824 1315 precedat
1863 1278 1903 1303 ut
1932 1267 2037 1303 causa
2056 1267 2138 1313 ejus
2154 1295 2163 1310 ,
2188 1268 2251 1306 ha..

1295 1323 1391 1358 hius
1405 1321 1555 1356 omnino
1581 1317 1781 1366 praecedere
1794 1330 1865 1353 non
1894 1320 2028 1362 poterit
2057 1320 2251 1367 aliquem„

1289 1373 1411 1409 aetum
1428 1396 1440 1413 ‚
1471 1373 1584 1408 veluti
1598 1383 1660 1419 per
1679 1369 1713 1405 se
1726 1369 1831 1405 causa
1848 1368 1955 1416 ipsius
1974 1395 1983 1404 .

1394 1424 1568 1465 Praeterea
1583 1450 1591 1461 .
1619 1420 1702 1457 Esto
1714 1420 1863 1457 habitus
1892 1420 1931 1456 stt
1949 1419 2052 1456 causa
2083 1424 2141 1459 vel
2172 1435 2247 1470 par.

1286 1475 1385 1511 tialis
1404 1473 1683 1520 retpe&ua&us
1728 1471 1760 1506 8(
1793 1470 2013 1518 aequivoca3
2040 1473 2249 1517 igirurcau·

1280 1526 1314 1567 sa
1329 1525 1440 1572 hujus
1454 1524 1567 1561 cause
1580 1525 1644 1560 erit
1659 1523 1909 1571 perseffior‚ac
1923 1523 1962 1558 fit
1977 1522 2079 1559 causa
2094 1526 2255 1573 aequix'o.

1284 1590 1323 1612 ca
1339 1575 1498 1623 ejusdem
1518 1602 1527 1612 .
1555 1576 1830 1621 Consequentia
1850 1587 1945 1622 patet
1962 1601 1972 1616 ‚
2000 1576 2086 1622 quia
2115 1577 2151 1610 in
2167 1588 2253 1613 cau-

1283 1628 1541 1672 fisaequivoets
1569 1623 1674 1660 causa
1702 1623 1816 1658 causae
1832 1625 2022 1671 perfthior
2047 1625 2152 1661 causa
2184 1626 2250 1671 est,

1281 1689 1391 1724 quam
1405 1675 1507 1715 causa
1523 1675 1668 1712 causato
1681 1673 1972 1720 proximior.Sed
1984 1675 2084 1711 astus
2097 1676 2146 1712 est
2164 1688 2248 1714 cau.

1286 1729 1317 1762 sa
1331 1728 1574 1775 generationis
1585 1726 1862 1769 habitus;igitur
1880 1723 1899 1760 si
1914 1727 2075 1772 potentia
2088 1738 2171 1763 cum
2185 1727 2249 1762 ha.

1283 1779 1362 1810 bitu
1379 1777 1492 1818 potest
1515 1779 1547 1808 in
1564 1775 1688 1809 aetum
1705 1775 1905 1819 perfeflum
1924 1801 1935 1817 ‚
1958 1778 2073 1816 multo
2093 1780 2204 1825 magis
2219 1779 2245 1815 fi

1284 1823 1366 1859 esse·
1383 1822 1452 1863 sub
1465 1823 1548 1863 astu
1561 1824 1774 1868 generativo
1808 1824 1956 1859 habitus
1991 1827 2145 1873 idipsum
2165 1829 2242 1875 pos.

1284 1873 1332 1910 ser
1348 1901 1359 1912 .
1390 1873 1427 1908 ld
1446 1885 1569 1909 autem
1587 1872 1731 1909 videtur
1755 1873 2040 1912 inconveniens:
2070 1881 2154 1924 quia
2167 1880 2243 1916 duo

1283 1927 1387 1963 anns
1399 1925 1552 1972 perfeSss
1569 1923 1636 1960 effe
1651 1936 1839 1972 nequeunt
1862 1925 1897 1959 in
1925 1926 2047 1963 eadem
2064 1928 2242 1976 potentia,

1285 1990 1347 2014 aut
1374 1977 1497 2012 saltem
1517 1976 1539 2012 fi
1557 1975 1691 2023 possent
1708 2003 1719 2019 ,
1741 1987 1813 2011 non
1840 1975 1987 2012 videtur
2013 1990 2127 2016 unum
2154 1979 2241 2017 isto-

1285 2041 1366 2071 χιιι-η
1382 2027 1515 2067 habere
1530 2029 1706 2063 rationem
1723 2027 1831 2062 aftivi
1848 2025 2011 2075 respeetu
2040 2031 2190 2067 alterius
2204 2058 2216 2067 .

1389 2078 1577 2118 Praeterea,
1593 2079 1629 2117 Si
1648 2077 1795 2114 babitus
1812 2077 1860 2113 est
1875 2079 1973 2125 quasi
1989 2081 2095 2117 causa
2113 2081 2242 2120 secun.

1283 2132 1328 2168 da
1346 2129 1547 2178 supplendo
1560 2130 1717 2176 aliquem
1736 2128 2151 2177 gradum‘eausalitatis‚
2175 2136 2243 2182 qui

1285 2182 1381 2220 deest
1394 2182 1564 2229 potentiae
1583 2194 1595 2222 ;
1620 2179 1731 2228 pofft
1748 2181 1861 2223 igitur
1878 2179 1955 2221 fieri
1974 2183 2122 2224 habitus
2137 2184 2244 2222 eous·

1285 2247 1359 2283 qne
1389 2232 1570 2281 perfeRus
1586 2259 1598 2276 ,
1625 2242 1665 2267 ut
1695 2230 1876 2278 suppleret
1907 2243 2020 2270 totam
2067 2238 2242 2284 potentiae

1285 2287 1508 2322 affluitatem
1531 2297 1542 2325 ;
1565 2296 1676 2331 atque
1693 2284 1740 2318 ita
1757 2284 1888 2330 aliquis
1918 2283 2088 2331 habitus,
2117 2287 2242 2324 citra-⁴

1286 2336 1456 2385 potentiae
1470 2334 1667 2376 influxum,
1682 2334 1775 2369 foret
1788 2334 1895 2370 causa
1909 2333 2088 2374 sufficiens
2103 2350 2241 2384 ponen-

1285 2388 1450 2425 diaetum
1468 2399 1540 2422 non
1555 2396 1796 2421 concurrente
1818 2389 1978 2427 potentia
1997 2413 2006 2423 .
2034 2389 2241 2426 Universa-

1285 2441 1365 2476 liter
1380 2438 1474 2474 enim
1492 2438 1526 2471 in
1544 2438 1736 2480 agentibus
1752 2434 1914 2483 ejusdem
1929 2439 2080 2476 rationis
2107 2440 2155 2476 ita
2171 2453 2242 2487 ρο-Ι

1284 2489 1351 2527 test
1364 2487 1499 2525 intendi
1512 2489 1628 2527 virtus
1646 2489 1754 2523 unius
1767 2514 1777 2530 ,
1793 2498 1830 2522 ut
1848 2490 2000 2535 aequalis
2014 2489 2053 2524 fit
2068 2491 2214 2527 duobus
2225 2517 2237 2528 .

1387 2540 1560 2576 Praeterea
1589 2566 1597 2576 ,
1638 2539 1782 2574 Relatio
1806 2551 1878 2574 non
1903 2538 1955 2575 est
1984 2541 2237 2588 principium..

1285 2591 1444 2628 activum
1457 2618 1470 2635 ,
1498 2601 1562 2625 nec
1581 2589 1717 2635 aliquid
1730 2588 1962 2625 essentialiter
1977 2592 2165 2627 includens
2181 2604 2237 2628 re·

1282 2645 1474 2686 lationem:
1492 2641 1652 2677 Habitus
1666 2652 1790 2675 autem
1804 2640 1853 2677 est
1866 2640 1909 2675 ad
1926 2642 2063 2689 aliquid
2080 2669 2090 2684 ,
2111 2642 2238 2679 secun·

1284 2696 1369 2731 dum
1387 2691 1641 2737 Philosophum
1667 2703 1702 2736 7.
1722 2691 1893 2740 Pliysicor.
1909 2700 1970 2728 tex
2009 2704 2070 2741 27.
2087 2693 2237 2730 Confir-

1286 2746 1512 2783 matueron
1528 2742 1644 2778 minus
1659 2743 1852 2790 requiritur
1866 2743 1997 2780 entitas
2016 2746 2121 2780 realis
2133 2744 2237 2781 abso.

1282 2798 1360 2835 luta
1373 2796 1408 2829 in
1425 2794 1604 2842 principio
1619 2805 1737 2829 motus
1752 2819 1762 2834 ‚
1789 2806 1899 2841 quam
1917 2795 1952 2830 in
1964 2796 2121 2832 termino
2135 2794 2231 2842 ejus.

1291 2849 1328 2885 Si
1344 2857 1432 2891 ergo
1448 2845 1594 2881 habitus
1609 2854 1705 2880 caret
1719 2847 1867 2882 entitate
1881 2847 2057 2888 absoluta,
2070 2859 2151 2894 quae
2164 2847 2233 2883 suf-

1282 2898 1380 2935 ficiat
1410 2897 1454 2933 ad
1476 2895 1740 2931 terminandum
1782 2907 1919 2933 motum
1936 2911 1947 2932 z
1974 2897 2090 2933 multo
2119 2901 2232 2946 magis

1284 2959 1379 2985 caret
1395 2960 1435 2983 ea
1453 2974 1461 2988 ‚
1483 2959 1563 2995 quae
1577 2947 1777 2994 requiritur
1789 2948 1823 2981 in
1840 2947 2021 2994 principio
2035 2949 2157 2984 36ὶίκό
2170 2975 2180 2984 .

1386 2998 1564 3034 Praeterea
1580 3025 1589 3040 ‚
1622 2997 1806 3033 Accidens
1823 3010 1893 3034 non
1911 2998 1959 3034 est
1978 3000 2230 3046 principium

1282 3049 1410 3095 agendi
1427 3052 1463 3085 in
1476 3048 1678 3094 subjeetum
1697 3051 1895 3095 proprium.
1911 3050 1984 3086 Sed
2001 3051 2227 3094 operatio‚ad

1281 3113 1390 3149 quam
1411 3100 1715 3146 poniturhabitus
1732 3127 1742 3139 ,
1772 3101 1942 3147 recipitur
1967 3100 2174 3146 frequenter
2190 3103 2225 3137 in

1274 3153 1446 3199 potentia
1461 3179 1472 3194 ‚
1496 3150 1604 3193 cuius
1621 3149 1669 3186 est
1687 3151 1745 3186 ille
1760 3149 1937 3192 habitum
1961 3162 2045 3197 ergo
2061 3150 2226 3199 respestu

1281 3201 1383 3237 istius
1399 3215 1468 3238 non
1484 3203 1532 3238 est
1551 3201 1697 3237 babitus
1712 3202 1930 3248 principium
1944 3202 2101 3237 afflvum
2116 3228 2125 3238 .

1382 3253 1551 3302 Denique
1565 3280 1575 3295 ,
1609 3252 1730 3298 Aliqui
1748 3253 1894 3289 habitus
1910 3252 1988 3288 sunt
2006 3253 2041 3287 in
2055 3255 2229 3302 potentiis

1279 3303 1455 3340 senfitivis
1470 3320 1478 3341 :
1496 3303 1677 3349 appetitus
1706 3313 1826 3338 autem
1855 3303 2046 3340 scnfitivus
2077 3316 2148 3339 non
2177 3305 2226 3341 est

1278 3353 1422 3389 anavus
1438 3381 1448 3397 ,
1476 3356 1616 3390 dicente
1634 3355 1742 3388 Dima
1750 3351 1852 3389 sceno
1864 3381 1875 3397 ,
1890 3355 2022 3399 Sensus
2035 3366 2099 3392 non
2109 3355 2225 3399 ducit,

1269 3403 1338 3452 sed
1353 3406 1526 3446 ducitvr3
1560 3415 1647 3450 ergo
1664 3415 1728 3438 nec
1740 3403 1782 3438 ha
1792 3405 1888 3442 bitus
1905 3406 1984 3452 ejus
2007 3406 2076 3443 effe
2107 3406 2223 3452 potest

1282 3457 1498 3502 principium
1515 3455 1697 3496 aelurum
1729 3467 1808 3490 nam
1822 3455 1843 3491 fi
1856 3456 1939 3493 effet
1952 3458 2021 3494 tale
2035 3486 2045 3501 ,
2072 3468 2223 3505 oporte-

1280 3517 1334 3542 ret
1348 3532 1359 3547 ‚
1377 3506 1492 3553 ipsum
1507 3517 1725 3542 concurrere
1739 3517 1820 3541 cum
1836 3510 2007 3555 potentiis
2022 3511 2054 3544 in
2067 3508 2222 3552 apendo.

1382 3559 1519 3592 Contra
1536 3584 1545 3595 ,
1567 3555 1794 3598 Augustinus
1813 3585 1823 3601 ,
1851 3559 1895 3595 de
1913 3562 2008 3595 bono
2033 3557 2221 3605 conjugali

1280 3618 1346 3653 cap
1378 3617 1413 3640 2.
1431 3608 1593 3646 Habitus
1608 3607 1662 3642 ef?
1676 3631 1689 3651 ,
1701 3619 1766 3653 quo
1779 3612 1912 3655 agimus
1927 3635 1939 3653 ‚
1954 3623 2034 3645 cum
2048 3619 2129 3658 opus
2140 3609 2196 3644 er?
2212 3635 2222 3645 .

1386 3655 1602 3703 Respondeo
1616 3657 1807 3694 dicendum
1825 3687 1834 3700 ,
1864 3663 2085 3708 probabilius
2111 3659 2224 3695 videri

1277 3707 1450 3755 opinatos
1463 3721 1478 3743 a
1488 3709 1651 3745 fferentes
1667 3735 1678 3751 ,
1693 3709 1857 3747 habitum
1872 3712 1988 3748 aftiva
2001 3715 2134 3748 virtute
2147 3712 2224 3756 pol·

2095 3765 2171 3796 lere
