2603 4046
135 579 218 613 Spem
241 575 330 604 virtu-

132 624 188 643 tem
204 614 331 642 Theolo-

128 655 217 687 gicam
244 652 327 684 effe)

128 686 290 718 instinctam
313 700 328 718 a

128 728 181 756 fide
199 746 209 760 ‚
221 727 247 755 S<
262 729 328 756 cba-

132 767 213 792 mate
252 768 328 803 quod

127 803 162 832 est
173 802 327 832 consonum

129 841 287 869 auctoritati

125 878 255 916 Apostoli
296 881 324 908 &

126 917 243 945 Triden.
267 916 328 945 seff-

126 959 156 982 6-
172 963 232 992 cap.
256 959 280 983 6.
296 957 324 982 δ(

123 992 274 1025 7.charitas
287 991 323 1021 est

125 1029 249 1065 suprema
271 1031 321 1057 vir-

124 1076 169 1098 tus
182 1067 323 1098 effectiva.

136 1450 196 1482 Ess'e
228 1451 317 1490 petest

120 1493 196 1520 actus
232 1492 319 1520 chari.

115 1533 178 1558 tans
191 1529 243 1558 tine
254 1537 316 1559 aetu

113 1572 167 1608 iper
179 1584 192 1597 ι

122 1707 205 1736 Aous
219 1715 315 1735 aman-

117 1746 146 1773 di
171 1746 265 1773 ‘neum
289 1754 316 1772 m

123 1786 148 1812 ie
165 1801 175 1816 ‚
195 1785 222 1810 t<
246 1783 313 1810 celi-

123 1822 239 1849 ‹zcrandt
256 1826 315 1851 lunt

124 1862 181 1889 duo
194 1879 204 1889 .

131 2202 228 2231 Nemo
251 2197 311 2227 vult

117 2242 223 2277 aliquid
246 2238 312 2265 alie-

113 2280 205 2307 Ctionc
232 2285 310 2303 coni-

110 2324 199 2349 mudi,
215 2313 262 2342 ruli
279 2314 308 2341 jn

112 2358 209 2384 omme
223 2358 259 2381 ad
269 2357 310 2382 le.

367 198 426 234 sed
441 201 595 244 diffidere
614 234 624 249 ‚
650 220 713 246 nec
736 206 765 244 ei
785 205 1015 251 persuadetur
1038 219 1078 242 nt
1105 221 1221 252 amet,
1245 210 1303 243 vel

367 261 487 296 optet;
514 259 597 303 quia
611 268 752 303 optaret
768 256 788 289 si
802 256 960 296 crederet
975 257 1061 295 illud
1077 257 1143 292 effe
1159 258 1301 306 possibi-

365 307 398 341 le
414 332 424 346 ,
450 304 504 340 sed
519 306 750 354 persuadetur
765 317 804 343 ut
816 309 935 346 eredat
949 310 1035 346 illud
1049 305 1115 342 effe
1144 308 1300 356 possibile

366 365 384 391 a
399 357 431 393 se
447 358 598 402 attingi.

464 405 601 442 Contra
619 434 628 447 ,
656 420 688 447 1.
701 409 743 445 ad
755 410 923 446 Corinth.
939 422 1015 454 cap.
1026 418 1077 453 13.
1090 408 1221 455 Qum
1234 421 1298 444 au-

365 464 434 491 tem
450 457 692 502 manentfides
709 487 718 500 ,
731 460 809 505 sim·
822 484 834 502 ,
845 461 1001 495 charitas
1021 484 1030 498 ‚
1046 459 1120 492 tria
1135 457 1296 494 haec.Cui

361 503 457 540 dieto
472 509 660 546 innitentes
673 511 797 549 Sanfti
811 511 997 548 adstruunt
1008 520 1080 544 tres
1101 507 1299 553 Theologi-

362 567 421 590 cas
438 559 589 594 virtutes
602 587 613 600 ,

463 607 677 655 Respond'eo
689 611 876 646 dicendum
893 638 902 649 ‚
924 609 1017 654 spem
1034 608 1296 653 Theologicam

362 656 532 692 virtutem
548 659 615 695 esse
631 662 770 695 unicam
784 661 816 694 &
831 659 1033 695 distinetam
1051 671 1067 692 a
1081 657 1151 691 fide
1168 659 1201 693 8<
1214 658 1298 692 cha-

363 705 466 744 rirate
480 734 494 747 ,
511 710 712 745 Declaratio
730 709 832 754 :spes
844 708 910 744 esse
926 719 996 742 non
1010 705 1122 753 potest
1140 705 1227 742 fides
1243 708 1298 742 vel

359 758 512 793 c'naritas
531 770 541 797 ς
558 772 645 805 ergo
655 759 815 794 esttertia
838 760 953 793 virtus
968 759 1012 794 ab
1028 758 1095 791 illis
1114 754 1299 794 effentiali.

357 818 412 842 ter
437 807 597 842 distinfta
629 834 638 844 .
665 810 842 843 Minorem
868 807 982 853 probo
1006 806 1125 852 primo
1148 804 1191 840 de
1214 805 1298 842 fide.

357 860 450 893 Nam
465 859 579 894 omnis
596 858 696 894 acius
712 856 794 893 fidei
813 855 861 891 est
885 855 1028 895 credere
1049 855 1184 894 nullum
1212 855 1299 902 defi-

356 907 483 943 derare
493 908 538 942 est
553 909 694 943 credere
708 934 720 942 .
744 906 799 941 De
825 904 1000 940 charitate
1021 905 1195 952 probatur
1213 919 1225 947 ;
1253 906 1294 941 fi-

355 958 498 1004 quidem
513 957 669 994 charitas
686 958 733 993 est
751 956 911 1003 suprema
931 956 1046 990 virtus
1062 953 1240 999 affeEtiva,
1257 957 1292 992 8<

357 1020 418 1056 per
429 1007 650 1054 consequens
663 1006 849 1053 supremus
862 1015 957 1040 amor
967 1004 1160 1041 habitualis
1172 1019 1182 1042 z
1195 1018 1294 1043 amor

355 1069 472 1093 autem
492 1060 652 1094 amicitiae
670 1058 719 1094 est
731 1056 935 1103 {impliciter
953 1055 1144 1102 perfefflor
1173 1068 1292 1093 amore

354 1110 817 1154 concupiscentiaezcharitas
830 1107 944 1151 igitur
959 1105 1103 1141 inclinat
1118 1106 1160 1141 ad
1175 1119 1293 1146 arnan-

352 1160 436 1197 dum
450 1160 649 1207 simpliciter
665 1171 783 1197 amore
809 1155 973 1192 amicitiae
991 1167 1000 1190 :
1031 1155 1089 1191 sed
1102 1156 1295 1195 desiderare

351 1211 485 1247 bonum
500 1211 678 1249 infinitum
693 1211 761 1248 effe
775 1208 859 1242 mihi
875 1207 1010 1240 bonum
1028 1232 1039 1247 ‚
1052 1217 1123 1241 non
1136 1206 1185 1242 est
1201 1222 1300 1246 amor

350 1262 541 1303 amicitiae,
566 1275 631 1298 nec
656 1262 703 1299 est
729 1258 960 1296 nobiliffimus
991 1280 1003 1295 ‚
1032 1256 1117 1302 quia
1139 1259 1297 1296 nobilius

348 1310 414 1358 effi
429 1311 536 1347 habet
555 1312 642 1347 illud
669 1309 849 1356 objeftum
875 1307 908 1340 in
939 1304 971 1339 se
987 1330 998 1345 ‚
1019 1318 1129 1354 quam
1161 1306 1293 1345 habeat

347 1362 382 1397 in
402 1363 497 1401 alio3
521 1363 712 1408 taieigitur
727 1356 925 1404 desiderare
938 1354 1007 1390 effe
1033 1357 1159 1406 nequit
1186 1358 1290 1396 aetus

347 1412 528 1447 chariratis
541 1437 551 1446 .

448 1461 609 1508 Deinde,
633 1462 721 1496 citra
742 1454 1040 1492 raledefiderium
1071 1455 1139 1493 effe
1172 1459 1288 1506 potest

349 1512 448 1548 aftus
461 1512 640 1547 chariratis
658 1506 817 1546 intensus
836 1531 847 1548 ,
879 1505 1045 1542 remissus
1070 1506 1105 1542 8(
1132 1509 1285 1547 medius.

348 1563 403 1598 De
418 1561 560 1598 remisso
573 1572 666 1608 patet
681 1587 691 1603 ,
716 1559 800 1605 quia
830 1554 972 1592 remisse
999 1556 1088 1593 velle
1107 1556 1284 1604 possum-2

347 1614 466 1650 Deum
493 1614 526 1647 in
555 1612 588 1648 fe
611 1612 683 1647 esse
710 1610 843 1643 bonum
867 1631 879 1647 ‚
900 1616 971 1640 00¹¹!
998 1607 1286 1654 concupiscendo

345 1662 432 1698 illud
449 1662 533 1696 milii
551 1687 560 1696 .
578 1661 748 1698 Similiter
762 1655 812 1692 est
828 1654 974 1691 evidens
999 1656 1042 1691 de
1063 1657 1182 1693 medio
1196 1686 1207 1695 .
1227 1662 1284 1696 De

347 1713 511 1758 supremo
527 1713 730 1758 probatum
759 1709 858 1743 Nam
883 1707 982 1741 Deus
1010 1704 1143 1744 summe
1168 1708 1282 1756 diligit

346 1762 378 1798 se
395 1788 405 1803 ‚
438 1762 470 1796 8(
488 1761 624 1797 summe
639 1762 765 1796 beatus
780 1755 830 1791 est
848 1768 864 1797 ς
888 1756 921 1791 8(
937 1758 1100 1793 tamenin
1125 1758 1191 1793 hoc
1209 1771 1282 1797 non

344 1810 514 1848 deiiderat
527 1811 722 1847 tbrmaliter
738 1807 771 1843 se
797 1805 871 1842 esse
896 1807 1032 1842 bonum
1055 1808 1116 1843 alii
1138 1811 1285 1850 amanti3

343 1873 407 1898 nec
419 1859 498 1895 sane
514 1871 656 1909 oportet
681 1859 878 1907 potentiam
903 1858 1017 1894 libere
1041 1869 1200 1905 agentem
1224 1872 1285 1896 ne·

343 1910 494 1950 cessario
506 1923 611 1957 agere
624 1920 798 1956 quantum
813 1905 944 1956 potest.
958 1907 1163 1944 Probantur
1176 1910 1284 1946 etiam

342 1961 418 2000 haec
431 1964 585 1997 membra
605 1973 666 2007 per
682 1960 751 1994 hoc
765 1983 781 1998 ,
804 1960 889 2006 quia
906 1969 978 1994 non
991 1956 1040 1993 est
1053 1958 1194 1995 necesse
1219 1971 1287 1995 vo-

340 2012 513 2051 luntatem
531 2011 662 2046 habere
690 2017 781 2044 duos
807 2009 906 2045 aetus
934 2008 970 2043 in
1000 2007 1033 2044 se
1048 2020 1060 2049 3
1090 2007 1149 2044 sed
1177 2008 1279 2045 aetus

343 2060 483 2099 amandi
499 2062 659 2098 Deumin
678 2059 709 2094 fe
725 2086 736 2100 ‚
766 2058 801 2094 8(
817 2057 1034 2095 defiderandi
1050 2071 1130 2094 eum
1149 2061 1282 2095 amanti

343 2114 423 2151 sunt
441 2110 515 2147 duo
528 2110 629 2146 aEtus
648 2123 661 2151 3
682 2109 793 2155 igitur
817 2117 911 2148 unus
940 2108 1013 2145 esse
1041 2108 1158 2156 potest
1180 2108 1282 2146 sine,

342 2165 416 2200 alio
430 2188 440 2198 .

442 2211 625 2248 Postremo
637 2208 906 2257 probaripotest
921 2219 965 2244 ex
981 2206 1139 2247 Anselmi
1151 2208 1281 2245 doftri.

341 2278 384 2302 na
399 2264 442 2299 de
456 2261 533 2307 casu
545 2259 675 2299 diabole
685 2268 757 2307 cap.
778 2270 829 2304 ¹4.
859 2260 905 2301 &¹
930 2259 974 2293 de
996 2258 1201 2301 concordia,
1220 2259 1287 2293 do-

340 2316 453 2352 centis
475 2312 614 2348 duabus
636 2309 885 2346 affeetionibus
912 2307 1091 2354 praeditam
1117 2307 1190 2343 esse
1219 2319 1283 2343 vo·

340 2368 513 2405 luntatem
525 2388 539 2409 ρ
561 2372 716 2413 quarum
727 2360 837 2397 altera
850 2358 899 2397 est
914 2355 1057 2395 affefkio
1069 2356 1281 2410 justiriaessl.

1035 140 1215 192 Summae
1249 139 1436 207 Joannis
1465 143 1592 188 Dum
1608 142 1726 188 Scoti

1372 223 1447 246 tera
1459 210 1639 245 commodi
1656 223 1667 250 ς
1686 207 1841 244 nobilior
1859 207 1907 243 est
1925 219 2044 245 autem
2056 206 2197 245 affeffio
2211 209 2316 256 justi-

1372 264 1425 295 tiae
1445 288 1454 302 ‚
1485 271 1555 295 non
1573 259 1685 294 solum
1702 258 1935 301 intelligendo
1948 259 1991 294 de
2009 259 2178 305 acquisita
2203 261 2236 296 8<
2259 262 2313 296 in-

1372 310 1447 346 fusa
1463 337 1474 352 ,
1505 309 1560 345 sed
1573 311 1678 345 etiam
1691 310 1732 343 de
1747 310 1866 343 innata
1882 335 1893 351 ,
1923 322 2002 355 quae
2016 309 2063 345 est
2086 311 2227 345 libertas
2256 311 2312 345 in—

1370 362 1492 408 genita
1509 386 1519 401 ,
1534 372 1604 405 qua
1616 360 1768 406 quisque
1782 358 1874 395 velle
1886 360 1995 406 potest
2012 360 2156 405 aliquod
2172 361 2308 397 bonum

1370 424 1440 448 non
1455 412 1487 445 in
1499 410 1625 446 ordine
1638 410 1681 444 ad
1694 409 1726 446 se
1744 421 1756 448 ς
1783 418 1818 442 at
1834 409 2013 446 commodi
2026 408 2210 445 affefilione
2235 411 2307 446 vel-

1371 463 1403 497 le
1415 473 1484 496 non
1500 461 1613 506 potest
1629 487 1640 502 ‚
1668 460 1727 495 nisi
1742 460 1776 493 in
1788 460 1909 495 ordine
1926 460 1969 494 ad
1987 459 2044 500 seg
2070 461 2102 495 8<
2125 460 2216 495 hanc
2243 459 2307 496 ha-

1370 515 1469 549 berer
1484 511 1504 545 ii
1519 510 1607 546 esset
1625 509 1765 556 praecise
1782 510 1959 556 appetitus
1982 511 2221 545 intelleffivus
2245 523 2306 546 ex.

1369 573 1449 609 pers
1465 562 1649 596 libertatis.
1670 560 1796 607 ltaque
1808 559 1978 605 quoniam
1993 571 2109 595 amare
2121 559 2255 606 aliquid
2268 561 2304 596 in

1371 614 1404 651 se
1416 612 1464 649 est
1480 610 1581 647 aelus
1601 611 1743 646 liberior
1758 634 1769 649 ‚
1796 611 1830 646 8(
1846 609 1955 653 magis
1968 610 2306 653 communicativus,

1370 672 1481 710 quam
1506 659 1698 697 defiderare
1724 660 1810 696 illud
1833 661 1895 696 fibi
1922 658 2103 704 magisque
2129 662 2306 698 voluntati

1370 712 1588 750 conveniens
1600 737 1610 751 ,
1635 722 1813 758 quatenus
1829 708 1975 758 praedita
1987 707 2034 743 est
2047 706 2233 746 affeftione
2246 711 2304 758 ju-

1371 765 1472 801 stitiae
1491 776 1502 803 ς
1532 762 1621 798 alius
1638 774 1725 799 vero
1742 759 1842 796 aelus
1857 757 2034 794 consonus
2051 757 2097 793 est
2111 761 2304 805 voluntati,

1370 826 1409 850 ut
1425 813 1535 861 pollet
1565 812 1743 848 commodi
1766 810 1976 849 affeetione3
2001 807 2303 854 quemadmodum

1369 866 1436 900 illae
1448 862 1651 899 affectiones
1665 859 1927 897 suntdistinGlae
1945 860 1981 894 in
2009 858 2196 895 voluntate
2214 874 2226 901 ;
2252 861 2302 898 ita

1367 917 1399 950 8<
1427 915 1574 951 habitus
1597 913 1806 949 inclinantes
1839 909 1882 944 ad
1909 908 2009 944 aetus
2049 909 2182 954 cuique
2220 923 2303 948 con,

1365 975 1535 1011 gruentes
1560 989 1573 1008 ‚
1611 973 1754 1008 oportet
1781 960 1847 998 effe
1874 958 2059 995 distinetos
2076 970 2089 998 ς
2113 958 2189 995 fieri
2215 973 2302 1006 ergo

1363 1027 1434 1052 non
1449 1013 1561 1060 potest
1577 1025 1616 1049 ut
1633 1011 1702 1061 spei
1717 1011 1862 1048 habitus
1874 1037 1885 1054 ,
1900 1009 1938 1045 sit
1953 1008 2147 1046 formaliter
2157 1009 2305 1050 habitus

1365 1065 1550 1104 chariratis
1565 1090 1575 1100 .

1467 1115 1525 1154 Ad
1542 1124 1752 1159 argumenta
1769 1142 1776 1149 .
1797 1113 1854 1151 Ad
1870 1113 2020 1159 primum
2033 1108 2228 1156 respondeo
2250 1111 2304 1149 efi-

1373 1165 1477 1202 sehic
1491 1164 1718 1201 necessariam
1742 1164 1981 1210 pluralitatem
2008 1187 2018 1196 .
2040 1159 2098 1199 Ad
2120 1166 2303 1210 primam-2

1372 1216 1624 1265 probationem
1637 1216 1672 1249 in
1685 1214 1883 1262 oppofitum
1901 1240 1911 1256 ,
1923 1223 2020 1260 patet
2033 1225 2077 1249 ex
2093 1209 2304 1261 diffis=quia

1370 1266 1622 1313 concupiscere
1635 1264 1692 1298 hic
1708 1291 1716 1304 ‚
1736 1263 1867 1300 scilicet
1880 1264 1965 1299 huic
1977 1263 2026 1298 ibi
2040 1261 2189 1301 sistendo
2202 1293 2214 1308 ,
2227 1261 2303 1301 esse

1367 1318 1493 1363 nequit
1508 1314 1610 1352 aetus
1623 1313 1783 1360 ejusdem
1809 1315 1950 1350 virtutis
1968 1338 1979 1354 ,
2000 1311 2107 1359 cujus
2132 1315 2183 1352 est
2211 1316 2301 1351 velle

1363 1368 1453 1402 illud
1469 1366 1631 1401 ordinate
1646 1365 1681 1398 in
1698 1364 1730 1398 se
1748 1377 1767 1404 3⁷
1781 1365 1861 1399 licet
1875 1363 2127 1411 concupiscere
2142 1367 2201 1403 hic
2216 1366 2302 1404 huic

1362 1428 1402 1453 ut
1414 1429 1475 1465 per
1487 1415 1630 1451 hocine
1645 1413 1765 1448 tendat
1782 1415 1815 1449 in
1831 1413 1915 1448 illud
1930 1438 1942 1455 ,
1961 1423 2002 1449 ut
2020 1412 2070 1448 est
2101 1415 2234 1455 bonum
2265 1418 2301 1454 in

1361 1467 1419 1510 se,
1443 1467 1483 1502 {ir
1495 1464 1595 1500 aetus
1610 1461 1768 1509 ejusdem
1799 1465 1947 1499 virtutis
1977 1491 1985 1498 .
2017 1465 2131 1512 Qod
2159 1468 2304 1505 additur

1359 1516 1573 1554 deamicitia
1586 1511 1758 1559 acquifita
1777 1539 1788 1555 ‚
1816 1511 1928 1559 posset
1942 1514 2013 1549 dici
2028 1514 2219 1555 amicitiam
2245 1531 2305 1556 ac.

1358 1567 1524 1612 quisqam
1540 1591 1552 1607 ‚
1581 1562 1780 1600 &infusam
1793 1562 1861 1599 esse
1875 1564 1984 1600 alium
1998 1589 2011 1606 ,
2037 1574 2147 1612 atque
2159 1571 2304 1608 alium

1355 1617 1522 1654 habitum
1537 1613 1731 1651 formaliter
1746 1638 1756 1648 .

1455 1665 1570 1718 Qod
1584 1663 1728 1699 additur
1738 1662 1780 1698 de
1793 1663 1919 1700 habitu
1933 1664 2031 1714 spei,
2047 1667 2080 1703 8<
2096 1669 2139 1706 de
2150 1674 2302 1711 certitu-

1355 1717 1439 1754 dine
1454 1715 1626 1766 sperantis
1643 1737 1657 1756 ‚
1687 1711 1789 1755 dico,
1815 1714 1911 1749 illam
1926 1741 1937 1756 ,
1959 1729 2086 1765 netrpe
2113 1725 2300 1761 certitudi-

1358 1780 1440 1804 nem
1473 1764 1672 1814 praecedere
1699 1762 1816 1799 aetum
1842 1762 1911 1811 spei
1937 1790 1950 1809 ‚
1982 1768 2013 1802 ἃ
2044 1768 2300 1817 desperationis

1358 1829 1468 1853 nemo
1483 1818 1574 1853 enim
1587 1812 1778 1849 efficaciter
1793 1812 1827 1848 8(
1846 1814 2009 1853 absolute
2025 1818 2222 1868 desiderat,
2234 1826 2298 1863 nili

1358 1867 1519 1914 pofflbile
1531 1864 1658 1909 attingi
1674 1890 1687 1906 ,
1710 1863 1744 1899 ἃ
1763 1862 1841 1898 ideo
1859 1866 2090 1911 persuadetur
2109 1871 2299 1922 desperan„

1356 1918 1407 1957 ti,
1433 1928 1472 1952 ut
1489 1915 1611 1953 credat
1625 1939 1637 1955 ‚
1661 1925 1730 1950 non
1747 1924 1786 1949 ut
1799 1912 1926 1961 diligat
1939 1932 1950 1959 ς
1964 1920 2048 1963 quia
2062 1924 2173 1966 prima
2191 1928 2299 1967 radrx

1355 1965 1467 2012 hujus
1482 1968 1614 2003 erroris
1628 1990 1638 2006 ‚
1665 1964 1797 2000 scilicet
1814 1967 1913 2011 quod
1932 1980 2000 2003 non
2016 1970 2178 2010 absolute
2205 1977 2296 2016 defi-

1355 2017 1452 2053 deret
1465 2044 1476 2059 ,
1501 2028 1564 2053 nec
1576 2014 1764 2052 efficaciter
1778 2040 1788 2054 ,
1814 2026 1854 2050 ut
1866 2029 2051 2064 oporteret
2072 2049 2080 2063 ‚
2109 2036 2181 2059 non
2195 2027 2242 2062 est
2258 2032 2294 2068 in

1355 2068 1540 2102 volunrare
1558 2093 1568 2108 ,
1594 2065 1654 2101 sed
1680 2065 1715 2099 in
1746 2065 1927 2103 intelleelu
1944 2094 1955 2110 ,
1977 2072 2063 2115 quia
2091 2073 2295 2115 intellee'ms

1353 2128 1426 2151 non
1439 2116 1592 2152 ostendit
1616 2113 1706 2150 illud
1731 2113 1942 2160 efficaciter,
1964 2129 2135 2167 tanquam
2162 2125 2294 2167 deside.

1354 2167 1502 2202 randum
1518 2192 1527 2201 .

1453 2217 1496 2252 Er
1508 2229 1571 2262 per
1586 2215 1679 2251 idem
1696 2225 1794 2261 paret
1807 2215 1850 2250 ad
1866 2216 1953 2253 illud
1979 2217 2023 2254 de
2044 2221 2233 2263 universali
2255 2229 2291 2267 Sc

1354 2267 1559 2311 particulari
1571 2265 1675 2311 ‚quia
1690 2264 1832 2300 credere
1846 2279 1900 2303 me
1911 2265 2044 2312 justum
2061 2270 2213 2313 finaliter
2227 2277 2292 2314 sal·

1352 2316 1513 2350 vandum
1533 2340 1545 2357 ,
1567 2325 1641 2351 non
1655 2313 1702 2349 est
1719 2313 1779 2348 nili
1793 2313 1879 2353 fides
1894 2318 2072 2365 applicata
2086 2321 2126 2357 ad
2154 2328 2292 2374 aliqum

1353 2366 1568 2413 particulare
1589 2378 1601 2401 z
1616 2363 1674 2401 sed
1693 2362 1888 2407 defiderare
1899 2367 1969 2408 hoe
1981 2370 2030 2410 est
2054 2371 2153 2417 aelus
2174 2376 2267 2429 spei.
2295 2391 2297 2393 ·

2117 3837 2262 3889 ωε·

2344 1287 2529 1324 Auula-itiam„⁸

2332 1326 2451 1357 infusam
2471 1330 2528 1360 for.

2334 1365 2445 1396 maliter
2484 1369 2529 1398 di.

2333 1403 2474 1442 stingurab
2488 1416 2531 1438 ace

2333 1443 2433 1483 quisita
2444 1463 2455 1475 .

2331 1631 2429 1662 Nemo
2463 1634 2524 1664 effi.

2325 1670 2427 1700 caciter
2455 1670 2524 1702 defi-

2325 1708 2404 1737 dcrat
2419 1709 2525 1748 aliquid

2325 1747 2373 1776 nisi
2384 1747 2524 1778 ostensum

2325 1793 2357 1816 ut
2375 1785 2523 1826 poffibile.
