2663 4083
0 499 14 511 Ἰ.
53 473 171 508 -Ultima
186 470 278 511 perfe-

0 531 14 550 ;-
46 510 215 542 stionaturae
235 509 279 538 in-

46 550 282 581 telleRualis‚ttni,

45 598 79 618 ea
104 589 155 618 effe
181 588 282 625 potest,

49 629 90 655 uti
113 629 141 656 δι
167 628 280 655 unicum

45 665 208 705 supremum
230 676 281 705 ap-

49 705 164 745 petibile
178 724 190 741 .,

0 1494 5 1513 *
15 1497 17 1529 ³

68 2398 217 2437 Appetitas
240 2395 301 2426 sen-

24 2467 26 2470 ,
69 2438 164 2467 fitivus
177 2437 263 2465 fertur
275 2436 303 2462 in

6 2477 30 2493 ⁰⁷
68 2473 220 2515 appetibile
235 2482 302 2511 pro-

6 2532 10 2546 ι
26 2545 30 2554 ,
67 2524 131 2553 Ptcr
173 2521 304 2541 naturam

12 2530 28 2578 i*
70 2556 146 2591 cujus
157 2551 192 2581 est
203 2571 211 2579 .
228 2552 306 2579 Con-

71 2599 114 2621 tra
137 2599 206 2619 vero
224 2589 305 2617 inrel-

72 2630 189 2659 leffivut
202 2636 307 2665 appetit

72 2668 183 2698 sumum
199 2668 307 2704 appeti-

75 2707 132 2736 bile
155 2706 242 2743 gratia
267 2706 308 2741 ip-

75 2746 141 2774 sius.
154 2745 198 2771 De
210 2752 264 2779 qua
280 2751 309 2771 re

75 2783 188 2814 Doeor
203 2783 310 2817 3.d.27.

77 2832 104 2861 q.
114 2821 202 2851 Unica
212 2828 269 2854 art.
280 2828 292 2856 3
303 2838 312 2848 .

379 127 404 173 8
910 112 1094 170 'Summae
1129 118 1318 190 Joannis
1352 124 1483 170 Dans
1509 124 1628 173 Scoti
1648 129 1666 172 ξ

307 192 436 238 quia,st
452 204 565 228 unum
576 205 622 228 ex
633 193 683 229 eis
699 202 863 230 naturam
879 192 960 229 finis
975 190 1095 226 ultimi
1110 185 1255 225 habuis·

308 243 358 278 set
374 263 397 285 ,-
408 243 480 289 jam
496 243 632 278 nullum
646 244 752 279 alium
769 242 1006 290 quaestvifl'ent
1017 265 1029 284 ‚
1049 251 1090 277 ac
1102 237 1253 288 proinde

308 294 428 339 plures
449 294 634 340 opinantes
648 294 714 329 effe
731 296 875 331 ultimos
887 293 975 329 fines
987 319 996 333 ‚
1012 304 1057 328 ex
1069 290 1187 326 verbis
1199 289 1254 335 ip-

309 342 428 379 sorum
444 345 718 380 revincebantur
729 344 770 379 de
784 345 930 380 falsitate
941 342 1138 391 opinionis,
1151 340 1257 385 quip-

311 405 355 440 pe
368 405 450 439 quae
465 393 713 430 destruebatur
726 395 795 431 hoc
806 393 884 442 ipso
894 419 907 439 ,
918 392 1017 441 quod
1031 392 1165 428 ultimo
1177 387 1256 430 fini,

311 443 399 480 alios
417 443 699 490 superaddebant
715 471 725 480 .

412 495 470 531 Ad
483 495 628 531 tertium
641 495 809 537 dicimus,
819 504 985 541 oportere
999 490 1144 528 omnino
1155 499 1260 525 natu‹

315 557 362 580 rae
378 542 628 580 intelleetualis
655 545 799 582 unicam
830 544 897 581 effe
913 544 1122 583 maximam,
1137 540 1260 596 supte-

314 606 479 640 mamque
494 595 749 641 perfefflonem
762 623 775 640 ‚
800 592 1102 642 quemadmodum
1130 592 1165 628 8(
1182 599 1263 626 um·

315 656 396 681 cum
411 644 461 681 est
474 644 678 691 supremum
690 646 882 694 appetibile
898 644 1100 691 {impliciter
1114 647 1264 691 propter

316 696 351 731 se
362 695 555 731 volendum
585 719 594 729 .
621 697 665 731 Et
678 698 844 744 quamvis
859 695 934 730 haec
950 702 1077 730 natur-a
1100 691 1264 741 pluribus

316 744 466 794 praedita
481 746 520 782 stt
532 747 702 793 potentiis
718 773 731 789 ‚
757 759 880 784 earum
894 755 1012 780 tamen
1025 743 1265 790 potentiarum

317 796 466 832 unicum
479 796 529 832 est
540 795 725 842 objeeium
735 793 1095 844 quietativum,quod
1107 790 1157 828 est
1171 790 1265 847 smn-

319 859 416 882 mum
430 848 588 887 bonum3
616 849 652 882 in
669 859 711 881 eo
726 848 835 892 igitur
846 847 937 882 clare
953 844 1029 881 viso
1043 838 1266 890 conquiescit

316 897 523 932 inteneetus
534 922 547 938 ,
564 899 596 933 8<
611 897 780 934 voluntas
793 899 956 934 ultimate
970 893 1156 943 perficitur
1169 900 1250 927 amo

319 957 356 982 re
370 947 482 982 eidem
499 948 705 983 inhaerendo
715 959 863 995 propter
876 947 910 983 se
924 973 934 989 ‚
962 958 1000 982 ac
1015 943 1163 993 proinde
1174 951 1267 988 quo-

318 997 413 1032 niam
430 998 518 1032 nulli
534 998 650 1039 alteri,
663 1000 707 1033 ab
723 999 800 1040 illo,
811 999 886 1033 haec
900 1007 1097 1042 congruere
1112 992 1270 1042 possunt,

322 1058 388 1082 nec
402 1048 499 1083 aliud
510 1049 616 1085 habet
631 1049 806 1085 rationem
821 1048 937 1084 ultimi
951 1046 1029 1083 finis
1047 1059 1059 1086 ;
1073 1045 1122 1081 est
1139 1044 1269 1080 volun·

321 1107 377 1132 tas
404 1110 468 1144 pro
493 1098 544 1134 sui
565 1101 723 1135 libertate
745 1101 951 1146 cuicunque
982 1096 1083 1132 alteri
1107 1096 1141 1130 id
1169 1093 1272 1130 attri-

323 1148 435 1183 buere
447 1160 597 1185 conetur
628 1175 637 1184 .
663 1148 731 1183 Ftfi
748 1150 840 1185 enim
855 1151 888 1184 in
905 1147 1013 1195 ipfius
1040 1147 1216 1194 potestate
1231 1143 1271 1179 stt

326 1200 420 1234 velle
431 1198 526 1242 hoc,
553 1211 614 1236 aut
629 1198 716 1234 illud
731 1224 741 1238 ,
774 1201 807 1236 8<
835 1201 942 1234 etiam
958 1196 1086 1234 modus
1113 1195 1272 1237 volendi,

326 1260 398 1284 non
411 1249 458 1284 est
475 1260 596 1286 tamen
610 1251 644 1284 in
660 1249 767 1290 ipsius
785 1249 958 1293 potestate
975 1274 987 1290 ,
999 1247 1085 1294 quid
1100 1248 1137 1284 fit
1152 1247 1272 1282 volen-

327 1299 412 1335 dum
427 1325 440 1342 ,
467 1299 500 1334 8(
515 1300 765 1347 maximequid
784 1300 823 1335 fit
838 1300 971 1335 summe
990 1299 1181 1334 volendum
1198 1309 1210 1337 3
1236 1294 1272 1331 id
1302 1310 1315 1314 2

327 1351 421 1385 enim
435 1351 596 1394 praecedit
607 1349 931 1387 determinationem
944 1348 1195 1394 cujuscunque
1206 1357 1273 1381 vo-

327 1401 498 1440 luntatiss
526 1402 563 1438 ’.ι’
569 1413 581 1437 t
594 1401 698 1437 etiam
712 1400 862 1437 articulo
883 1399 1097 1448 praecedenti
1125 1407 1273 1434 annota-

329 1461 404 1486 tum
417 1449 486 1486 suit
500 1477 509 1486 .

429 1501 488 1536 Ad
501 1512 667 1547 quartum
686 1501 837 1539 dicimus
851 1528 863 1544 ‚
889 1515 959 1538 non
973 1514 1140 1552 oportere
1167 1499 1273 1547 juxta

329 1549 488 1587 ordinem
509 1564 716 1588 naturatum
732 1553 798 1588 effe
827 1553 1019 1599 perfeetum
1047 1552 1272 1590 extrinseca-³

330 1604 507 1648 complete
521 1630 530 1642 ‚
557 1604 589 1638 ἃ
605 1604 757 1638 maxime
771 1603 975 1641 perficentia
994 1632 1004 1646 ,
1026 1603 1082 1640 sed
1096 1603 1178 1638 satis
1191 1602 1272 1643 esse,

332 1663 372 1688 m
383 1652 580 1688 intrinseca:
590 1652 823 1693 netfeffliones
840 1652 1003 1689 secundae
1016 1679 1027 1695 ,
1042 1652 1272 1698 conjungen·

328 1713 381 1738 tes
406 1713 487 1737 cum
514 1702 711 1749 perfeffivo
733 1700 934 1737 extrinseco
971 1702 1271 1748 correspondeant

328 1752 502 1798 gradibus
519 1752 780 1796 perfeetionum
797 1751 992 1797 primarum
1007 1766 1019 1786 =
1046 1753 1144 1786 &ita
1156 1751 1273 1797 perse-

329 1802 461 1839 &iores
473 1814 578 1838 erunt
596 1829 607 1845 ‚
626 1800 727 1846 juxta
741 1800 811 1833 hoc
829 1801 962 1836 lumine
976 1801 1130 1836 naturali
1145 1809 1270 1834 notum

328 1852 544 1900 principium
563 1878 574 1893 ‚
600 1851 823 1898 operationes
860 1850 1206 1896 intelligentiarum,
1233 1859 1274 1883 ac

330 1903 519 1939 hominum
536 1900 602 1937 esse
614 1909 747 1948 queant
765 1900 992 1947 perfeffiores
1011 1929 1021 1945 ‚
1033 1902 1146 1938 veluti
1160 1912 1178 1934 a
1191 1910 1273 1948 per-

334 1951 544 1988 feetioribus
560 1951 730 2000 potentiis
745 1949 978 1996 procedentes
994 1980 999 1986 .
1014 1952 1195 2000 Quamvis
1207 1961 1273 1986 au·

331 2003 449 2039 temin
464 2001 670 2038 substantiis
697 2000 866 2047 perfefitio
879 2003 990 2047 prima
1013 2003 1052 2038 fit
1071 2001 1274 2050 {impliciter

329 2052 522 2103 perfeetior
556 2062 773 2098 quacunque
805 2052 1020 2097 perfeetione
1044 2052 1194 2089 secunda
1219 2053 1274 2086 in·

331 2101 505 2143 trinseca;
533 2113 688 2137 attamen
702 2112 741 2136 ea
756 2112 826 2135 non
857 2100 907 2138 est
937 2104 1060 2139 ultima
1084 2102 1273 2153 perfeffio,

332 2154 416 2200 qnia
446 2151 517 2200 ipsa
548 2152 670 2188 habita
692 2173 706 2193 ‚
726 2150 843 2187 adhuc
874 2153 1109 2201 expe-statur,
1132 2165 1273 2200 atque,

323 2205 512 2251 'appetitur
537 2203 688 2238 ulterior
711 2201 881 2248 perfeffio
904 2229 912 2238 .
935 2205 1098 2241 Secunda
1133 2206 1275 2241 etiam-a

331 2254 520 2303 perfeetio,
537 2253 596 2289 etii
611 2264 680 2287 non
696 2252 730 2287 in
746 2250 777 2287 se
793 2252 986 2290 formaliter
998 2281 1007 2296 ‚
1021 2266 1138 2292 tamen
1154 2267 1191 2291 ut
1206 2256 1276 2290 im-

334 2304 522 2340 mediatius
537 2302 742 2350 perfeetiori
753 2300 945 2349 conjungit
959 2331 971 2348 ‚
984 2303 1031 2340 est
1043 2305 1275 2353 quodamodo

334 2353 553 2402 perfeffione
566 2355 675 2400 prima
691 2353 927 2400 appetibilior,
938 2366 1117 2401 quatenus
1128 2356 1175 2392 est
1187 2356 1273 2401 quid

338 2403 587 2441 immediatum
610 2403 654 2438 ad
668 2404 857 2449 appetibile
886 2405 1123 2442 extrinsecum
1149 2420 1159 2444 ε
1185 2408 1278 2455 Spe-

338 2455 474 2491 cialiter
495 2465 613 2489 tamen
631 2452 723 2489 istud
737 2452 786 2489 est
800 2465 922 2490 vetum
935 2456 977 2491 de
990 2458 1277 2504 voluntate,quia

336 2506 548 2552 quicunque
565 2505 655 2539 alius
668 2504 848 2550 appetitus
861 2507 994 2553 appetit
1006 2507 1277 2545 extrinsecum„

337 2566 485 2604 propter
499 2565 661 2590 naturam
678 2580 690 2595 ‚
714 2551 820 2599 cujus
836 2555 884 2590 est
916 2559 1094 2604 appetitus
1110 2585 1119 2600 ,
1148 2560 1180 2594 8<
1197 2558 1278 2594 ideo

339 2619 410 2642 non
440 2602 632 2651 conjungit
658 2603 764 2640 alicui
803 2604 1003 2651 {impliciter
1028 2609 1278 2655 appetibiliori,

339 2668 447 2703 quarn
465 2654 503 2689 stt
519 2653 584 2700 effe
599 2665 728 2689 natutae
740 2653 844 2699 cujus
857 2656 904 2691 est
926 2684 934 2692 .
964 2658 1143 2694 Voluntas
1160 2671 1276 2696 autem

341 2717 433 2743 amat
445 2705 578 2751 aliquid
596 2704 752 2738 nobilius
772 2704 802 2740 se
817 2732 825 2744 ‚
852 2706 885 2741 8(
919 2708 1103 2755 plusquam
1128 2720 1280 2748 natura,

340 2759 435 2792 illius
451 2782 462 2798 ,
484 2752 593 2799 cujus
607 2753 655 2789 est
669 2780 679 2795 ,
704 2755 737 2789 8<
757 2767 940 2803 propterea
957 2758 1148 2806 conjungit
1172 2774 1281 2812 appe-

340 2806 550 2892 tibssipgb&
570 2805 604 2839 in
619 2803 667 2847 se,
691 2804 727 2842 8<
743 2805 828 2848 nbi,
849 2818 897 2853 qu
914 2820 957 2843 :m
982 2808 1022 2845 stt
1047 2822 1171 2848 natura
1185 2840 1199 2857 ‚
1220 2827 1287 2851 cu-

340 2868 430 2904 Juse
478 2882 488 2893 .

502 2953 1009 2997 ARTICULUS
1061 2961 1130 2998 Vl.

453 3055 588 3092 Utrum
604 3055 714 3091 homo
725 3057 841 3091 onmia
852 3085 865 3102 ‚
878 3071 958 3106 quae
974 3063 1049 3097 vult
1061 3089 1072 3104 ,
1096 3064 1182 3099 velit

588 3118 732 3155 propter
748 3107 910 3146 ultimum
930 3110 1033 3148 finem
1051 3139 1062 3150 .

446 3207 620 3253 Doflor4.
642 3207 676 3243 d.
690 3219 747 3253 49.
761 3219 799 3253 q.
825 3220 880 3245 to.
894 3217 932 3250 ff.
950 3212 1067 3249 Exhis
1081 3213 1200 3262 sequi·

498 3267 558 3293 tur
573 3260 752 3306 mRepor.
766 3259 850 3294 ibid.
869 3272 899 3307 q.
921 3274 952 3307 9.
968 3263 1003 3297 S.
1027 3263 1144 3301 Thom.

654 3319 685 3344 1.
704 3319 739 3343 z.
754 3320 787 3355 q.
809 3321 838 3345 ι.
854 3320 924 3346 art.
946 3311 982 3346 6.

354 3405 593 3498 Vldetur
627 3411 745 3445 omnia
769 3420 850 3454 qua:
887 3422 1301 3465 appetuntur‚.proptcr

485 3459 650 3494 ultimum
664 3460 767 3495 finem
782 3461 900 3507 appeti
927 3486 935 3494 .
968 3460 1151 3501 Etenimid
1175 3468 1299 3505 diserte

356 3510 515 3543 traditur
538 3510 584 3543 ab
607 3510 839 3554 Augustin0‚
867 3522 920 3551 13.
949 3513 991 3547 de
1008 3515 1110 3551 Trin.
1137 3529 1216 3564 cap.
1249 3530 1303 3564 ις.

357 3560 488 3596 Omnes
506 3581 517 3599 ,
541 3559 599 3605 inq
608 3561 707 3595 niens
722 3587 731 3601 ‚
759 3558 855 3595 beati
866 3561 929 3607 ‘’sfi'
942 3564 1064 3599 volunt
1078 3590 1087 3604 ,
1105 3565 1148 3604 &⁶
1161 3577 1303 3615 propter

359 3609 420 3644 hoc
434 3616 558 3645 caetera
571 3620 783 3657 quaecunque
796 3618 963 3657 appetunt
975 3639 983 3648 .
1004 3615 1012 3647 Ι
1019 3615 1116 3658 gitur
1130 3620 1237 3663 quicq
1245 3620 1305 3654 uid

359 3659 522 3745 homgnes
533 3670 731 3705 appetunt,
743 3662 788 3695 ab
798 3662 850 3696 cis
863 3674 1010 3710 propter
1023 3665 1186 3703 ultimum
1200 3668 1305 3706 finem

362 3711 429 3746 defi
459 3720 578 3744 eratut
594 3735 603 3744 .

470 3760 643 3796 Praeterea
656 3786 667 3801 ,
692 3760 911 3809 Principium
924 3763 959 3799 in
971 3776 1192 3816 unoquoque
1204 3782 1311 3817 gene·

1327 201 1364 226 re
1375 190 1427 226 est
1441 190 1546 227 causa
1556 194 1704 230 aliorum
1717 192 1752 228 in
1768 192 1830 229 illo
1846 191 1972 229 ordine
1988 204 2001 230 z
2022 192 2135 241 igitur
2150 191 2187 227 in
2212 201 2277 237 ge-

1327 252 1411 277 nere
1422 243 1670 289 appetibilium
1684 270 1696 286 ,
1728 256 1809 279 cum
1827 243 1982 291 primum
2006 243 2206 279 (itultimus
2232 240 2269 276 fi-

1329 293 1384 326 nis
1400 318 1409 332 ‚
1421 292 1486 327 erit
1501 293 1530 326 is
1541 295 1644 330 causa
1656 295 1931 342 appetibilitatis
1943 296 1977 329 in
1994 295 2070 329 aliis
2084 320 2094 336 ,
2112 293 2275 340 adeoque

1327 343 1446 377 omnia
1458 342 1601 389 prorsus
1611 355 1755 394 propter
1769 343 1883 392 ipsum
1896 355 2112 391 appetantur
2123 354 2278 391 oportet.

1431 393 1604 430 Praeterea
1615 422 1625 437 ,
1647 396 1684 433 Si
1697 395 1833 441 aliquid
1846 395 1943 431 aliud
1958 406 2189 441 appeteretur
2202 421 2214 436 ‚
2242 395 2279 428 &

1328 454 1401 477 non
1415 453 1563 490 propter
1575 447 1740 481 ultimum
1754 446 1861 481 finem
1877 459 1889 486 ;
1913 446 2026 489 igitur
2039 444 2127 479 illud
2143 470 2154 485 ,
2169 456 2210 479 ur
2226 445 2278 480 ul.

1331 494 1443 528 timus
1458 492 1538 529 finis
1551 505 1780 543 appeteretur
1805 508 1815 530 :
1837 497 1919 530 Hoc
1934 505 2054 530 autem
2072 494 2120 530 est
2134 493 2280 535 falsum3

1335 555 1379 578 ex
1389 545 1620 592 art.praeced.
1636 557 1722 592 ergo
1734 544 1912 591 quicquid
1936 543 2048 580 homo
2076 546 2156 582 vult
2168 571 2179 587 ‚
2199 556 2283 593 pro-

1333 606 1412 643 pter
1424 596 1592 630 ultimum
1607 598 1743 643 appetit
1754 595 1861 630 finem
1873 620 1884 631 .
2352 636 2353 639 Ἰ
2383 626 2404 652 B
2417 625 2463 652 Th

1435 645 1574 680 Contra
1601 672 1609 685 ‚
1644 649 1730 683 Non
1759 657 1887 681 omnes
1911 655 2120 693 appetentes
2147 655 2284 692 cogno·
2309 633 2545 702 ῗὲξφνῐηιῧῖῧς

1338 694 1442 732 scunt
1468 696 1638 738 ultimum
1664 695 1795 736 finem3
1817 707 1904 741 ergo
1934 707 2003 732 non
2025 708 2130 732 omne
2150 722 2160 737 ,
2182 694 2285 744 quod

1337 746 1448 783 horno
1463 746 1567 788 vult,
1593 756 1653 782 aut
1680 746 1793 787 facit,
1818 749 1980 794 appetit,
2001 758 2063 783 aut
2089 747 2284 794 exequitur

1338 807 1488 846 propter
1513 796 1681 832 ultimum
1706 795 1814 832 finem
1837 823 1848 833 .
1872 794 2010 832 Rursus
2034 822 2046 839 ,
2076 798 2184 833 Tunc
2211 796 2286 833 duo

1341 848 1443 884 acilus
1455 847 1556 883 simul
1568 846 1678 883 effent
1692 848 1726 883 in
1742 847 1932 883 voluntate
1946 873 1958 889 ‚
1983 846 2085 894 quod
2102 847 2150 882 est
2160 847 2288 882 incon-

1342 901 1492 936 veniens
1508 909 1520 938 3
1543 911 1614 934 non
1626 900 1720 935 enim
1732 910 1900 945 appetere
1913 897 2026 946 potest
2041 908 2185 945 propter
2209 897 2287 932 feli·

1343 952 1502 990 citatem,
1526 960 1588 985 aut
1616 948 1902 989 beatitudinem,
1920 949 1980 984 nisi
2007 948 2138 984 habeat
2167 945 2292 983 aftum

1342 1001 1466 1042 illum,
1494 1000 1559 1044 qui
1571 1000 1620 1036 est
1638 1000 1681 1035 ad
1697 999 1866 1036 ultimum
1882 998 1987 1035 finem
2005 1025 2014 1033 .

1445 1048 1659 1095 Respondeo
1671 1077 1682 1093 ,
1710 1050 1935 1097 Aliquorum
1962 1051 2010 1086 est
2037 1049 2096 1084 hic
2111 1046 2289 1084 sententia
2315 1062 2475 1093 s.Th0mae
2488 1056 2552 1095 opi-

1345 1101 1427 1136 talis
1452 1126 1462 1135 .
1486 1097 1638 1137 Necesse
1650 1101 1854 1143 estomnia,
1879 1113 1961 1148 quae
1991 1102 2104 1136 homo
2131 1099 2291 1146 appetit,
2317 1104 2368 1147 nio
2382 1094 2554 1162 hicinfi’luc}

1345 1163 1490 1200 propter
1504 1152 1672 1188 ultimum
1686 1161 1852 1198 appetere
1863 1151 1969 1187 finem
1986 1155 2103 1189 :Nam
2118 1150 2153 1185 in
2167 1148 2293 1197 primis
2319 1140 2459 1207 {xj-2237&
2473 1137 2495 1167 ᾗ·
2511 1135 2533 1161 ‘¹

1345 1201 1522 1249 quicquid
1540 1229 1551 1244 ,
1583 1203 1687 1237 homo
1704 1203 1784 1240 vult
1798 1229 1809 1245 ‚
1846 1201 1911 1238 sub
1927 1204 2013 1240 boni
2038 1202 2175 1237 ratione
2203 1199 2292 1234 defi·
2318 1195 2471 1253 νῑάξὺξςρ
2483 1220 2511 1250 p.
2526 1219 2554 1249 q,

1346 1253 1445 1289 derat
1470 1278 1480 1288 .
1500 1250 1592 1289 Tale
1609 1263 1728 1288 autern
1742 1254 1881 1289 bonum
1904 1253 1925 1288 fi
1951 1266 2021 1290 non
2043 1251 2225 1298 appetitur
2252 1261 2293 1286 ut
2319 1260 2481 1287 60.art.2,

2304 235 2541 276 Tangituretiam

2306 285 2323 304 a
2337 277 2368 304 B.
2381 276 2497 304 Thoma
2510 275 2538 302 in

2299 313 2453 355 statutione.

2310 587 2353 617 Sic
2368 595 2480 625 quoque
2503 595 2546 615 ar—

1327 1307 1481 1341 *oonum
1499 1303 1698 1352 perfebhim
1710 1328 1724 1347 ‚
1736 1305 1836 1351 quod
1848 1303 1896 1338 est
1908 1304 2055 1341 ultimus
2066 1303 2147 1338 finis
2160 1327 2172 1346 ,
2183 1312 2292 1349 opor-

1346 1366 1399 1391 tet
1414 1365 1454 1389 ut
1469 1365 1680 1401 appetatur,
1711 1365 1751 1389 ut
1776 1353 1924 1390 tendens
1947 1355 1982 1391 in
2015 1357 2149 1389 bonum
2177 1349 2293 1400 perfe-

1346 1407 1473 1444 &um3
1495 1405 1630 1452 semper
1646 1404 1739 1440 enim
1765 1404 1949 1441 inclinatio
1970 1402 2124 1451 alicujus
2148 1404 2292 1439 ordina-

1348 1468 1408 1494 tur
1424 1455 1466 1490 ad
1485 1455 1826 1492 consummationem
1838 1456 1946 1503 ipsius
1963 1483 1973 1492 .
1990 1456 2128 1493 Deinde
2140 1482 2150 1497 ,
2165 1466 2293 1501 quam·

1349 1512 1403 1545 vis
1423 1506 1558 1552 semper
1574 1506 1705 1552 aliquis
1722 1518 1792 1541 non
1816 1508 1951 1553 cogitet
1977 1508 2019 1542 de
2032 1506 2160 1541 ultimo
2190 1503 2294 1539 fine...

1349 1558 1641 1606 quotiescunque
1665 1556 1800 1600 aliquid
1823 1558 1972 1599 appetit,
1998 1556 2055 1589 vel
2090 1564 2262 1600 operatur
2279 1576 2294 1594 ,

1354 1609 1473 1646 virtus
1493 1605 1728 1642 nihilominus
1751 1604 1963 1640 intentionis
1975 1604 2117 1649 primae,
2142 1615 2223 1649 quae
2243 1601 2294 1637 est

1349 1658 1512 1707 respe6ht
1531 1654 1651 1690 ultimi
1674 1653 1778 1694 finis,
1809 1666 1926 1690 manet
1949 1654 2173 1700 in'quolibet
2185 1664 2296 1701 appe-

1347 1712 1418 1745 titu
1430 1705 1684 1750 cujuscunque
1696 1702 1772 1744 rei,
1788 1704 1919 1739 etiamsi
1934 1703 1975 1739 de
1988 1705 2115 1740 ultimo
2129 1703 2198 1739 fine
2212 1702 2298 1739 aaa

1349 1768 1422 1792 non
1450 1755 1630 1800 cogitstur
1650 1779 1659 1794 ,
1701 1753 2007 1799 quemadmodum
2036 1766 2108 1790 non
2131 1764 2297 1802 oportet,

1349 1815 1494 1842 euntem
1508 1815 1569 1852 per
1582 1805 1679 1839 viam
1692 1804 1725 1838 in
1739 1804 1901 1849 quolibet
1917 1805 2016 1853 passu
2043 1806 2200 1851 cogitare
2227 1804 2298 1842 dea

1349 1856 1422 1893 fine
1437 1882 1447 1891 .
2020 1871 2026 1873 <

1451 1905 1522 1943 Pro
1531 1904 1709 1945 solutione
1725 1904 1799 1941 esto
1811 1909 1966 1955 primum
1978 1906 2129 1943 dietum.
2148 1909 2298 1954 Duplex

1351 1958 1402 1996 est
1418 1955 1600 2005 appetitus
1615 1958 1649 1992 in
1665 1959 1852 1994 voluntate
1865 1986 1876 2002 ,
1908 1958 2010 1995 Alter
2034 1969 2160 2005 nempe
2190 1968 2297 1993 natu-

1351 2010 1436 2046 ralis
1448 2032 1460 2052 ,
1490 2007 1578 2042 alter
1595 2007 1853 2045 deliberativas
1867 2035 1878 2051 ,
1892 2010 1964 2045 {ive
1976 2011 2065 2045 liber
2077 2034 2086 2044 .
2100 2008 2166 2045 Sed
2183 2009 2296 2056 prior,

1350 2061 1444 2096 ultra
1457 2056 1568 2106 ipsam
1586 2059 1781 2094 voluntatis
1796 2060 1994 2106 potentiam
2009 2087 2019 2103 ,
2037 2072 2106 2095 non
2119 2058 2298 2105 presefert

1349 2109 1488 2157 aliquid
1500 2107 1881 2155 illisupetadditttm3ut
1895 2111 2067 2159 posterior
2077 2109 2165 2145 dicit
2177 2108 2297 2145 aetum

1349 2163 1509 2199 elicitum
1544 2157 1624 2205 ejus
1649 2185 1659 2194 .
1702 2159 1910 2197 Declaratio
1945 2173 1958 2201 ε
1986 2162 2090 2199 Sicut
2119 2158 2153 2195 se
2192 2160 2296 2197 habet

1352 2213 1534 2260 apperitus
1549 2212 1721 2247 naturalis
1740 2213 1942 2248 intelleftus
1959 2213 2000 2247 ad
2025 2212 2143 2250 aftum
2167 2209 2270 2247 suum
2284 2236 2297 2253 ,

1353 2263 1399 2299 fic
1413 2261 1447 2297 8(
1465 2262 1636 2296 naturalis
1650 2265 1846 2299 voluntatis
1857 2265 2038 2311 appetitus
2053 2262 2095 2298 ad
2110 2263 2298 2310 proprium

1352 2312 1497 2348 aetum:
1517 2312 1715 2358 Appetitus
1730 2325 1849 2348 autem
1874 2315 2051 2351 naturalis
2081 2312 2299 2354 intelle&us,

1351 2375 1422 2400 non
1440 2361 1488 2397 est
1507 2363 1605 2397 afflue
1618 2363 1758 2399 elicitus
1776 2367 1819 2399 ab
1833 2376 1891 2406 eo,
1907 2363 1965 2401 sed
1983 2365 2096 2400 solum
2111 2363 2300 2399 inclinatio

1353 2413 1527 2450 naturalis
1549 2413 1659 2460 ipfins
1681 2416 1722 2449 ad
1753 2414 1850 2450 suam
1877 2416 2133 2462 perset‘stionetn
2168 2428 2179 2455 3
2210 2426 2298 2460 ergo

1354 2463 1589 2500 ita&sentire
1617 2464 1788 2501 debemus
1816 2466 1859 2501 de
1886 2469 2076 2503 voluntate
2107 2492 2114 2501 .
2145 2465 2300 2507 Deinde,

1355 2516 1491 2551 nullum
1510 2515 1615 2548 talem
1644 2516 1762 2551 aetum
1794 2518 1998 2564 experimur
2023 2515 2089 2552 effe
2116 2518 2150 2552 in
2183 2516 2304 2556 nobis;

1355 2565 1612 2602 inconveniens
1626 2565 1674 2601 est
1689 2577 1807 2602 autern
1821 2565 2015 2604 secundum
2049 2567 2306 2615 Philosophum

1355 2626 1388 2650 2.
1408 2614 1509 2650 φοῦ.
1527 2617 1565 2651 in
1576 2613 1655 2659 fine
1679 2616 1908 2653 nobiliffimos
1931 2620 2076 2655 habitus
2101 2618 2310 2656 naturaliter

1358 2665 1465 2702 ineffe
1479 2665 1585 2701 nobis
1600 2693 1609 2707 ‚
1636 2667 1670 2702 8<
1687 2669 1828 2703 interim
1843 2670 1951 2705 latete
1968 2680 2031 2705 nos
2049 2684 2059 2711 ς
2081 2682 2168 2716 ergo
2184 2671 2218 2706 id
2235 2682 2311 2707 ma·

1359 2718 1415 2763 gis
1433 2743 1444 2759 ,
1470 2718 1526 2752 vel
1541 2716 1658 2753 saltem
1678 2717 1823 2766 perinde
1839 2731 1963 2756 verum
1983 2723 2048 2755 etit
2065 2720 2107 2756 de
2128 2722 2310 2767 operatio-

1360 2769 1488 2803 nibus.
1522 2767 1689 2814 Deniqne
1707 2796 1717 2811 ,
1749 2780 1792 2803 ex
1812 2769 2000 2818 hypothesi
2027 2773 2211 2808 contrariae
2229 2772 2312 2820 opi-

1361 2819 1482 2855 nionis
1497 2842 1508 2858 ‚
1531 2817 1737 2863 frequenter
1753 2817 1852 2855 aetus
1873 2823 2026 2867 oppositi
2057 2823 2156 2859 simul
2181 2824 2311 2869 reperi-

1361 2868 1534 2906 renturin
1549 2869 1673 2904 eodem
1694 2895 1704 2905 .
1720 2868 1890 2919 Qisque
1908 2873 2002 2908 enim
2031 2873 2183 2909 naturali
2205 2884 2312 2921 appe-

1362 2921 1433 2956 titu
1449 2917 1579 2964 refugit
1595 2931 1745 2957 mortem
1760 2948 1769 2962 ,
1794 2923 1827 2957 8<
1846 2921 1959 2969 potest
1975 2923 2057 2959 asin
2072 2925 2179 2960 libere
2193 2925 2315 2960 elicito

1365 2972 1493 3017 eligere
1520 2981 1672 3004 mortem
1690 2997 1700 3013 2
1729 2982 1769 3006 Ut
1797 2973 1979 3019 Martyres
2001 3002 2010 3017 ,
2036 2976 2227 3021 caeterique
2250 2973 2317 3009 ho.

1368 3023 1484 3056 mines
1503 3019 1653 3066 perfcffi
1670 3046 1680 3062 ‚
1703 3022 1766 3068 qui
1788 3034 1953 3065 mortem,
1982 3036 2150 3072 tanquam
2182 3038 2199 3060 a
2231 3028 2315 3063 Deo

1369 3069 1502 3105 miffam
1520 3071 1766 3106 incunetanter
1781 3074 2059 3121 amplcffmntut.
2074 3075 2217 3112 Praestat
2229 3088 2317 3122 ergo

1369 3119 1497 3158 sentire
1515 3147 1527 3163 ,
1555 3122 1756 3158 naturalem
1782 3125 1981 3174 appetitum
2009 3127 2105 3163 aliud
2129 3138 2199 3162 non
2226 3125 2318 3172 esse,

2161 3188 2274 3223 quam

2360 1946 2444 2008 (a)

1401 3261 1454 3303 fa)
1467 3259 1595 3297 Vasquez
1608 3261 1652 3290 hic
1674 3262 1870 3293 contradicens
1891 3263 2030 3299 Caietano
2041 3283 2053 3299 ‚
2067 3265 2148 3294 sentit
2170 3274 2233 3293 cum
2256 3265 2322 3293 Ma-

1376 3298 1462 3340 gistro
1475 3300 1562 3327 Scoto
1575 3318 1583 3326 .
1594 3301 1645 3329 Sed
1659 3300 1705 3329 sua
1719 3302 1798 3340 ipsius
1811 3302 1922 3332 admissa
1933 3304 2106 3341 expositione
2117 3323 2127 3338 ‚
2154 3312 2208 3332 una
2220 3303 2322 3332 verba-

1372 3337 1405 3364 lis
1416 3336 1530 3373 superest
1540 3340 1728 3368 controvcrfia
1740 3341 1810 3368 inter
1820 3341 1933 3370 Scotum
1947 3344 1974 3370 &
1988 3344 2174 3381 Aquinatem.
2187 3341 2321 3371 Concor-

1375 3374 1423 3403 dat
1436 3377 1510 3418 enini
1523 3378 1650 3420 Magister
1663 3388 1727 3406 cum
1741 3378 1792 3407 illo
1805 3398 1814 3413 ,
1827 3380 1903 3417 quod
1917 3380 2044 3410 voluntas
2058 3391 2121 3418 quic
2146 3381 2189 3409 uid
2205 3382 2324 3419 appetit,

1374 3421 1464 3456 grana
1477 3414 1543 3443 velit
1557 3415 1647 3444 ultimi
1659 3416 1719 3445 finis
1742 3436 1751 3445 .
1773 3418 1825 3446 Sed
1850 3418 1968 3446 modum
1991 3419 2120 3448 decimu
2144 3421 2149 3446 i
2180 3420 2325 3457 Aquinatis

1377 3461 1539 3489 nnpugnau
1554 3455 1598 3487 qui
1615 3454 1745 3484 fundatur
1758 3456 1784 3482 in
1797 3455 1857 3485 actu
1884 3457 1933 3485 illo
1958 3457 2077 3486 naturali
2099 3460 2172 3487 circa
2193 3458 2325 3486 ultimum

1380 3489 1510 3532 tendente
1521 3492 1602 3519 finem
1617 3511 1628 3525 ‚
1642 3494 1734 3532 aitque
1748 3494 1773 3522 id
1784 3494 1859 3523 nullo
1875 3495 2055 3524 fundamento
2069 3496 2143 3525 afferi
2155 3515 2165 3529 ‚
2178 3505 2228 3525 nec
2237 3506 2326 3532 :teno-

1378 3527 1431 3557 sctt
1444 3538 1574 3557 virtutem
1591 3531 1668 3559 illam
1677 3535 1734 3563 eius
1747 3532 1821 3560 ηᾶιις
1834 3553 1844 3567 ‚
1862 3543 1922 3571 φη·
1938 3543 2031 3563 nmnet
2041 3537 2066 3563 in
2090 3538 2213 3573 appetitu
2239 3531 2330 3567 cuius-

1380 3575 1489 3603 cunque
1498 3569 1611 3609 alten-'ius
1623 3570 1661 3601 tei
1679 3589 1687 3597 .
1699 3571 1750 3599 Sed
1762 3571 1893 3610 legendus
1908 3580 1964 3600 arr.
1978 3582 2034 3609 2.q.
2048 3577 2096 3603 60.
2109 3574 2156 3602 cit.
2168 3584 2194 3612 p.
2205 3584 2234 3612 p.
2258 3575 2329 3603 Sua-

1380 3613 1426 3645 rez
1445 3614 1468 3631 t.
1485 3607 1589 3648 μφζίρ.
1604 3616 1630 3641 3.
1642 3607 1702 3646 seffi
1715 3612 1741 3637 6.
1756 3609 1885 3638 Secunda.-
1899 3610 2038 3640 assertioni
2064 3612 2194 3640 Dostotis
2215 3622 2329 3642 contra-

1380 3642 1471 3685 dicens
1484 3661 1493 3675 ‚
1508 3653 1546 3686 :ur
1558 3663 1567 3676 ‚
1582 3645 1665 3681 ipsam
1675 3646 1726 3675 effe
1737 3646 1831 3675 stlsam
1843 3666 1853 3681 ‚
1877 3658 1905 3686 q.
1917 3650 2046 3679 voluntas
2069 3651 2176 3687 semper
2199 3660 2331 3690 operatur

1382 3689 1418 3707 ex
1430 3690 1582 3710 intentione
1596 3684 1706 3720 alicujus
1718 3685 1781 3713 boni
1794 3703 1804 3719 ‚
1830 3686 1911 3723 idque
1924 3687 2048 3716 sufficere
2061 3698 2138 3727 putat
2149 3706 2160 3723 ‚
2184 3698 2214 3718 ut
2226 3690 2332 3720 dicatur

1382 3726 1464 3760 agere
1478 3729 1590 3756 propter
1603 3723 1686 3750 finem
1699 3742 1709 3751 .
1721 3725 1784 3751 Nos
1796 3724 1915 3753 dicimus
1926 3728 2062 3755 contraria
2075 3728 2177 3755 horum
2196 3739 2250 3756 non
2279 3730 2333 3758 stn-

1383 3765 1422 3784 tu1
1437 3766 1451 3783 -1
1466 3758 1591 3787 Dostorc
1602 3777 1612 3791 ‚
1627 3770 1691 3789 cum
1701 3762 1737 3790 cst
1750 3762 1841 3791 sermo
1855 3763 1889 3792 de
1902 3766 2024 3802 appetitu
2041 3766 2156 3794 naturali
2173 3785 2183 3799 ‚
2193 3777 2239 3796 aut
2249 3770 2334 3798 etiam

1382 3794 1565 3824 deliberativo
1577 3815 1587 3830 ,
1601 3800 1688 3828 modo
1700 3800 1731 3828 {it
1744 3800 1832 3829 redas
1843 3820 1851 3829 .
1875 3803 1988 3833 Accedit
2002 3804 2078 3843 quod
2089 3805 2146 3836 haec
2160 3805 2266 3837 videtur
2277 3808 2320 3837 cs·

1382 3832 1411 3865 se
1425 3831 1526 3864 sOluth
1537 3835 1567 3864 8.
1579 3836 1699 3868 Thomae
1709 3838 1953 3879 articulosa-quemi
1964 3859 1974 3870 .
