2643 4043
464 128 536 178 '70
1011 112 1194 159 Summa
1224 167 1232 177 ι

394 187 555 224 influxus
571 191 752 228 nequeunt
766 179 797 215 se
813 180 1004 217 extendere
1017 209 1029 225 ‚
1049 179 1253 226 cujusmodi
1279 177 1329 214 est

396 237 526 271 volitio
550 261 561 278 ,
600 234 659 270 nifi
684 232 951 269 occasionaliter
980 231 1183 271 mouendO,
1202 242 1243 265 ut
1274 229 1328 263 di·

396 287 494 322 &um
524 286 597 327 est,
620 283 822 319 senfitiuum
834 284 1056 329 appetitum,
1085 281 1189 328 juxta
1219 277 1327 320 cuius

396 337 660 376 inclinationem
675 345 755 381 apta
780 332 828 368 est
855 335 1023 369 voluntas
1046 332 1236 373 inclinar13
1260 328 1332 367 Sed

397 387 536 422 interim
553 384 945 421 iistellaruminfluxus
964 413 972 427 ‚
998 396 1064 419 nee
1094 381 1235 429 possunt
1265 390 1333 415 vo·

396 436 556 470 litionem
575 436 752 478 attingere
769 461 778 475 ,
810 446 874 469 nec
888 435 992 471 etiam
1006 433 1128 470 causas
1144 433 1192 468 illi
1206 442 1335 476 reprae-

397 484 571 521 sentendae
583 485 786 522 neceffirias
799 484 1043 531 conjungere.
1070 484 1140 522 Sed
1159 480 1335 517 videndus

396 536 603 583 praecitatus
637 535 812 578 articulus
845 533 1037 587 quaestioais
1093 544 1172 583 ης.
1211 533 1335 583 prima?

392 594 512 633 parm
530 611 540 623 .

546 685 1053 724 ARTICULUS
1119 684 1190 722 vl.

474 785 610 822 Utrum
626 787 796 822 voluntas
809 797 997 823 moueatur
1013 798 1031 820 a
1062 787 1143 821 Deo
1166 782 1265 825 solo,

598 836 687 871 ficut
701 839 744 873 ab
756 837 923 875 exteriori
939 836 1114 885 principio
1126 859 1141 876 ,

446 931 579 971 Doeor
592 935 724 988 qul.
742 948 774 981 q.
797 937 855 976 16.
870 942 907 979 ς.
928 940 981 974 De
996 936 1061 972 isto
1086 944 1155 971 art.
1182 945 1217 972 n.
1232 943 1290 979 ις.

587 988 630 1023 S.
654 986 803 1028 Thomas
823 998 855 1028 ι,
871 999 908 1023 z.
930 1000 964 1037 q.
979 1000 1013 1035 9.
1030 995 1103 1024 art.
1113 985 1154 1022 6.

512 1086 702 1134 Espondeo
717 1087 778 1125 hic
791 1088 924 1124 dicitur
937 1101 983 1124 ex
996 1088 1170 1124 sententia
1182 1085 1240 1122 fic:
1254 1085 1337 1121 Mo·

522 1147 580 1172 tus
607 1139 807 1175 voluntatis
830 1138 879 1174 est
903 1140 948 1174 ab
970 1137 1161 1174 intrinseco
1187 1136 1278 1173 ficut
1302 1136 1336 1172 8<

400 1197 522 1222 motus
534 1188 710 1222 naturalis
725 1213 734 1222 .
760 1189 940 1234 Quamuis
956 1199 1074 1224 autern
1095 1198 1170 1227 rem
1193 1197 1339 1222 natura-

398 1238 469 1272 lem
486 1237 585 1280 possit
596 1250 612 1272 a
623 1237 736 1284 liquid
751 1250 896 1276 mouere
909 1266 919 1280 ‚
944 1237 1044 1286 quod
1058 1250 1129 1274 non
1160 1236 1209 1273 est
1233 1235 1338 1273 causa

399 1298 540 1322 naturae
555 1288 603 1322 rei
620 1299 723 1323 motae
736 1302 747 1330 ;
760 1301 878 1324 tamen
889 1301 1026 1325 motum
1038 1290 1235 1324 naturalem
1251 1299 1337 1323 cau·

399 1336 474 1373 sare
487 1349 558 1372 non
573 1338 685 1383 potest
698 1363 708 1378 ‚
735 1339 798 1374 nist
814 1339 911 1384 quod
923 1339 971 1375 est
996 1339 1206 1384 aliqualiter
1232 1336 1340 1374 causa

397 1399 534 1423 naturae
551 1413 560 1422 .
576 1387 746 1424 Mouetur
757 1389 848 1424 enim
866 1389 953 1436 lapis
967 1389 1104 1425 sursum
1119 1389 1163 1423 ab
1176 1387 1342 1431 homine,

398 1439 463 1484 qui
478 1448 640 1471 naturam
656 1438 780 1482 lapidis
797 1447 868 1473 non
883 1437 1002 1473 causat
1022 1465 1031 1480 ‚
1063 1439 1120 1485 sed
1134 1439 1192 1476 hic
1218 1448 1338 1474 motus

398 1498 473 1523 non
488 1486 536 1522 est
549 1486 658 1532 lapidi
672 1487 845 1523 naturalis
861 1500 871 1523 :
889 1489 1059 1524 naturalis
1073 1500 1192 1533 autem
1218 1498 1341 1525 motus

398 1534 481 1581 ejus
496 1548 565 1570 non
578 1535 742 1571 causatur
755 1537 814 1572 nist
833 1538 931 1583 abeo
946 1564 954 1578 ,
978 1539 1080 1585 quod
1092 1537 1211 1576 causat
1232 1549 1339 1574 natu·

398 1598 473 1622 ram
486 1611 495 1620 .
512 1586 572 1622 Sic
587 1597 673 1630 ergo
689 1585 870 1621 hominem
898 1588 1119 1623 voluntatem
1144 1588 1337 1624 habentem

398 1635 573 1677 contingit
601 1637 790 1670 mouetiab
803 1636 927 1680 aliquo
940 1638 1002 1682 qui
1023 1648 1095 1672 non
1127 1635 1178 1671 est
1204 1636 1339 1682 causa—2

399 1683 499 1729 ejus:
515 1684 583 1718 Sed
601 1683 699 1728 quod
729 1693 848 1716 motus
873 1685 1105 1719 voluntarius
1127 1684 1207 1729 ejus
1230 1685 1270 1719 stt
1293 1688 1340 1722 ab

399 1734 521 1777 aliquo
539 1731 717 1777 principio
727 1730 927 1766 extrinseco
947 1745 958 1772 3
983 1731 1082 1779 quod
1099 1745 1171 1769 non
1189 1733 1238 1770 est
1254 1746 1342 1772 cau·

398 1781 431 1816 sa
446 1782 645 1816 voluntatis
661 1807 670 1821 ,
687 1779 736 1814 est
751 1780 960 1826 impoffibile
976 1795 985 1816 ε
1003 1782 1203 1818 voluntatis
1220 1794 1344 1818 autem

399 1830 505 1867 causa
527 1830 615 1865 nihil
628 1827 727 1864 aliud
739 1827 806 1862 effe
821 1827 934 1872 potest
947 1852 959 1869 ‚
983 1839 1090 1874 quarn
1105 1831 1206 1862 Deus
1229 1852 1239 1861 .

500 1882 581 1917 Nos
607 1878 758 1913 dicimus
784 1876 938 1911 articulo
963 1884 1090 1923 quarto
1115 1875 1341 1913 declaraviffe

393 1942 466 1978 qua
480 1930 617 1964 ratione
633 1927 804 1962 voluntas
820 1925 973 1968 seipsam
986 1925 1198 1962 determinet
1212 1925 1259 1961 ad
1278 1938 1343 1962 νο-

395 1980 541 2017 lendum
568 2004 579 2021 ,
612 1978 646 2012 ἃ
673 1988 743 2010 non
775 1975 967 2012 volendum
992 1989 1004 2016 ;
1037 1975 1193 2023 'qualiter
1217 1987 1338 2016 autem

396 2042 514 2067 creata
531 2029 699 2064 voluntas
711 2039 727 2061 a
748 2026 827 2062 Deo
845 2037 1034 2067 moueatur
1050 2051 1062 2066 ,
1076 2022 1338 2072 etplicauimus,

403 2093 433 2117 1.
445 2089 480 2129 p.
494 2091 527 2127 q.
543 2088 623 2120 105⁶.
639 2087 708 2114 art.
721 2090 754 2120 4.
770 2076 863 2113 Illud
879 2075 920 2110 ad
935 2075 1085 2122 ptaesens
1097 2086 1166 2111 non
1192 2075 1337 2113 videtur

401 2127 672 2178 approbandum
690 2154 701 2169 ,
727 2138 807 2162 cum
824 2125 956 2160 ducitur
978 2136 987 2160 ε
1016 2124 1337 2175 (Quemadmodum

403 2191 521 2218 motus
537 2178 708 2215 naturalis
723 2173 890 2212 causatur
906 2174 951 2209 ab
966 2186 1009 2210 eo
1023 2175 1088 2221 qui
1099 2173 1149 2210 est
1161 2172 1266 2212 causa
1284 2188 1346 2212 na-

401 2243 493 2267 turae
509 2257 521 2273 ‚
544 2230 593 2265 ita
611 2238 747 2263 motum
769 2226 1013 2261 voluntarium
1029 2223 1094 2260 effe
1106 2223 1150 2261 ab
1179 2224 1241 2261 illo
1260 2252 1270 2266 ‚
1299 2226 1344 2262 de

401 2280 508 2326 cujus
524 2282 658 2314 virtute
681 2276 796 2313 atstiva
823 2275 991 2310 voluntas
1017 2273 1177 2318 procedit
1207 2299 1217 2310 .
1243 2278 1340 2312 Nam

403 2333 462 2368 etsi
480 2342 587 2375 graue
602 2330 641 2364 s1t
656 2328 930 2363 determinatum
943 2323 984 2359 ad
995 2322 1058 2360 ubi
1074 2322 1258 2365 deorsum3
1276 2324 1338 2362 de·

404 2380 544 2417 scensus
557 2391 672 2415 tamen
689 2377 768 2423 ejus
785 2387 854 2411 non
866 2374 914 2409 est
938 2386 955 2408 a
985 2372 1152 2410 causante
1178 2373 1340 2420 granita.

405 2442 479 2467 tem
492 2459 505 2478 ‚
535 2429 590 2465 sed
605 2427 736 2472 abipsa
749 2426 927 2470 grauitate
943 2421 1131 2460 intrinseca
1145 2449 1154 2463 ‚
1182 2434 1246 2458 nec
1260 2425 1349 2461 alte·

406 2494 444 2517 ra
459 2479 564 2516 causa
582 2477 780 2514 extrinseca
797 2473 847 2512 est
859 2474 917 2509 hic
930 2472 1232 2510 comminiscenda
1259 2486 1348 2520 prae.

405 2542 461 2567 ter
477 2530 699 2566 influentiam
717 2526 916 2572 generalem
945 2549 954 2559 .
983 2525 1038 2561 Est
1066 2525 1189 2571 itaque
1213 2524 1347 2570 princi-

405 2582 508 2632 pium
530 2579 692 2620 naturale
714 2576 852 2634 summe
877 2575 1154 2630 determinatum
1176 2574 1344 2626 quippe-3

169 1116 199 1146 S.
249 1112 369 1145 Thomae

167 1154 306 1188 sententia
315 1151 370 1183 bic.

172 2140 277 2170 Videas
301 2135 369 2167 vas-

195 2178 296 2207 uefium
309 2187 331 2205 ι.
343 2185 371 2203 2.

172 2190 242 2255 disp.
255 2218 301 2254 38.
311 2223 373 2253 cap.

173 2265 203 2285 ι.

1221 107 1413 175 ‘ioannis
1455 108 1586 154 Dzms
1615 106 1733 153 Scoti

1400 175 1501 223 quod
1522 175 1692 212 excludat
1724 171 1856 210 <tiz-eae
1891 171 2259 207 indeterminationem
2292 169 2335 204 ad
2568 175 2573 182 ’
2618 178 2620 209 ζ

1398 226 1610 264 utrumlibet
1625 251 1637 266 ,
1663 224 1697 259 8<
1709 224 1853 272 quidem
1866 222 2013 259 causans
2029 222 2097 257 tale
2122 221 2337 268 principium
2618 220 2619 259 l

1399 276 1459 311 dat
1485 276 1635 312 formam
1661 274 1706 312 stc
1730 275 1999 311 determinatam
2028 300 2038 315 ‚
2064 283 2103 307 ut
2133 274 2249 317 ignem
2273 268 2340 304 esse

1401 327 1555 362 calidum
1572 353 1584 370 ,
1606 337 1669 362 aut
1685 328 1814 362 coelum
1829 325 1896 361 effe
1911 323 2104 360 rotundum
2123 349 2134 365 ‚
2157 320 2241 370 quia
2256 330 2341 354 cau-

1404 375 1439 410 sa
1456 376 1543 413 dans
1553 377 1621 414 esse
1636 378 1708 422 igni
1723 377 1756 411 3<
1775 379 1863 411 coelo
1881 402 1890 416 ‚
1913 375 1972 411 dat
1989 374 2090 410 simul
2116 374 2147 408 ἆ
2174 371 2342 410 calorem,

1412 428 1441 462 8<
1457 429 1716 463 rotunditatem
1734 427 1828 463 :Sed
1841 438 1959 461 tamen
1972 424 2165 460 neceffario
2192 431 2262 456 non
2285 430 2344 454 ac-

1407 478 1545 523 cipiunt
1558 480 1601 514 ab
1618 475 1694 521 ipso
1710 490 1832 512 earum
1852 486 2057 511 naturarum
2086 474 2219 509 faetore
2245 470 2345 505 a&us

1407 527 1582 564 secundos
1600 556 1610 571 ,
1633 528 1691 564 sed
1703 538 1842 562 tantum
1857 527 2037 571 accipiunt
2051 523 2227 569 principia
2243 531 2347 555 natu-

1411 578 1532 617 raliter
1551 579 1786 614 determinata
1818 576 1861 611 ad
1887 574 2172 610 calefaciendum
2203 599 2214 614 ,
2237 572 2270 606 8<
2301 572 2343 606 ad
2372 600 2538 628 Motusvolu
2618 616 2619 620 Ἰ

1410 638 1551 665 motum
1569 628 1807 667 orbicularem
1824 651 1831 660 .
1847 629 1897 665 At
1911 626 2077 660 voluntas
2108 636 2170 671 per
2194 625 2344 657 creatio·
2376 637 2460 665 tarius
2472 611 2567 668 nonensi

1410 691 1490 718 nem
1506 680 1682 722 accipiens
1698 676 1761 724 ‘ff’
1776 677 1906 713 etiamsi
1921 675 2110 711 necessario
2122 674 2261 707 dicatur
2285 674 2347 708 aii·
2375 675 2409 703 ab
2442 670 2566 706 extrinsel
2618 674 2619 677 ’

1412 729 1503 776 quid
1519 731 1626 772 velle,
1639 739 1794 765 attamen
1817 738 1887 762 non
1915 725 1958 760 stc
1971 726 2019 761 est
2042 724 2273 760 determinata
2301 737 2347 758 3.,
2377 712 2505 780 eos,msed
2534 715 2565 744 ³⁸

1412 779 1580 817 causante
1594 779 1635 815 ad
1650 779 1741 815 illud
1759 777 1851 814 velle
1867 805 1875 819 ,
1902 775 1989 810 ficut
2008 786 2116 820 graue
2140 772 2183 807 ad
2204 771 2348 808 descen·
2377 759 2567 819 ignatag‘Jffi

1412 830 1512 874 sum,
1536 831 1570 866 ἃ
1587 831 1679 875 ignis
1693 829 1735 864 ad
1753 825 2036 865 comburendum
2053 852 2062 866 ,
2085 823 2142 859 sed
2168 821 2309 865 praecise
2330 836 2350 859 a

1409 880 1576 918 causante
1588 891 1775 927 acceptum
1791 879 1897 921 habet
1909 876 2122 924 principium
2134 873 2351 910 determina,

1408 933 1526 969 tinum
1543 931 1646 969 suiad
1662 931 1732 966 hoc
1746 931 1837 966 velle
1853 954 1862 964 .

1511 986 1684 1034 Qorum
1700 982 1864 1017 omnium
1883 980 1973 1015 ratio
1987 975 2035 1012 est
2051 1003 2060 1017 ,
2087 977 2174 1023 quia
2190 975 2272 1011 licet
2289 973 2352 1008 ali·
2407 979 2477 1009 Non
2488 981 2570 1020 magis

1410 1032 1510 1080 quod
1528 1034 1742 1080 principium
1761 1031 1871 1079 posset
1884 1039 2098 1066 concurrere
2115 1038 2196 1062 curn
2225 1025 2354 1060 volun-
2376 1019 2504 1087 vomam
2522 1020 2569 1050 effe

1409 1094 1483 1119 tate
1501 1110 1509 1121 ,
1541 1094 1627 1120 nuta
1648 1110 1658 1125 ‚
1694 1082 1888 1118 secundum
1904 1081 2070 1127 aliquos,
2093 1075 2353 1123 objeftum‚vel
2377 1068 2445 1126 {512⁶
2474 1068 2571 1135 9:222ss:

1410 1134 1614 1171 intellectus
1630 1133 1673 1170 de
1689 1132 1857 1170 sententia
1874 1133 2024 1167 aliorum
2046 1155 2056 1168 ‚
2080 1127 2187 1176 idque
2203 1138 2357 1162 concur·
2378 1142 2453 1176 pium
2465 1153 2476 1170 ,
2493 1145 2572 1174 quam

1410 1196 1493 1223 rens
1507 1196 1554 1221 ex
1568 1185 1601 1221 se
1615 1184 1656 1227 fit
1685 1184 1899 1220 naturaliter
1929 1181 2117 1220 aethmun
2146 1189 2265 1214 tamen
2291 1188 2355 1211 vo·
2379 1183 2478 1206 natura
2506 1174 2571 1204 libe·

1411 1236 1530 1275 luntas
1541 1248 1603 1281 pe·-
1618 1233 1652 1269 se
1669 1234 1851 1282 loquendo
1865 1241 2050 1279 nunquam
2063 1229 2112 1265 est
2130 1255 2141 1270 ,
2166 1239 2227 1264 aut
2257 1227 2356 1263 effe-2
2380 1225 2445 1246 “¹¹¹¹
2458 1231 2469 1244 ⁹

1412 1285 1532 1334 potest
1547 1285 1762 1331 principium
1779 1284 1936 1320 aetrnum
1953 1281 2140 1318 naturale;
2168 1277 2356 1324 Siquidem

1412 1335 1479 1372 esse
1495 1335 1704 1372 naturaliter
1717 1335 1875 1381 aftiuum
1890 1361 1898 1373 ‚
1925 1334 1957 1368 Q
1970 1331 2038 1367 effe
2062 1330 2169 1365 libere
2195 1330 2356 1363 aethium

1410 1386 1491 1422 sunt
1509 1384 1848 1432 primaedifferentiae
1862 1382 2029 1428 principii
2059 1378 2169 1416 afflui
2187 1404 2199 1421 ‚
2226 1378 2260 1413 8(
2292 1389 2358 1412 vo-

1411 1438 1532 1473 luntas
1548 1447 1619 1483 qua
1631 1436 1711 1472 talis
1725 1435 1773 1472 est
1801 1430 2016 1478 principium
2045 1430 2203 1465 affluunt
2234 1428 2357 1464 libere.

1409 1489 1497 1524 Non
1510 1487 1622 1531 magis
1638 1486 1748 1533 igitur
1762 1482 1934 1529 ¹voluntas
1951 1482 2017 1518 else
2039 1480 2158 1525 potest
2181 1477 2357 1514 naturali-

1409 1546 1463 1571 ter
1475 1534 1589 1571 aarua
1607 1563 1619 1578 ‚
1640 1548 1751 1582 quam
1763 1547 1886 1570 natura
1904 1561 1913 1575 ,
1940 1544 1978 1574 ut
1989 1530 2038 1567 cst
2065 1531 2278 1573 principium
2301 1526 2357 1561 di·
2615 1555 2616 1560 ,

1409 1585 1580 1621 ἢίηὲὶιιιπ
1597 1596 1723 1619 contra
1739 1585 1964 1617 voluntatem
1976 1602 1989 1623 ‚
2017 1575 2086 1621 effe
2103 1577 2217 1625 potest
2243 1577 2355 1611 libere
2614 1599 2616 1621 ι

1411 1634 1529 1669 aetina
1545 1657 1555 1666 .
2614 1641 2616 1658 ι

1513 1679 1595 1718 Nec
1611 1692 1833 1730 quemquam
1847 1689 1993 1714 mouere
2012 1676 2118 1712 debet
2136 1703 2146 1719 ,
2174 1675 2274 1726 quod
2289 1676 2362 1723 pri·
2385 1703 2409 1732 Α
2429 1709 2475 1733 em
2525 1711 2570 1733 am
2614 1694 2616 1731 l

1415 1743 1498 1771 mus
1515 1731 1713 1767 voluntatis
1728 1738 1846 1763 motus
1863 1727 2027 1762 videatur
2039 1724 2107 1762 effe
2132 1725 2363 1769 necessarius,
2384 1751 2397 1769 r
2426 1750 2442 1769 e
2471 1713 2524 1770 ve?
2545 1742 2582 1771 est
2614 1747 2615 1776 ἱ

1415 1791 1456 1812 ac
1474 1778 1624 1823 proinde
1637 1778 1772 1814 censeri
1786 1776 1915 1812 debere
1931 1787 1951 1810 n
1964 1776 2104 1811 {tut-alis
2122 1801 2132 1811 .
2147 1779 2241 1813 Nam
2255 1789 2361 1813 omne
2384 1782 2524 1817 primum,
2537 1780 2579 1810 vel
2614 1790 2615 1806 π

1413 1837 1523 1868 agens
1542 1828 1700 1863 naturale
1717 1825 1833 1863 velest
1866 1827 2013 1861 omnin)
2042 1827 2196 1870 primurn
2214 1855 2224 1869 ‚
2249 1829 2306 1864 vel
2337 1828 2361 1863 fi
2384 1826 2400 1846 ²
2452 1818 2581 1869 superior}
2613 1829 2615 1835 ⁴

1413 1872 1463 1911 est
1480 1875 1656 1922 posterius
1672 1904 1681 1918 ‚
1705 1880 1769 1913 erit
1794 1877 1838 1911 ab
1863 1875 1985 1921 aliquo
2006 1876 2114 1922 priori
2146 1880 2361 1916 naturaliter
2385 1856 2581 1926 tuffi‘ermm'

1414 1924 1692 1966 determinatum
1717 1927 1759 1965 ad
1785 1925 1964 1967 agendum
1993 1951 2002 1959 .
2029 1926 2213 1963 Voluntas
2241 1940 2363 1966 autem
2456 1913 2466 1926 ”

1412 1984 1531 2012 creata
1553 1989 1783 2025 nequaquam
1805 1974 1952 2010 dicendz
1985 1973 2035 2009 est
2065 1987 2174 2022 agens
2212 1981 2364 2016 omnino

1411 2025 1566 2072 primum
1585 2040 1596 2059 ε
1628 2028 1698 2064 Sed
1725 2039 1790 2063 nec
1810 2025 1878 2062 effe
1896 2023 2008 2072 potest
2039 2023 2275 2064 determinata
2301 2042 2364 2066 na-

1411 2076 1575 2116 turaliter
1604 2078 1649 2113 ab
1672 2079 1799 2124 aliquo
1823 2087 1910 2123 agen
1921 2086 1956 2109 te
1989 2073 2192 2119 suneriori;
2217 2079 2365 2126 ipsamet

1417 2125 1508 2161 enim
1522 2125 1570 2164 est
1586 2128 1657 2167 tale
1672 2128 1829 2164 aestiuum
1845 2153 1857 2168 ‚
1882 2136 1923 2160 ut
1938 2122 2084 2171 seipsam
2097 2125 2312 2165 determinet
2326 2131 2364 2168 in

1416 2175 1555 2221 agendo
1572 2201 1581 2214 .
1599 2178 1651 2213 Ex
1664 2176 1853 2225 hypothesi
1871 2186 1958 2220 ergo
1973 2174 2073 2221 quod
2101 2178 2268 2215 voluntas
2300 2182 2367 2217 ali-

1415 2225 1504 2272 quid
1518 2227 1708 2262 necessario
1724 2228 1809 2264 velit
1826 2253 1837 2268 ,
1865 2226 2009 2261 minime
2023 2234 2142 2262 tamen
2154 2227 2244 2264 illud
2274 2230 2367 2268 velle

1414 2274 1581 2311 causatur
1611 2273 1833 2318 naturaliter>
1854 2290 1874 2312 a
1908 2272 2072 2311 causante
2115 2278 2368 2325 voluntatem,

1417 2324 1551 2364 etiamsi
1565 2329 1776 2367 naturaliter
1791 2325 1972 2363 voluntati
1987 2324 2084 2361 dtret
2102 2325 2179 2373 effi‘:
2191 2328 2264 2365 Sed
2283 2331 2370 2379 pofi.

1415 2374 1552 2412 toaetu
1569 2377 1688 2422 primo
1708 2405 1719 2422 ,
1746 2389 1822 2425 quo
1836 2377 2005 2413 voluntas
2038 2374 2088 2411 est
2116 2379 2285 2417 voluntas
2302 2408 2313 2424 ‚
2343 2381 2371 2418 fi

1422 2423 1495 2470 ipsa
1515 2425 1577 2461 fibi
1590 2428 1857 2475 relinqueretur
1874 2453 1886 2470 ,
1910 2426 1969 2463 etfi
1986 2424 2098 2473 posset
2116 2430 2370 2473 contingenter

1420 2474 1553 2513 habere
1567 2500 1580 2517 2
1607 2478 1661 2513 vel
1681 2490 1751 2513 non
1766 2477 1898 2513 habere
1918 2476 1988 2511 hoc
1998 2474 2089 2513 velle
2102 2503 2117 2523 ,
2146 2467 2264 2519 tamefi
2277 2480 2369 2532 seip-

1419 2524 1491 2578 sam
1503 2525 1758 2568 determinaret
1774 2528 1821 2565 ad
1834 2528 1904 2566 hoc
1916 2526 2009 2568 veile
2023 2551 2035 2565 .

2186 3745 2332 3799 Qum-
