2628 4026
138 269 246 297 Dofmr
275 279 318 298 το,

117 307 274 345 ξζεῑαρίψΐ.
285 318 315 344 q.

122 355 145 374 1.
161 347 187 372 3(
202 354 230 382 4.

156 676 184 702 3.
196 664 256 694 dist.
268 674 318 700 47.

116 708 189 740 §.Aa
200 703 318 740 quaestio.

113 742 314 779 nemigieur.4.

113 780 173 813 diss-
190 791 235 814 17.
249 787 272 815 6.
285 780 318 810 In

109 818 162 853 ista
197 821 303 858 quaestio
311 839 319 846 .

111 867 155 889 ne.
172 861 206 886 V.
215 859 316 900 depri-

115 906 156 932 κθ
165 913 173 923 ι
309 897 312 899 ⁴

101 1726 131 1753 ᾗ.
144 1716 200 1745 disi.
218 1723 261 1749 ις.
274 1725 302 1754 q.

102 1765 127 1782 2·
139 1756 301 1791 n.7.V.quo-

102 1793 177 1820 mado
188 1800 283 1820 autem

101 1838 129 1865 3.
141 1831 203 1858 din.
212 1840 248 1865 40
266 1832 301 1858 V.

101 1878 235 1905 quonium
244 1872 308 1897 ena*

98 1908 137 1934 aa!
140 1908 299 1942 judicialia.

99 1955 127 1973 n„
140 1949 170 1973 6.

90 3648 117 3681 5-
132 3639 194 3667 dist.
208 3644 255 3677 46.
269 3651 298 3680 q.

97 3687 228 3708 1.n.11;

355 192 556 228 afferuntur
572 221 580 234 ‚
596 205 635 228 ac
648 193 796 243 desuper
809 193 989 229 adduntur
1006 197 1100 240 leges
1118 195 1297 230 bumanae»

462 245 654 286 Praeterea,
681 244 882 281 Mensuram
897 256 1040 291 oportet
1066 243 1133 280 effe
1166 244 1296 280 veriffi-

358 304 449 326 mam
467 319 479 334 ,
497 295 655 339 alioquin
677 295 860 342 peripsam
878 308 948 329 non
966 294 1227 330 innotescerent
1242 306 1297 329 res

358 344 489 387 iguotae
507 368 515 378 .
548 345 734 381 Dietamcn
758 345 920 380 humanae
951 346 1100 381 rationis
1122 346 1164 380 de
1191 345 1299 380 rebus

356 393 523 437 gerendis
562 395 610 429 est
649 397 820 431 incertum
847 396 881 429 8(
914 394 1094 433 dubium3
1123 396 1198 429 imo
1224 395 1298 441 ple-

356 455 510 488 rumque
522 446 641 480 evenit
663 457 802 481 uterrer
821 458 831 484 3
849 445 882 478 8(
900 456 942 478 eo
961 457 1029 480 uon
1043 455 1199 486 errante,
1213 456 1295 479 cum

353 496 633 541 putanrurleges
652 494 806 529 statuisse
824 494 933 528 utiles
954 520 964 535 ,
993 496 1195 541 probantur
1211 495 1292 528 inu-

352 545 458 577 tiles.
493 545 745 589 Ergoomniuo
775 556 845 578 non
867 543 913 577 est
945 544 1175 579 necessarium
1202 545 1297 590 leges

354 595 490 639 aliquas
508 607 568 639 per
586 596 747 630 homines
761 595 867 628 ferri.

454 645 592 680 Contra
605 672 613 679 .
639 644 854 691 Oppositum
867 641 1069 680 declaratur
1083 655 1117 690 q.
1136 642 1291 691 praeced.

355 703 426 728 arc.
447 705 463 727 2
497 695 540 734 ὠ·
561 707 594 739 3.

455 743 668 790 Respondeo
681 742 871 778 dicendum
893 768 905 784 ‚
934 752 1101 788 oportere
1116 742 1210 788 leges
1224 741 1294 777 hu-

354 805 475 828 manas
493 793 594 829 fuisse
607 821 615 835 ‚
633 796 667 829 8(
681 792 746 828 effe
759 818 770 830 .
785 793 990 828 Declaratio
1007 818 1013 826 .
1033 793 1212 837 Quamvis
1225 804 1294 828 no-

355 846 407 879 bis
421 844 531 879 indita
548 844 585 879 sit
601 845 659 879 lex
675 844 847 879 naturalis
863 869 875 885 ‚
906 844 940 879 8(
958 843 1001 878 de
1030 843 1108 885 luce
1136 844 1293 880 increata

352 896 480 929 mentis
501 894 628 929 divinae
646 921 658 936 ‚
682 906 762 940 quae
778 892 826 930 est
852 895 909 929 lex
926 904 1053 930 aeterna
1068 918 1079 934 ,
1109 893 1289 935 derivata3

351 955 506 979 attamen
523 957 583 991 per
599 945 706 980 talem
724 946 837 991 legem
850 956 922 980 non
950 943 1201 990 cognoscimus
1228 942 1288 981 nifi

349 995 458 1040 prima
473 995 646 1041 principia
663 994 819 1042 praefica
832 1021 845 1037 ,
872 1006 912 1030 nt
932 997 1066 1031 bonum
1093 995 1290 1032 amandum

347 1044 480 1079 malurn
496 1044 708 1089 fugiendum
724 1044 970 1088 5honestatem
988 1045 1291 1089 se&andam‚tur-
1343 1052 1347 1054 “

344 1093 550 1140 pitudinem
564 1097 650 1132 odio
665 1096 837 1133 abendam
852 1109 864 1136 3
879 1097 912 1132 8(
935 1098 1182 1134 conclusiones
1209 1098 1288 1132 evi-

346 1143 470 1180 denter
503 1146 536 1182 &
560 1147 753 1184 necessario
767 1159 811 1183 ex
822 1147 878 1182 his
893 1149 1077 1196 principiis
1092 1149 1209 1185 illatas
1227 1149 1286 1184 2&

341 1205 463 1230 revera
478 1194 596 1233 striete
610 1197 794 1245 loquendo
806 1197 894 1234 nihil
906 1200 1003 1235 aliud
1016 1198 1065 1235 est
1076 1199 1287 1242 dicendum,

339 1242 497 1294 speEkare
512 1248 555 1283 ad
572 1248 661 1284 hanc
684 1250 798 1295 legem
816 1251 1012 1286 naturalem
1032 1263 1045 1290 ‚·
1062 1250 1288 1285 extendendo

339 1306 460 1332 tamen
476 1323 488 1339 ,
504 1299 723 1345 quandoque
740 1300 774 1335 8(
791 1300 880 1336 illud
904 1300 1038 1336 dicitur
1051 1299 1119 1336 effe
1132 1301 1174 1336 de
1208 1301 1286 1345 lege

338 1357 480 1382 naturae
497 1374 506 1388 ,
525 1349 623 1394 quod
642 1350 690 1386 est
705 1361 833 1387 verum
863 1350 1059 1396 praeticum
1086 1349 1284 1387 consonum

341 1397 534 1445 principiis
562 1401 619 1434 vel
646 1400 934 1437 conclusionibus
948 1402 1034 1448 legis
1056 1413 1193 1439 naturae
1208 1426 1216 1434 ·
1233 1400 1285 1436 At

337 1447 468 1482 vitiata
483 1460 545 1494 per
560 1461 745 1496 peccatum
763 1451 918 1487 humana
933 1462 1058 1488 natura
1076 1479 1087 1494 ‚
1117 1452 1153 1488 8(
1168 1452 1282 1487 veluti

337 1498 420 1532 navi
439 1497 571 1545 absque
585 1502 832 1545 gubernaculo
861 1502 933 1537 hue
962 1502 1122 1549 illucque
1151 1501 1283 1548 jaGtata

334 1547 477 1583 turbine
492 1550 684 1596 paffionum
698 1552 739 1588 dc
753 1552 1026 1600 concupiscibili
1050 1553 1083 1588 8(
1113 1552 1283 1588 irascibili

337 1595 585 1636 affeetionibus
603 1602 859 1648 prodeuntium
876 1630 887 1646 ,
912 1605 943 1639 8(
966 1600 1113 1638 subinde
1146 1605 1281 1638 ratione

334 1647 546 1685 obnubilata
578 1678 588 1694 ‚
617 1652 651 1687 8(
692 1653 852 1701 depressa
883 1665 990 1691 onere
1033 1653 1280 1703 corruptibilis

335 1698 475 1738 carnis;
492 1712 529 1735 ea
546 1714 625 1749 quae
643 1703 870 1741 fibinarurali
886 1706 1020 1742 lumine
1038 1706 1279 1747 innotescunt,

335 1746 416 1782 satis
434 1747 585 1789 essenon
605 1754 747 1800 possunt
765 1757 807 1790 ad
828 1756 921 1793 reete
938 1757 1147 1795 vivendum.
1167 1756 1282 1792 :ac-tusa

335 1811 405 1845 que
418 1799 624 1846 dirigendos
640 1805 675 1839 in
688 1806 762 1841 vita
777 1808 901 1849 civili,
916 1807 957 1842 ad
974 1806 1120 1854 pacifice
1137 1810 1167 1844 8<
1184 1809 1283 1843 secu·

336 1862 372 1886 re
388 1852 496 1886 vitam
515 1854 785 1892 traducendam:
802 1859 897 1894 Hinc
910 1857 1071 1893 homines
1085 1868 1280 1906 potuerunt

335 1903 424 1936 inter
440 1900 471 1937 se
488 1909 685 1941 convenire
701 1908 736 1942 8(
762 1907 961 1944 consentire
978 1935 988 1949 ‚
1013 1918 1053 1943 ut
1079 1909 1282 1945 traderetur

335 1953 390 1987 vel
408 1956 530 1998 paucis
547 1955 590 1991 de
603 1961 859 1994 communitate
872 1983 884 2002 ,
911 1961 965 1994 vel
985 1960 1044 1994 uni
1062 1959 1206 2006 politica
1221 1972 1283 1994 au-

333 2002 482 2038 &oritas
499 2003 603 2052 super
615 2019 738 2043 ornnes
757 2007 837 2054 ejus
853 2011 1124 2044 communitatis
1146 2036 1156 2050 ‚
1170 2023 1187 2044 a
1202 2020 1279 2056 quo

334 2053 394 2087 vel
411 2055 546 2099 quibus
562 2068 770 2102 regerentur
784 2085 793 2100 ,
808 2059 841 2093 8(
858 2060 1113 2095 ordinarentur
1139 2061 1182 2094 ad
1212 2063 1281 2095 bo-

332 2114 417 2138 rnum
435 2107 619 2148 publicum
638 2133 646 2142 .
663 2111 758 2144 Nam
772 2110 805 2143 in
826 2109 882 2144 his
899 2122 978 2156 quae
995 2122 1064 2145 non
1092 2109 1172 2145 sunt
1195 2122 1280 2145 con-

333 2164 387 2187 tra
410 2155 520 2198 legem
540 2157 637 2198 Dei,
663 2157 758 2204 juste
775 2160 858 2205 quis
874 2160 988 2205 potest
1006 2159 1038 2195 se
1068 2160 1279 2196 submittere

331 2205 394 2237 uni
410 2204 564 2249 personae
583 2235 592 2249 ,
609 2211 662 2244 vel
682 2212 960 2252 communitati,
983 2223 1058 2259 quo
1083 2211 1208 2247 melius
1225 2211 1281 2246 di-

334 2255 470 2298 rigatur
488 2269 547 2302 per-
566 2260 663 2295 illum
680 2285 690 2300 ,
718 2262 902 2306 inquibus
928 2263 1054 2296 melius
1078 2260 1192 2308 potest
1221 2272 1281 2295 or-

331 2304 445 2344 dinari
462 2334 474 2350 ‚
492 2319 598 2353 quam
615 2321 675 2354 per
692 2309 853 2356 seipsum
871 2339 881 2346 .
898 2310 1008 2346 Porro
1026 2313 1086 2346 uni
1101 2338 1112 2352 ‚
1126 2312 1180 2346 vel
1199 2311 1280 2357 plu·

332 2355 568 2392 ribustradita
585 2358 801 2395 auetoritatc
829 2361 884 2395 vel
903 2361 1076 2408 potestate
1103 2360 1279 2405 dirigendi

329 2403 433 2446 illos,
456 2409 517 2453 qui
532 2411 564 2443 ei
578 2411 684 2444 talem
698 2411 904 2454 potestatem
929 2409 1023 2456 juste
1051 2411 1279 2447 tradiderunt

328 2457 467 2499 praevio
485 2459 673 2505 prudentie
683 2460 919 2496 dictaminein
934 2460 967 2496 sc
981 2462 1128 2509 ipso‚vel
1143 2462 1177 2496 in
1194 2472 1281 2498 cons-

330 2504 472 2541 filiariis
504 2507 575 2544 suis
603 2512 695 2545 valet
711 2513 804 2556 leges
819 2511 971 2546 statuere
988 2537 999 2555 ‚
1027 2511 1279 2559 subjectosque

330 2555 373 2589 ad
387 2568 507 2593 earum
525 2561 787 2597 observantiam
802 2561 1020 2608 obstringere
1034 2591 1044 2605 ‚
1061 2575 1131 2609 qua
1146 2562 1278 2598 habea-

335 2615 396 2639 tur
414 2605 494 2642 finis
508 2609 645 2645 tradita:
659 2612 720 2646 fibi
747 2613 971 2648 auctoritatis
995 2639 1004 2648 .
1033 2612 1280 2661 Quemadmo‘

332 2654 417 2690 dum
430 2669 515 2704 crgo
529 2659 580 2694 est
607 2661 795 2698 necessaria
827 2665 918 2699 inter
947 2663 1108 2699 homines
1132 2664 1278 2711 politica

334 2706 526 2744 auctoritas
544 2710 618 2756 post
635 2712 770 2759 lapsum
786 2714 828 2748 ad
841 2726 963 2762 pacem
982 2713 1188 2750 servandam
1206 2741 1216 2755 ,
1242 2714 1277 2749 &

333 2758 455 2800 quiete
483 2771 522 2793 ac
550 2759 670 2798 secure
685 2764 879 2800 vivendum
896 2777 907 2804 3
923 2767 969 2800 ita
983 2766 1149 2812 oportuit
1163 2764 1280 2799 omni-

335 2817 383 2839 no
401 2808 498 2853 leges
514 2809 688 2847 humanas
704 2813 770 2848 effe
787 2841 797 2856 ‚
815 2815 849 2849 8(
865 2815 945 2849 ferri
961 2826 1070 2862 prout
1085 2816 1275 2863 publicum

332 2858 467 2893 bonurn
482 2859 692 2909 &tempora
705 2865 889 2909 exegerint
906 2891 914 2900 .

432 2908 489 2946 Ad
502 2921 707 2957 argumenta
723 2939 731 2949 .
755 2913 813 2949 Ad
839 2915 992 2961 primum
1016 2912 1150 2951 ditium
1173 2915 1221 2951 est
1244 2917 1278 2952 in

323 2955 496 3003 fidutiam*
515 2988 525 3002 ,
553 2974 612 3007 per
625 2962 734 2998 solam
750 2965 862 3008 legem
877 2966 1076 3000 naturalem
1093 2966 1277 3002 subsistere

332 3007 424 3041 haud
444 3009 535 3056 posse
554 3014 770 3061 Reipublicae
794 3016 926 3058 bonum
943 3042 954 3061 2
980 3016 1010 3050 3<
1038 3017 1276 3062 tranquillita-

328 3067 421 3107 tem.

436 3108 899 3151 Adsecundumdicendum
920 3142 929 3157 ,
954 3127 1022 3153 non
1047 3116 1275 3162 oporterele·

331 3169 393 3209 ges
409 3157 581 3199 humanas
595 3165 715 3200 eadem
748 3168 985 3212 perpetuitate
1003 3194 1012 3207 ‚
1038 3167 1072 3202 8(
1105 3164 1274 3201 firmitate

331 3207 474 3250 fulciri,
493 3223 560 3257 qm.
579 3214 634 3248 lex
652 3217 819 3251 naturalis
834 3243 844 3253 .
861 3217 956 3250 Cum
973 3217 1062 3251 enirn
1080 3228 1219 3266 mores,
1235 3217 1269 3251 8:

333 3259 607 3299 consuetudines
619 3264 821 3301 Civitatum
837 3268 944 3300 variis
963 3267 1004 3301 de
1031 3268 1143 3300 causis
1166 3269 1198 3302 ἃ
1225 3268 1274 3301 ob

334 3311 551 3356 multiplices
566 3326 716 3350 eventus
730 3318 857 3350 murari
873 3328 1005 3362 queant
1023 3343 1031 3356 ‚
1058 3317 1201 3364 expedit
1220 3316 1274 3351 su-

332 3361 439 3394 binde
470 3362 640 3399 Renores
668 3366 888 3409 Reipublieae
916 3367 1028 3400 modis
1054 3368 1085 3400 ἃ
1125 3366 1250 3411 (lisposi
1263 3385 1272 3391 —

333 3412 492 3448 tionibus
505 3412 666 3451 consonis
684 3426 885 3461 temporum
907 3417 1100 3454 varietati,
1127 3418 1273 3462 dirigere

334 3460 514 3506 subjeeios
535 3466 686 3509 populos
707 3493 714 3506 ‚
732 3465 810 3500 saris
828 3466 972 3510 cliergo
1003 3469 1093 3510 leges
1119 3467 1160 3500 de
1186 3479 1274 3513 pru-

332 3512 458 3548 ‹lt-mire
472 3512 660 3549 dietaminc
674 3516 754 3550 ferri
768 3519 811 3551 ab
827 3517 978 3551 habente
996 3518 1189 3561 legitimum
1211 3530 1270 3551 au-

333 3562 535 3598 ctoritatem
551 3566 584 3598 in
600 3566 731 3601 bonum
745 3569 1019 3602 communitatis
1034 3595 1043 3609 ‚
1057 3579 1165 3614 quam
1198 3578 1274 3601 mo-

333 3613 478 3650 deratur
496 3640 503 3648 .
523 3616 617 3652 Nam
634 3616 654 3650 si
674 3617 851 3651 interdum
865 3619 912 3652 ob
924 3618 1035 3654 dietas
1047 3616 1168 3653 causas
1190 3629 1275 3664 pro-

331 3665 501 3699 barentur
516 3665 615 3710 leges
630 3666 789 3713 alioquin
801 3666 904 3712 justae
923 3694 932 3708 ,
958 3669 1081 3704 cedere
1104 3670 1139 3703 in
1167 3667 1274 3706 detti,

333 3725 490 3751 mentum
505 3715 587 3749 boui
608 3718 765 3763 publici,
779 3718 811 3753 8(
831 3719 946 3753 minus
962 3731 1051 3766 aptce
1069 3719 1182 3754 forent
1198 3729 1274 3753 mo-

325 3769 407 3811 insu
426 3780 443 3801 e
463 3767 579 3802 ivium
602 3780 611 3806 ς
637 3779 724 3806 tunc
740 3765 876 3811 justum
904 3768 1038 3805 estnon
1066 3769 1198 3810 servari
1214 3780 1273 3809 eas

960 127 1143 173 Summe
1167 123 1354 188 Joanm's
1383 128 1511 174 Dum·
1543 127 1663 176 Scoti
1679 130 1692 178 .’

1376 197 1473 242 leges
1485 194 1598 242 justas
1613 222 1625 242 ‚
1655 200 1688 234 &
1705 195 1814 233 statui
1829 198 1914 234 alias
1929 197 2182 233 communitati
2195 195 2326 239 utilio-

1369 258 1425 282 res
1440 272 1449 281 .

1519 345 2026 386 ARTICVLVS
2080 348 2159 385 lv.

1366 445 1497 483 Vtrum
1528 446 1638 481 fuerit
1660 445 1896 530 accegarium
1923 448 1992 487 effe
2019 449 2178 496 aliquam
2202 448 2316 492 legem

1742 530 1745 534 ,
1771 509 1904 532 ivmam
1929 522 1939 532 .

1363 590 1517 639 Praesens
1529 592 1707 643 qnaest'tzcm
1723 594 1796 632 late
1811 595 1996 644 expensum
2012 598 2117 636 hahes
2134 609 2160 635 ι.
2174 606 2256 645 p.q·
2279 609 2307 633 ι.

1628 653 1700 689 art.
1735 656 1764 681 1.
1789 646 1868 682 ideo
1894 646 1953 683 hic
1966 648 2063 685 nihil

1726 696 1931 740 addendum
1942 723 1953 734 .

1529 845 2047 887 ARTICULUS
2100 851 2151 889 V.

1508 946 1646 984 Vtrum
1662 950 1718 985 lex
1731 948 1852 988 divina
1868 949 1909 985 sit
1924 961 1994 986 una
2008 960 2153 987 tantum
2167 977 2178 986 .

1413 1043 1550 1083 {Durior
1560 1048 1642 1085 locis
1654 1052 1694 1087 in
1708 1054 1867 1097 margine
1882 1053 1943 1087 cit.
1961 1052 2004 1088 S.
2035 1051 2159 1087 Thom.
2180 1062 2211 1087 1.
2225 1064 2264 1092 2.

1716 1112 1752 1149 q.
1764 1114 1803 1150 9¹
1814 1128 1822 1138 .
1835 1108 1908 1139 art.
1927 1111 1964 1148 ς,

1493 1197 1555 1235 De
1564 1199 1618 1237 his
1633 1201 1727 1250 rurs
1723 1215 1765 1240 us
1788 1202 1887 1250 infra
1898 1215 1933 1251 q.
1959 1212 2035 1249 10¹7.
2048 1210 2121 1240 art.
2144 1213 2175 1238 r.

1480 1299 1603 1338 ldetur
1618 1314 1688 1338 una
1713 1305 1857 1350 penitus
1881 1303 1948 1341 esse
1978 1305 2035 1340 lex
2050 1303 2173 1340 divina
2190 1332 2198 1341 .
2227 1305 2315 1342 Ere.

1491 1351 1561 1384 nim
1577 1353 1609 1387 8(
1625 1353 1714 1397 legis
1727 1355 1864 1390 traditae
1882 1367 1942 1401 per
1955 1352 2106 1400 Moysen
2127 1353 2310 1400 israelitis,

1362 1400 1395 1435 ἃ
1415 1401 1638 1446 Evangelicae
1666 1415 1725 1448 per
1750 1403 1935 1439 Christum
1958 1402 2082 1449 Jesum
2110 1403 2311 1449 institutae,

1360 1449 1482 1485 eadem
1495 1453 1646 1488 omnino
1662 1451 1739 1488 sunt
1753 1454 1899 1489 moralia
1915 1463 2090 1501 praecepta
2110 1479 2122 1495 ‚
2154 1453 2313 1491 Decalo—

1360 1503 1398 1546 gi
1411 1502 1581 1537 nimirum
1596 1529 1605 1544 ,
1623 1503 1759 1549 quibus
1783 1514 1949 1540 tenentur
1976 1504 2140 1541 homines
2158 1505 2312 1541 ‘confor-

1359 1564 1456 1590 mare
1471 1552 1572 1588 aetus
1587 1551 1669 1590 suos
1687 1554 1731 1590 ad
1747 1552 1892 1590 salutern
1911 1569 1923 1595 3
1943 1567 2028 1599 crgo
2041 1566 2110 1589 una
2124 1581 2135 1596 ‚
2148 1554 2310 1592 ·eadem-

1357 1613 1431 1649 quc
1453 1601 1625 1638 censenda
1654 1605 1702 1640 est
1732 1606 1790 1641 lex
1811 1606 2006 1653 Mosayca,
2033 1604 2068 1639 8(
2093 1605 2313 1650 Evangelica

1360 1652 1480 1700 quoad
1496 1652 1690 1691 essentialia
1702 1682 1712 1696 ‚
1728 1655 1788 1691 etsi
1800 1657 1833 1691 in
1846 1655 2063 1706 quibusdam
2081 1655 2313 1695 accidentali·

1358 1705 1425 1742 bus
1441 1704 1784 1742 videanturdifferre
1802 1725 1813 1737 ο

1458 1757 1635 1793 Praeterea
1654 1785 1663 1799 ,
1681 1758 1813 1793 Unitas
1831 1757 1978 1794 virtutis
1990 1755 2037 1792 est
2050 1757 2095 1791 ab
2112 1758 2250 1792 unitate
2263 1755 2306 1792 fi-

1358 1809 1413 1854 nis
1440 1835 1447 1843 .
1465 1807 1536 1843 Sed
1552 1810 1683 1844 veteris
1699 1809 1733 1844 ἃ
1753 1820 1854 1844 novae
1884 1808 1975 1854 legis
1995 1818 2089 1843 unus
2104 1833 2114 1848 ,
2140 1806 2309 1854 idemque

1360 1859 1407 1894 est
1421 1857 1499 1894 finis
1520 1872 1530 1899 3
1557 1871 1643 1906 ergo
1659 1859 1693 1896 8<
1725 1869 1876 1905 utraque
1894 1860 1953 1894 lex
1966 1870 2035 1893 una
2063 1856 2208 1905 prorsus
2225 1871 2310 1894 cen-

1360 1910 1466 1945 senda
1485 1908 1556 1946 est.
1578 1911 1745 1946 Probatio
1767 1909 1913 1946 minoris
1934 1922 1946 1950 ;
1973 1909 2059 1954 quia
2088 1907 2188 1942 Deus
2217 1910 2305 1945 dans

1360 1962 1473 2006 legem
1489 1962 1652 1997 Haebreis
1669 1974 1729 2009 per
1744 1959 1896 2008 Moysen
1914 1986 1926 2001 ,
1949 1960 1983 1994 8(
2011 1959 2195 1995 Gentibus
2226 1971 2305 1994 orn-¹

1360 2013 1468 2046 nibus
1505 2024 1566 2057 per
1595 2012 1724 2049 Filium
1755 2011 1859 2047 suum
1886 2010 2116 2058 promulgans
2144 2010 2307 2056 Evange-

1359 2063 1445 2096 lium
1461 2088 1470 2102 ,
1485 2062 1634 2099 eundem
1654 2061 1833 2110 spectabat
1859 2062 1964 2098 finem
1981 2073 1992 2103 3
2021 2058 2142 2105 estque
2171 2069 2304 2095 :eterna

1361 2110 1688 2151 saluscredentium
1707 2140 1718 2155 ‚
1745 2114 1779 2148 8(
1806 2112 2027 2148 servantium
2051 2109 2186 2153 legem3
2217 2120 2305 2156 ergo

1361 2174 1430 2198 una
1450 2163 1481 2196 8(
1496 2174 1566 2198 non
1583 2164 1770 2211 multiplex
1789 2163 1836 2199 est
1851 2160 1912 2203 lex
1925 2163 2047 2197 divina
2066 2185 2076 2194 .

1459 2211 1599 2248 Contra
1613 2241 1622 2255 ‚
1637 2216 1687 2250 Le
1698 2226 1720 2248 x
1732 2213 1949 2259 Evangelio-a
1967 2212 2077 2248 multa
2096 2209 2304 2258 superaddit

1359 2260 1429 2307 legi
1442 2265 1556 2296 veteri
1574 2277 1586 2304 3
1602 2276 1688 2309 ergo
1701 2276 1770 2299 non
1787 2263 1836 2299 est
1856 2275 1927 2299 una
1943 2262 2086 2309 penitus
2101 2261 2302 2308 eademque

1361 2313 1430 2346 lex.
1448 2311 1680 2358 Affumpturn
1693 2313 1865 2361 probatur
1884 2325 1896 2353 ς
1928 2324 2008 2348 nam
2032 2312 2179 2348 Mathaei
2197 2321 2232 2355 5.
2253 2313 2304 2347 ait

1361 2362 1526 2399 Salvator
1540 2389 1548 2397 .
1564 2365 1720 2401 wiffam
1746 2363 1795 2412 est
1815 2365 1974 2409 antiquis
1991 2389 2000 2403 ‚
2025 2360 2117 2398 Non
2144 2361 2274 2397 occides
2289 2375 2303 2402 3

1361 2424 1420 2458 ego
1432 2422 1550 2448 autem
1567 2413 1641 2451 drco
1654 2443 1664 2458 ‚
1687 2419 1749 2461 qui
1778 2414 1946 2462 irascitur
1961 2411 2078 2458 fratri
2090 2409 2185 2457 sua,
2218 2423 2300 2448 retes

1360 2462 1574 2508 erirjudicio
1592 2478 1602 2505 3
1618 2467 1649 2501 8(
1664 2466 1709 2501 stc
1724 2466 1768 2502 de
1784 2468 1858 2502 aliis
1872 2465 2057 2512 praecepus
2076 2475 2087 2502 ;
2115 2467 2175 2500 lex
2188 2464 2299 2510 igitur

1360 2511 1530 2560 Mosayca
1544 2514 1578 2550 8(
1593 2518 1805 2561 Evangelica
1820 2528 1891 2551 non
1906 2514 1985 2550 sunt
1999 2525 2068 2549 una
2082 2514 2138 2548 lex
2152 2539 2161 2549 .

1460 2564 1674 2613 Respondeo
1711 2567 1900 2604 dicendum
1918 2590 1930 2608 ‚
1964 2562 2229 2600 Deum‘dediffe
2251 2562 2298 2598 le—

1358 2624 1437 2655 gem
1455 2615 1593 2661 Populo
1612 2617 1804 2654 israelitico
1815 2630 1875 2665 per
1891 2614 2041 2664 Moysen
2053 2640 2065 2656 ,
2078 2616 2110 2651 8(
2126 2615 2298 2650 omnibus

1358 2664 1567 2702 hominibus
1585 2679 1644 2713 per
1663 2668 1791 2704 Filium
1813 2669 1914 2704 suum
1928 2667 2053 2701 nostrae
2068 2677 2204 2702 naturae
2228 2664 2298 2699 hu·

1359 2727 1467 2750 manae
1485 2719 1625 2752 unitum
1640 2746 1650 2761 ‚
1675 2719 1738 2754 has
1766 2731 1885 2756 autern
1904 2719 2010 2762 ..leges
2036 2716 2208 2763 distingui
2225 2738 2237 2757 ‚
2255 2724 2295 2749 ut

1357 2764 1593 2812 distinguitur
1606 2769 1800 2813 perfeetum
1814 2770 1858 2805 ab
1870 2766 2081 2816 imperfeeto
2098 2793 2109 2809 ,
2126 2766 2161 2801 8(
2175 2765 2294 2812 dispo·

1358 2814 1439 2850 sitio
1453 2829 1469 2850 a
1485 2815 1596 2853 forma
1610 2817 1716 2865 cujus
1728 2820 1776 2856 est
1793 2819 2006 2867 preparatio
2021 2843 2029 2852 .
2041 2820 2139 2854 Nam
2152 2817 2209 2852 lex
2231 2826 2294 2863 po-

1359 2864 1479 2901 sterior
1495 2893 1504 2908 ,
1523 2867 1655 2916 semper
1668 2869 1736 2906 fuit
1749 2873 1868 2917 priore
1885 2869 2073 2917 perfec-'tior
2089 2892 2102 2908 ‚
2131 2878 2169 2902 ut
2196 2876 2294 2913 patet

1357 2915 1400 2950 de
1417 2917 1492 2961 lege
1508 2921 1659 2956 Naturae
1677 2947 1686 2962 ,
1702 2921 1736 2956 8(
1755 2921 1926 2967 Mosnyca
1943 2944 1955 2957 .
1972 2918 2072 2953 Deus
2089 2919 2180 2953 euim
2201 2915 2301 2951 ordi-

1356 2977 1436 3003 nate
1451 2979 1558 3012 agens
1571 2970 1614 3005 de
1630 2971 1838 3018 impcrfeflo
1851 2970 1894 3006 ad
1909 2968 2104 3017 perfeetum
2122 2968 2299 3016 proceditz

1357 3016 1414 3051 lex
1429 3029 1548 3054 autem
1569 3022 1783 3067 Evangelica
1798 3021 1844 3057 est
1858 3033 1918 3068 per
1928 3018 2105 3055 feffiffima
2121 3020 2298 3061 omnium,

1354 3078 1445 3112 quas
1458 3068 1576 3106 statuit
1592 3073 1689 3107 Deus
1707 3072 1787 3107 dare
1801 3071 2003 3107 hominibus
2022 3080 2086 3114 pro
2099 3068 2188 3104 statu
2204 3071 2267 3103 viae
2284 3083 2296 3111 3

1355 3116 1551 3167 estquippe
1566 3122 1691 3158 ultima
1711 3149 1723 3164 ,
1738 3122 1931 3158 secundum
1953 3119 2041 3155 illud
2064 3118 2207 3166 Mathei
2235 3121 2296 3156 26.

1355 3167 1465 3202 Novi
1501 3196 1510 3210 ‚
1554 3171 1597 3208 ὄπ’
1630 3175 1752 3208 aeterm'
1787 3172 1999 3218 Testamenti
2030 3196 2038 3205 .
2080 3169 2160 3206 Post
2198 3171 2296 3218 quod

1355 3218 1521 3254 nimirum
1538 3222 1674 3256 nullum
1693 3223 1788 3258 aliud
1804 3223 1851 3257 est
1868 3222 2058 3260 futurum3
2076 3223 2108 3255 in
2127 3221 2296 3268 processu

1358 3278 1443 3301 vero
1471 3270 1515 3305 ab
1541 3272 1745 3316 imperfeeio
1770 3274 1813 3305 ad
1843 3271 2067 3319 perfectum,
2097 3270 2296 3318 posteriora

1355 3315 1435 3350 suut
1451 3319 1661 3363 perfeetiora
1677 3350 1685 3359 .
1718 3322 1856 3357 Deinde
1873 3323 1928 3357 lex
1945 3332 2047 3356 vetus
2076 3322 2198 3356 extitit
2226 3320 2294 3358 dis-

1354 3367 1482 3413 positio
1496 3369 1537 3403 ad
1551 3373 1661 3416 legem
1681 3384 1811 3406 novam
1832 3398 1842 3413 ‚
1855 3374 1886 3407 δι
1906 3371 1947 3406 ad
1966 3371 2151 3406 Christum
2166 3399 2176 3415 ,
2191 3385 2231 3408 ut
2243 3374 2293 3408 di-

1355 3419 1399 3451 cit
1419 3420 1617 3463 Apostolus
1631 3422 1672 3456 ad
1687 3423 1811 3457 Galat.
1830 3433 1861 3467 ς.
1880 3423 1952 3458 Lex
1964 3421 2169 3469 padagogus
2185 3424 2294 3471 noster

1344 3465 1423 3512 suit
1437 3472 1473 3503 in
1487 3468 1627 3516 Christo
1643 3497 1654 3507 .
1670 3474 1850 3519 Quamvis
1861 3483 1978 3508 autem
1994 3475 2038 3507 ab
2051 3474 2174 3509 eodem
2187 3486 2294 3519 agen-

1352 3530 1386 3551 te
1404 3519 1439 3553 stt
1459 3518 1639 3565 dispositio
1658 3522 1699 3555 nd
1715 3523 1862 3558 sormam
1879 3550 1887 3564 ‚
1915 3522 1948 3557 8(
1967 3522 2038 3569 ipsa
2056 3524 2167 3559 forma
2183 3552 2194 3567 ,
2222 3537 2291 3561 non

1351 3580 1466 3605 tamen
1485 3571 1608 3606 eodem
1623 3573 1746 3613 mod03
1761 3586 1838 3609 nam
1855 3573 2118 3621 dispositionem
2132 3577 2294 3621 aliquan-

1351 3620 1399 3654 do
1414 3633 1472 3666 per
1487 3622 1591 3657 aliurn
1603 3622 1739 3658 inducit
1759 3649 1768 3665 ‚
1783 3624 1933 3659 formam
1948 3637 2035 3660 vero
2051 3625 2157 3671 perse
2176 3625 2293 3673 ipsum

1352 3670 1528 3717 imprimit
1545 3685 1555 3712 ;
1571 3684 1609 3708 ut
1624 3673 1857 3710 Architeftus
1873 3687 1932 3722 per
1953 3675 2151 3712 ministrum
2173 3676 2293 3722 dispo-

1351 3723 1399 3755 nit
1427 3724 1608 3759 materiam
1626 3750 1635 3765 ,
1657 3734 1725 3769 qua
1751 3736 1972 3773 praeparata,
2005 3738 2067 3775 per
2096 3727 2128 3765 se
2170 3727 2293 3765 forma:

1350 3771 1621 3819 prosius-”tionem
1638 3775 1781 3819 attingit
1801 3801 1810 3810 .
1840 3777 1900 3813 Sic
1918 3779 2016 3813 Deus
2033 3778 2121 3821 dans
2136 3788 2293 3816 veterem

2163 3831 2277 3872 legem

2330 3339 2449 3368 Miscell.
2463 3349 2513 3378 qq.

2329 3387 2359 3415 q.
2371 3383 2399 3406 6.
2412 3383 2436 3410 ο.
2449 3379 2530 3407 Circa

2324 3425 2449 3455 prunum]
2463 3434 2472 3450 9
