2653 4053
230 3234 257 3254 z.
272 3226 299 3254 d.
313 3227 359 3260 25?
369 3228 403 3256 Ῑιι

206 3267 402 3307 ιζςαηιῖιφνῐ-

205 3312 260 3341 cup.

495 146 518 196 5

526 145 1019 335 ⁰QUAE

1107 127 1289 175 Summae
1320 118 1510 192 Joanm's
1539 123 1669 172 Duns
1698 121 1818 171 Scoti

1070 226 1504 319 STIO
1611 225 2213 319 SEXTA

539 395 663 449 DE
711 389 1328 446 VOLUNTARIO
1373 387 1487 439 ET
1545 388 2306 450 INVOLUNTARm,

767 520 849 558 IN
904 514 1129 555 OCTO
1181 512 1692 556 ARTlCULOS
1746 517 2072 556 DlVISA.

422 632 526 684 Qia
541 632 650 678 igitur
665 628 706 664 ad
722 628 980 665 beatitudinem
998 638 1060 674 per
1074 627 1173 665 :ustus
1188 628 1328 673 aliquos
1345 623 1478 659 necesse
1493 623 1541 659 est
1556 627 1765 671 pervenire:
1779 637 1922 673 oportet
1934 626 2193 673 consequenter
2207 624 2251 659 de
2281 623 2412 658 huma·

523 684 576 718 nis
592 680 730 717 aestibus
742 678 986 719 considerare,
1016 688 1055 712 ut
1074 677 1221 714 sciamus
1247 678 1381 722 quibus
1403 673 1542 710 aclibus
1566 677 1800 721 perveniatur
1826 677 1868 711 ad
1894 678 2155 713 beatitudinem
2175 701 2187 716 ‚
2211 674 2267 709 vel
2298 675 2414 719 impe·

523 732 642 768 diatur
658 727 887 766 beatitudinis
917 730 975 762 via
1003 752 1010 761 .

1035 726 1102 763 Sed
1118 731 1202 773 quia
1231 725 1482 769 operationes,
1509 724 1544 759 8<
1571 725 1674 761 aetus
1700 728 1795 763 circa
1817 727 2008 771 singularia
2038 725 2120 760 sunt
2148 735 2161 763 2

2188 724 2268 759 ideo
2295 723 2413 757 omnis

526 781 715 828 operativa
731 776 874 813 scientia
889 780 922 812 in
937 778 1142 824 particulari
1157 776 1444 813 consideratione
1460 773 1644 820 perficitur
1659 803 1667 811 .
1686 776 1834 813 Moralis
1861 778 1973 824 igitur
1984 775 2222 811 consideratio
2239 775 2346 819 ‚quia
2362 771 2412 807 est

524 831 765 868 humanorum
784 827 927 863 aestuum
942 854 952 868 ,
976 829 1091 874 primo
1108 828 1255 874 quidem
1271 824 1440 862 tradenda
1460 822 1508 859 est
1526 824 1561 859 in
1575 826 1790 862 universali:
1809 827 1981 864 Secundo
1999 828 2129 862 veroin
2147 822 2386 872 particulari.

425 883 533 922 Circa
546 879 780 918 universalem
798 889 915 914 autem
931 877 1247 913 considerationem
1265 877 1505 911 humanorum
1519 874 1663 912 aestuum
1678 902 1687 916 ,
1717 878 1833 923 primo
1850 877 1998 924 quidem
2024 873 2321 911 considerandum
2348 883 2412 907 oc·

479 956 482 958 -
524 933 635 968 currit
650 932 693 966 de
709 929 847 966 astibus
859 927 1022 963 humanis
1039 953 1047 962 .
1060 926 1227 964 Secundo
1240 928 1282 962 de
1299 925 1482 974 principiis
1499 936 1622 962 eorum
1641 950 1652 961 .
1670 928 1924 964 Humanorum
1937 937 2057 963 autem
2088 924 2234 960 actuum
2261 922 2412 970 quidam

525 981 605 1018 sunt
619 981 778 1028 proprii,
808 977 955 1025 quidam
974 975 1199 1014 sunthomini
1217 1005 1229 1021 ,
1253 977 1287 1013 Sc
1306 975 1382 1012 aliis
1394 976 1606 1012 animalibus
1618 988 1830 1012 communes
1844 1003 1854 1009 .
1869 980 1911 1014 Et
1927 979 2013 1026 quia
2040 975 2229 1012 beatitudo
2251 972 2301 1009 est
2329 984 2413 1020 pro·

521 1033 639 1082 prium
655 1029 809 1065 hominis
828 1031 959 1064 bonum
977 1054 987 1069 ‚
1012 1030 1249 1075 propinquius
1263 1027 1294 1063 se
1311 1026 1445 1062 habent
1461 1024 1503 1059 ad
1522 1026 1784 1063 beatitudinem
1799 1028 1899 1064 aestus
1914 1056 1926 1071 ,
1951 1027 2113 1073 quisunt
2130 1026 2272 1074 proprie
2284 1023 2414 1058 huma-

525 1094 560 1119 ni
573 1108 583 1123 ,
607 1092 714 1128 quam
732 1078 832 1115 aelus
845 1102 858 1121 ‚
878 1076 1035 1124 quisunt
1052 1078 1190 1115 homini
1206 1078 1355 1124 aliisque
1371 1075 1585 1111 animalibus
1601 1088 1811 1115 communes
1826 1105 1835 1114 .
1856 1079 1976 1115 Primo
1993 1089 2082 1123 ergo
2114 1073 2412 1112 considerandum

524 1132 574 1169 est
589 1132 631 1167 de
650 1131 788 1167 affibus
802 1156 814 1172 ‚
840 1127 998 1176 quisunt
1016 1130 1152 1177 proprii
1168 1127 1324 1165 hominis
1342 1153 1350 1164 ,
1366 1125 1533 1163 Secund2
1552 1125 1597 1163 de
1616 1126 1756 1164 astibus
1783 1130 1848 1176 qui
1872 1127 1951 1165 sunt
1972 1126 2109 1163 homini
2125 1153 2138 1170 ‚
2166 1125 2316 1173 aliisque
2337 1122 2418 1159 ani-

532 1183 685 1218 malibus
697 1191 908 1217 communes
922 1206 933 1222 ‚
959 1180 1021 1226 qui
1035 1179 1206 1215 dicuntur
1222 1180 1347 1215 animce
1367 1175 1539 1226 paffiones
1554 1203 1563 1213 .

427 1229 533 1269 Circa
545 1233 698 1280 primum
714 1231 786 1266 duo
800 1228 1050 1266 consideranda
1064 1242 1260 1266 occurrunt
1276 1255 1287 1266 .
1311 1230 1454 1269 Primo,
1480 1229 1534 1263 De
1555 1226 1839 1266 consideratione
1872 1230 2113 1266 humanorum
2141 1227 2287 1264 aunum
2317 1237 2328 1260 z
2356 1220 2420 1260 Se·

526 1282 647 1318 cundo
665 1308 676 1326 ,
708 1284 759 1317 De
775 1280 1003 1317 distincffione
1018 1293 1141 1316 eorum
1158 1280 1302 1317 aetnam
1316 1305 1325 1316 .
1341 1280 1438 1315 Cum
1449 1287 1572 1314 autem
1588 1277 1689 1315 aetus
1717 1278 1862 1317 humani
1887 1281 2028 1328 proprie
2056 1280 2224 1315 dicantur
2250 1278 2315 1324 qui
2336 1274 2418 1310 sunt

527 1332 748 1374 voluntarii,
772 1343 815 1366 eo
830 1330 930 1378 quod
943 1331 1109 1367 voluntas
1124 1331 1173 1368 est
1192 1330 1375 1368 rationalis
1390 1328 1572 1376 appetitus
1586 1353 1598 1369 ,
1622 1331 1752 1376 quirell:
1765 1332 1932 1378 proprius
1947 1330 2103 1365 hominis
2122 1342 2134 1370 3
2163 1339 2308 1376 oportet
2329 1337 2419 1362 con-

528 1381 680 1419 fiderare
691 1382 732 1417 de
751 1380 890 1416 affibus
903 1382 1119 1427 inquantum
1136 1380 1215 1417 sunt
1229 1380 1423 1417 voluntarii
1441 1405 1450 1416 .
1471 1379 1591 1415 Primo
1607 1390 1692 1425 ergo
1705 1381 2005 1418 considerandum
2020 1380 2069 1415 est
2082 1381 2124 1415 de
2141 1379 2367 1418 voluntario,
2380 1376 2418 1412 Sc

526 1432 776 1469 involuntario
789 1433 824 1466 in
842 1434 1047 1468 communi.
1061 1432 1229 1469 Secundo
1242 1458 1253 1473 ,
1274 1432 1316 1467 de
1329 1431 1469 1467 aeribus
1487 1456 1498 1471 ,
1527 1427 1685 1475 quisunt
1703 1431 1901 1470 voluntarii
1919 1459 1929 1474 ‚
1957 1431 2056 1478 quasi
2077 1432 2123 1466 ab
2139 1429 2216 1478 ipsa
2229 1431 2420 1468 voluntate

527 1483 638 1522 eliciti
656 1509 667 1525 ‚
697 1493 734 1518 ut
753 1481 960 1518 immediate
976 1482 1085 1529 ipfius
1101 1483 1298 1518 voluntatis
1315 1480 1506 1518 existentes
1518 1505 1527 1514 .
1542 1480 1673 1516 Tertio
1693 1506 1705 1522 ‚
1733 1480 1778 1517 de
1794 1481 1936 1518 aestibus
1947 1483 2012 1529 qui
2025 1479 2106 1516 sunt
2126 1481 2424 1524 voluntariiqua-

532 1532 556 1569 sn
572 1548 590 1570 a
609 1531 999 1580 voluntateimperati,
1027 1532 1309 1581 quisuntiplius
1326 1531 1526 1566 voluntatis
1541 1528 1784 1566 mediantibus
1795 1533 1873 1566 aliis
1901 1531 2075 1577 potentiis
2108 1557 2118 1563 .
2145 1532 2187 1564 Et
2212 1530 2298 1574 quia
2325 1528 2427 1562 aStus

528 1583 725 1619 voluntarii
739 1582 872 1618 habent
886 1581 1055 1629 quasdam
1073 1583 1360 1620 circumstantias
1378 1608 1389 1624 ,
1420 1578 1615 1617 secundum
1639 1591 1733 1625 quas
1762 1578 2012 1624 dijudicantur
2027 1604 2039 1619 ,
2060 1580 2179 1624 primo
2206 1577 2429 1612 confideran-

525 1632 613 1668 dum
631 1632 679 1668 est
697 1633 742 1667 de
757 1633 964 1667 voluntario
980 1658 991 1674 ,
1009 1633 1302 1670 &involuntario
1318 1661 1330 1677 ,
1346 1633 1380 1669 81
1397 1630 1660 1678 consequenter
1675 1628 1719 1671 de
1733 1628 2015 1666 circumstantiis
2034 1627 2192 1676 ipsorum
2210 1626 2354 1663 aenium
2368 1652 2380 1668 ,
2395 1629 2431 1661 in

528 1684 667 1730 quibus
683 1682 929 1719 voluntarium
945 1707 958 1725 ‚
988 1683 1022 1719 8(
1035 1684 1524 1722 involuntariuminvenitur
1537 1705 1547 1716 .

628 1787 893 1828 CIRCA
945 1783 1293 1826 PRIMUM
1346 1784 1916 1837 QUAERUNTUR
1970 1784 2235 1822 OCTO.

831 1895 848 1933 1

855 1921 865 1932 .
972 1898 1109 1934 Utrum
1129 1896 1164 1932 in
1179 1895 1350 1933 humanis
1365 1895 1507 1932 astibus
1522 1893 1728 1930 inveniatur
1745 1893 1999 1932 voluntarium
2019 1919 2031 1931 .

834 1947 886 1983 Π.
975 1949 1112 1984 Utrum
1130 1948 1339 1984 inveniatur
1357 1948 1390 1982 in
1407 1945 1625 1982 animalibus
1644 1945 1757 1982 brutis
1775 1971 1784 1981 .

837 1995 909 2032 ΙΙΙ.
976 1998 1110 2033 Utrum
1125 1998 1370 2033 voluntarium
1389 1995 1455 2032 effe
1471 1996 1569 2044 poffit
1584 1994 1717 2040 absque
1738 1997 1813 2032 ullo
1826 1994 1908 2032 afi'tu
1922 2020 1933 2031 .

835 2045 909 2083 IV.
974 2047 1109 2083 Utrum
1124 2048 1296 2083 violentia
1312 2048 1492 2083 voluntati
1506 2045 1606 2094 poffit
1622 2045 1747 2082 inferri
1761 2073 1770 2082 .

841 2096 894 2130 V.
974 2098 1108 2131 Utrum
1128 2099 1299 2134 violentia
1316 2097 1437 2133 causet
1454 2097 1738 2133 involuntarium
1754 2124 1763 2133 .

841 2145 910 2181 Vl.
979 2147 1113 2182 Utrum
1132 2160 1248 2184 metus
1264 2147 1383 2184 causet
1400 2146 1685 2183 involuntarium
1703 2173 1712 2182 .

841 2193 931 2230 Vll.
974 2197 1113 2233 Utrum
1131 2197 1420 2246 concupiscentia
1436 2197 1726 2235 involuntarium
1742 2196 1862 2235 causet
1877 2222 1889 2234 .

841 2245 951 2283 vm.
981 2248 1118 2284 Utrum
1138 2249 1361 2294 ignorantia.

613 2353 1122 2395 ARTICULUS
1183 2358 1213 2395 1.

536 2457 676 2496 Utrum
693 2456 728 2492 in
741 2454 908 2491 humanis
923 2456 1061 2494 aGtibus
1078 2458 1289 2497 inveniatur

776 2507 1023 2545 voluntarium
1040 2534 1052 2546 .

487 2609 620 2652 Βοῖἶον
633 2631 641 2640 -
658 2605 791 2662 le.
808 2618 842 2653 q.
865 2607 921 2645 18.
940 2609 971 2650 §.
988 2610 1048 2649 Ad
1075 2610 1227 2656 primum
1240 2613 1339 2659 prin.

539 2661 652 2709 cipale
670 2683 679 2693 .
692 2671 726 2693 z.
739 2658 772 2694 d.
790 2667 846 2701 32·
859 2665 900 2702 5.
916 2661 974 2698 Ad
993 2662 1146 2707 primum
1162 2663 1287 2708 primae

589 2707 715 2758 quaest.
732 2720 769 2753 4.
787 2706 821 2743 d.
837 2720 895 2754 ¹4·
909 2722 942 2758 q.
964 2724 993 2747 ι.
1008 2717 1047 2752 5.
1063 2713 1116 2747 De
1130 2714 1240 2748 tertio

664 2757 824 2795 articulo
839 2782 850 2790 -
879 2761 920 2798 S.
938 2760 1058 2797 Thom.
1076 2773 1108 2798 1.
1126 2771 1162 2799 2.

798 2817 832 2854 q.
852 2810 887 2846 6.
906 2820 980 2848 art.
1001 2823 1030 2847 1.

655 2981 668 2991 Ι
713 2960 867 2996 inveniri
893 2961 1138 2997 voluntarium
1168 2988 1175 2996 .
1211 2962 1398 3010 Siquidem

570 3051 575 3060 ‚
616 3057 623 3059 -
665 3017 669 3031 ·’
712 3010 976 3047 devoluntario
1006 3011 1315 3049 &involuntario
1345 3017 1398 3051 lo-

648 3064 673 3088 *q
713 3072 829 3108 quens
862 3060 1102 3098 Damascenus
1133 3062 1194 3098 lib.
1212 3066 1301 3100 2.de
1329 3065 1398 3103 fide

624 3134 632 3136 -
715 3123 869 3159 cas-,24
899 3113 1055 3161 Sponte,
1086 3112 1202 3157 inquit
1223 3141 1233 3155 ,
1254 3115 1398 3159 idfieri

440 3164 578 3201 dicitur
595 3191 604 3204 ‚
624 3160 723 3208 cujus
736 3164 954 3209 prinsipium
968 3161 1011 3200 &¹
1025 3161 1168 3209 causam
1181 3166 1334 3201 concinet
1360 3168 1392 3203 ir

440 3217 505 3263 qui
530 3214 765 3262 agit.Atqui
792 3211 933 3249 causam
964 3212 1106 3249 suarum
1136 3216 1389 3262 operationum

442 3278 514 3302 non
530 3265 689 3300 continet
706 3263 847 3304 hom03
874 3265 969 3310 Ergo
999 3265 1033 3300 in
1064 3263 1201 3300 auibus
1227 3265 1391 3302 humanis

443 3315 576 3352 nonest
594 3312 756 3351 invenire
768 3315 1018 3351 voluntarium
1044 3337 1055 3350 .
1082 3316 1253 3351 Probatio
1276 3319 1392 3352 mino·

442 3368 513 3403 ris:
532 3364 746 3405 Aristoteles
764 3377 795 3412 3.
810 3366 853 3401 de
864 3367 982 3401 anima
999 3374 1072 3402 tex.
1087 3375 1145 3412 54.
1175 3379 1311 3414 ponens
1335 3379 1392 3402 or-

442 3418 565 3453 dinem
588 3418 808 3451 moventium
827 3417 859 3452 8<
878 3426 1058 3452 motorum
1077 3442 1088 3459 ‚
1111 3417 1187 3452 vult
1215 3419 1392 3465 appetibi-

443 3469 474 3504 le
487 3466 552 3503 esse
570 3478 718 3502 movens
732 3494 742 3509 ,
771 3479 842 3502 non
857 3478 993 3502 motum
1007 3493 1015 3502 .
1033 3467 1130 3502 Cum
1146 3480 1234 3513 ergo
1256 3469 1393 3515 appeti-

442 3519 514 3552 bile
529 3527 671 3552 moveat
690 3517 890 3563 appetitum
910 3544 921 3560 ,
952 3517 1066 3563 fitque
1080 3528 1181 3554 extra
1198 3519 1393 3561 hominem,

442 3567 515 3613 ipse
536 3579 605 3602 non
621 3566 669 3603 est
683 3567 788 3603 causa
813 3567 957 3604 suorum
984 3568 1156 3611 aunum,
1178 3582 1218 3605 ac
1243 3571 1394 3617 proinde

443 3618 480 3653 in
492 3616 545 3650 his
565 3628 635 3651 non
662 3619 840 3666 reperitur
868 3619 1140 3663 voluntarium,
1167 3619 1224 3657 seu
1252 3620 1393 3670 sponta-

442 3678 552 3704 neum
571 3692 579 3700 .

546 3715 793 3754 confirmatur
814 3745 826 3761 ,
850 3717 908 3756 Ex
933 3719 964 3756 se
991 3719 1306 3764 indeterminatum
1350 3722 1394 3758 ad

442 3777 566 3805 'unum
582 3767 831 3816 oppositorum
855 3783 926 3808 non
955 3772 1054 3819 agit,
1081 3772 1143 3809 nisi
1170 3772 1314 3810 aliunde
1335 3772 1395 3811 de-

1458 2362 1692 2398 terminetur.
1711 2360 1894 2396 Voluntas
1908 2370 2028 2396 autem
2053 2360 2095 2398 de
2116 2362 2147 2398 se
2175 2359 2433 2397 indetermina-

1461 2423 1497 2448 ta
1512 2412 1561 2448 est
1582 2425 1593 2452 ;
1617 2423 1704 2458 ergo
1715 2422 1859 2459 oportet
1872 2412 1916 2446 ab
1934 2412 2004 2447 alio
2031 2424 2161 2457 agente
2189 2411 2433 2453 determinari,

1459 2463 1560 2509 quod
1575 2473 1681 2510 agens
1696 2462 1791 2497 aliud
1807 2473 1878 2497 non
1905 2461 1955 2499 est
1970 2489 1982 2505 ,
2008 2475 2116 2510 quam
2143 2462 2331 2509 objee‘tum
2370 2473 2437 2497 ex-

1460 2523 1515 2549 tra
1529 2512 1644 2561 ipsum
1661 2523 1810 2548 movens
1830 2537 1839 2547 .

1568 2565 1767 2605 Praeterea,
1798 2563 1948 2608 magist.
1970 2575 2003 2600 2.
2021 2565 2123 2602 sevi.
2153 2567 2242 2604 difl-
2271 2573 2333 2608 25·
2358 2572 2435 2610 cap-

1447 2615 1580 2662 finali,
1603 2625 1788 2661 exponens
1803 2614 1889 2649 illud
1912 2614 2077 2663 Apostoli
2095 2628 2130 2662 9.
2145 2619 2186 2653 ad
2208 2620 2316 2653 Rom.
2342 2615 2437 2651 Non

1460 2667 1610 2703 volentis
1626 2677 1738 2712 neque
1755 2669 1931 2702 currentis
1945 2665 2012 2707 fed
2027 2666 2224 2713 miserentis
2248 2663 2299 2711 est
2327 2666 2409 2702 ‘Dee‘
2424 2691 2438 2702 .

1463 2718 1571 2767 Qon
1597 2713 1645 2760 el}
1673 2715 1822 2751 volentis
1839 2742 1848 2756 ‚
1883 2718 2033 2764 inquit,
2061 2719 2151 2755 velle
2169 2747 2179 2760 ,
2210 2730 2323 2766 neque
2357 2728 2440 2753 cm·-

1464 2770 1573 2804 remis
1598 2777 1745 2801 currere
1762 2794 1772 2808 ,
1799 2766 1911 2811 idest,
1946 2770 2084 2815 operari
2109 2796 2119 2811 ,
2138 2769 2207 2816 fid
2240 2771 2287 2803 mi
2307 2768 2440 2804 eremis

1464 2818 1548 2854 ‘Der’
1562 2845 1571 2859 ‚
1595 2819 1657 2864 qni
1668 2825 1834 2865 operatur
1846 2818 1883 2852 in
1893 2820 1987 2855 nobis
2000 2818 2147 2861 velle&
2161 2819 2305 2868 operari
2339 2816 2438 2854 bona.

1465 2866 1888 2914 Quiautemasuperiori
1906 2869 2008 2905 clusa
2030 2871 2159 2918 accipit
2184 2871 2328 2917 operari
2349 2894 2362 2910 ,
2389 2870 2442 2904 ni-

1470 2917 1593 2954 hilsua
1612 2917 1779 2964 sponte&
1797 2919 1995 2956 voluntarie
2024 2920 2135 2960 facit;
2164 2923 2260 2968 Ergo
2287 2922 2324 2956 in
2351 2919 2440 2955 affi-

1471 2970 1539 3006 bus
1552 2969 1737 3005 hominum
1754 2966 1841 3004 nibil
1857 2969 1904 3005 est
1922 2971 2190 3008 voluntarium.

1570 3018 1716 3068 Quodsi
1735 3019 1874 3055 dicatur
1891 3046 1903 3064 ‚
1929 3020 2027 3056 Poffe
2053 3021 2217 3058 homines
2246 3021 2308 3058 sua
2338 3020 2445 3068 spon-

1470 3081 1505 3106 te
1523 3094 1535 3113 ‚
1556 3072 1772 3118 propriaque
1786 3070 1975 3108 voluntate
2004 3073 2103 3109 exire
2133 3074 2167 3108 in
2204 3085 2311 3119 opera
2337 3072 2444 3113 mala,

1469 3181 1621 3219 nec-pars
1650 3171 1829 3209 libertatis
1847 3184 1858 3212 ;
1879 3172 2085 3209 Secundum
2117 3173 2239 3209 Ansel.
2263 3173 2307 3208 de
2334 3171 2445 3208 libero

1461 3224 1593 3258 arbitr.
1613 3231 1686 3270 cap.
1710 3234 1739 3258 ι.
1755 3222 1800 3263 ὁ·
1820 3233 1850 3268 3.
1866 3235 1951 3268 ergo
1967 3223 2033 3258 hac
2048 3236 2093 3259 ex
2110 3223 2216 3259 causa
2231 3224 2372 3259 nullum
2386 3222 2449 3258 ad·

1465 3273 1616 3309 struitur
1630 3273 1872 3307 voluntarium
1892 3275 1925 3308 in
1951 3273 2095 3311 aftibus
2127 3273 2293 3309 humanis
2310 3298 2322 3308 .

1566 3323 1704 3358 Contra
1723 3349 1732 3364 ,
1763 3322 1952 3359 Anselmus
1967 3335 2082 3371 cap.4.
2099 3324 2142 3358 de
2158 3323 2327 3372 concep.
2344 3324 2450 3369 Virg.

1470 3371 1648 3409 Voluntas
1672 3372 1727 3408 ef?
1775 3373 2047 3418 iustrumentum
2084 3374 2241 3422 seipsum
2274 3386 2416 3411 movens
2436 3397 2451 3407 .

1467 3421 1661 3470 Qicquid
1690 3435 1779 3469 ergo
1805 3423 1915 3458 homo
1947 3436 2018 3460 non
2060 3424 2183 3461 coaae
2227 3426 2328 3472 agit,
2365 3424 2453 3461 stra-³

1469 3473 1595 3517 sponte
1611 3499 1620 3514 ‚
1642 3483 1682 3506 ac
1697 3475 1903 3509 voluntarie
1937 3475 2050 3515 facit3
2081 3474 2228 3523 ipsomet
2257 3477 2353 3512 enim
2385 3487 2451 3510 au-

1469 3522 1568 3559 &orc
1584 3522 1624 3557 ad
1642 3522 1714 3558 haec
1731 3525 1764 3560 8<
1784 3525 1841 3559 illa
1870 3524 2151 3571 repraesentanda
2170 3552 2181 3568 ‚
2205 3529 2283 3562 exit
2312 3553 2322 3563 .

1570 3572 1788 3620 Respondeo
1817 3574 2038 3617 dicendum,
2058 3578 2206 3612 omnino
2248 3578 2282 3612 in
2308 3575 2450 3613 aftibus

1467 3624 1637 3660 humanis
1655 3623 1900 3660 voluntarium
1919 3625 2149 3662 astruendum
2176 3626 2265 3664 effe.
2293 3630 2336 3664 Et
2365 3626 2451 3672 quia

1466 3675 1547 3710 dem
1581 3674 1828 3711 voluntarium
1851 3675 1966 3722 potest
2002 3678 2254 3725 multipliciter
2280 3677 2450 3721 intelligi,

1468 3738 1550 3761 nam
1591 3725 1898 3772 quemadmodum
1934 3726 2225 3764 involuntarium
2259 3728 2309 3764 est
2348 3727 2473 3770 illud‚·

1465 3785 1596 3812 contra
1618 3776 1721 3825 quod
1746 3777 1917 3816 voluntas
1951 3778 2157 3828 fimpliciter
2192 3787 2444 3820 remurmurat,

2345 3839 2398 3863 ita

2577 3101 2587 3120 ι’
2634 3103 2653 3125 ’.;

1469 3122 1605 3157 Contra
1622 3121 1670 3156 est
1687 3148 1696 3159 ,
1718 3123 1802 3169 quia
1829 3121 1916 3168 pcffe
1942 3130 2088 3170 peccare
2111 3135 2174 3160 non
2206 3123 2262 3159 ef?
2284 3123 2447 3163 libertas,
2472 3127 2582 3184 εἰει,
