2617 3991
84 2119 151 2156 3.d.
182 2124 231 2151 ³³.
260 2117 287 2145 6-

82 2161 123 2189 ΛΑ
136 2154 286 2197 quaestionff.

120 2451 150 2478 S.
161 2448 284 2477 Timum

82 2488 218 2520 sententia
230 2486 284 2515 bic.

93 3147 117 3174 3,
130 3136 158 3165 d.
175 3138 218 3163 16.
233 3139 293 3168 q-zo

91 3173 294 3214 §.dlprimum

94 3212 242 3253 princip-10¹8
263 3229 273 3237 ·

417 64 515 110 140

488 165 1004 207 AkrtctJLUs
1059 166 1130 204 ιιι.

388 271 527 309 Utrum
545 268 580 306 in
609 271 781 317 potentiis
807 268 976 305 senfitivae
1001 266 1114 314 partis
1132 267 1233 315 poffit

596 321 665 358 effe
685 323 817 370 aliquis
845 319 988 356 habitus
1003 343 1014 354 .

358 422 493 461 Doflor
506 422 585 469 3.d.
606 433 663 470 33.
679 436 712 459 n.
732 435 785 470 19.
800 420 857 457 Ad
870 421 1015 457 tertium
1035 446 1045 456 .
1060 433 1097 468 4.
1109 418 1257 470 dist.49.

520 474 563 509 S.
587 474 737 512 Thomas
754 485 783 510 1.
800 482 881 521 2.q.
900 482 959 517 50.
973 479 1046 508 art.
1060 481 1094 518 3.

459 575 608 613 identur
624 577 659 611 in
670 575 841 622 potentiis
855 571 1025 609 senfitivae
1038 586 1079 620 pa
1087 575 1152 611 rtis
1179 586 1282 622 repe-

469 629 527 664 riri
542 628 653 673 aliqui
668 626 815 661 habitus
830 652 841 666 ,
870 634 907 659 ut
927 625 961 659 in
979 624 1142 670 subjefto
1157 649 1166 659 .
1198 628 1281 662 Ete-

330 679 668 723 nimexperimento
685 674 822 711 constat
838 701 852 719 ,
878 676 913 710 in
941 677 1105 712 manibus
1130 675 1282 723 scripto-

329 731 410 772 ris,
436 729 607 776 pifioris,
633 725 821 762 citharistae
843 726 913 762 &c.
944 728 1092 773 reperiri
1120 726 1281 769 babitus,

329 792 393 828 per
406 791 500 827 quos
516 778 652 814 habiles
669 776 869 813 redduntur
885 776 1076 812 exercendi
1089 789 1147 813 eas
1170 789 1280 821 artes,

329 829 617 878 quasimperiti‚
653 831 686 865 8<
706 825 1048 874 ignari-regularum
1073 827 1281 865 arrisinha-

328 882 420 917 biles
434 881 586 916 omnino
604 879 681 915 sunt
695 880 736 915 iis
754 876 1038 926 representandis
1055 904 1064 914 .
1077 879 1281 915 statuendo

326 931 444 976 igitur
460 957 471 972 ,
498 930 662 965 habitum
695 931 764 966 efle
792 957 801 972 ‚
827 930 890 976 qui
914 928 974 963 dat
1001 929 1209 966 facilitatem
1242 931 1277 966 8<

326 981 649 1030 promptitudinem
660 981 815 1017 exeundi
831 981 865 1016 in
881 990 974 1024 opus
989 1007 1000 1022 ‚
1025 980 1068 1015 ad
1091 981 1192 1029 quod
1222 981 1279 1018 in·

326 1033 440 1067 clinat
458 1057 469 1072 ‚
494 1030 529 1065 &
546 1030 688 1079 insuper
699 1033 799 1078 operi
816 1030 876 1072 ipsi
890 1033 1164 1069 convenientem
1196 1044 1278 1074 pet-

328 1081 523 1117 feftionem
540 1081 623 1117 dare
637 1109 647 1124 ‚
676 1081 860 1119 manifeste
872 1082 1102 1119 convincitur
1113 1083 1189 1119 haec
1215 1083 1279 1119 ha-

329 1134 448 1169 bilitas
465 1157 477 1172 ,
509 1132 544 1167 in
575 1145 682 1168 manu
707 1134 855 1180 pi&oris
884 1131 1019 1169 affabre
1040 1136 1278 1182 exprimentis

326 1182 525 1231 pennicillo
540 1183 575 1218 &
589 1183 775 1220 coloribus
786 1184 974 1231 imaginem
986 1210 999 1227 ,
1023 1196 1134 1233 quam
1161 1198 1279 1223 mente

324 1234 516 1281 concepit,
540 1234 575 1269 8<
589 1235 625 1269 in
636 1235 712 1271 aliis
727 1234 884 1271 similiter
904 1259 914 1270 .

431 1285 607 1320 Praeterea
625 1311 634 1325 ,
657 1285 852 1322 Brutorum
867 1285 1029 1333 quaedam
1041 1299 1112 1323 non
1127 1285 1277 1324 difficul-

330 1344 387 1369 ter
397 1332 599 1370 assuescunt
614 1336 867 1382 repraesentare
880 1336 1053 1382 quosdam
1065 1337 1277 1386 aetusrqua-

323 1384 348 1420 fi
362 1384 404 1419 de
418 1395 516 1420 certa
534 1387 659 1430 regula
671 1398 819 1433 arteque
833 1389 1067 1434 procedentes
1079 1415 1091 1432 ,
1116 1400 1156 1424 ut
1171 1391 1276 1437 Equi,

324 1433 445 1472 Canes
462 1459 474 1477 ‚
497 1436 618 1472 Simiae
632 1437 666 1473 &
685 1438 751 1473 alia
769 1438 802 1472 id
820 1448 959 1484 gencs;
979 1452 1066 1485 ergo
1086 1441 1121 1475 in
1145 1451 1276 1487 poten·

321 1489 384 1522 tiis
400 1485 576 1522 senfitivae
597 1488 708 1534 partis
730 1515 742 1531 ‚
764 1489 871 1524 etiam
887 1501 969 1524 cum
988 1502 1060 1525 non
1075 1490 1171 1527 adest
1200 1496 1277 1531 ani·

319 1550 378 1574 ma
396 1537 580 1572 rationalis
593 1562 605 1578 ‚
636 1536 706 1573 esse
719 1538 860 1584 poffunt
876 1540 989 1585 aliqui
1005 1541 1150 1577 habitus
1163 1567 1174 1578 .

423 1586 596 1622 Praeterea
610 1612 620 1627 ,
643 1589 785 1624 Artifex
800 1592 1012 1634 inexpertus
1027 1592 1132 1626 callet
1146 1602 1275 1630 omnes

273 1645 282 1655 ·
320 1649 379 1674 eas
394 1639 539 1681 regulas
562 1637 649 1670 artis
678 1649 762 1682 quae
780 1638 908 1684 praesto
931 1638 1008 1676 sunt
1032 1649 1214 1688 experto,
1239 1647 1273 1681 8<

321 1688 558 1724 nibilominus
580 1697 620 1721 ut
646 1698 823 1731 expertus
859 1701 1025 1737 prompte
1053 1693 1087 1728 8(
1126 1689 1277 1733 faciliter

319 1740 395 1776 exit
411 1739 444 1774 in
461 1748 554 1784 opus
572 1763 581 1777 ‚
609 1738 654 1771 ita
682 1738 893 1786 inexpertus
917 1745 1055 1784 patitur
1075 1739 1278 1782 difficulta—

320 1801 393 1827 tem
410 1787 681 1836 repraesentandi
699 1800 738 1822 ac
751 1789 973 1836 exprimendi
991 1794 1023 1825 in
1040 1795 1189 1826 materia
1211 1804 1277 1829 ex-

322 1843 436 1876 terius
455 1840 551 1875 ideas
569 1864 578 1879 ,
605 1848 698 1883 quas
715 1849 832 1874 mente
845 1840 956 1883 gerit:
973 1842 1084 1888 igitur
1101 1851 1276 1888 expertus

322 1904 369 1928 ex
385 1891 709 1937 frequent=¹ragere
735 1888 928 1937 acquisivit
949 1891 1012 1927 libi
1041 1891 1206 1928 hzbitum
1239 1895 1277 1930 in

322 1944 485 1990 potenria
503 1941 639 1975 moriva
655 1964 669 1983 ‚
693 1950 763 1985 qua
792 1939 925 1984 exequi
948 1953 988 1978 ur
1015 1943 1277 1990 operationem

321 1995 380 2029 vel
398 1993 491 2029 forre
507 1993 542 2028 in
562 1992 722 2028 membro
736 2018 749 2034 ‚
776 2003 853 2039 quo
866 1991 939 2035 agit
956 2018 966 2034 ,
995 2003 1036 2030 ut
1066 1992 1278 2033 ci-harista„

322 2056 360 2079 1n
380 2055 512 2079 manu.

425 2095 568 2129 Contra
588 2120 599 2136 ,
627 2093 697 2129 Seu
716 2094 752 2128 in
770 2092 933 2141 appetitu
948 2091 1078 2130 senfitix
1092 2108 1115 2132 o
1129 2120 1141 2138 ‚
1164 2095 1221 2133 seu
1242 2098 1277 2133 in

325 2146 511 2190 cognitiva
525 2145 573 2179 illi
589 2166 593 2176 ι
608 2143 889 2186 orrestondenre
903 2143 1036 2180 dantur
1049 2147 1158 2194 aliqui
1174 2148 1279 2183 habi-

325 2206 385 2232 tus
398 2222 409 2237 ,
442 2206 480 2229 ut
494 2194 647 2229 ostendit
664 2195 848 2230 inclinatio
865 2196 1004 2230 illarum
1033 2199 1277 2242 porentiarum

324 2247 367 2282 ad
386 2246 549 2293 quaedam
563 2243 705 2290 objeeta
724 2272 734 2287 ‚
758 2246 789 2280 8<
805 2257 875 2281 non
889 2246 931 2280 ad
950 2247 1015 2281 alia
1033 2260 1044 2287 ς
1068 2260 1155 2295 ergo
1168 2252 1276 2285 etiam

323 2296 456 2332 dantur
474 2296 620 2333 babitus
638 2297 672 2330 in
699 2295 837 2331 caeteris
862 2299 1035 2343 potentiis
1067 2300 1175 2346 partis
1200 2298 1278 2336 sen-

324 2347 436 2383 {itivae
454 2373 462 2380 .

427 2396 569 2443 Respon
582 2396 665 2434 ieo,
696 2394 918 2442 Aliquorum
939 2397 988 2434 est
1011 2397 1069 2433 hic
1101 2399 1277 2438 sententia

325 2447 548 2484 taliszVires
563 2445 737 2483 senlitivae
768 2447 958 2491 dupliciter
985 2449 1131 2495 possunt
1161 2453 1277 2489 const-

326 2500 443 2535 derari
458 2524 465 2532 .
486 2497 608 2533 Primo
621 2508 659 2532 ut
672 2508 870 2543 operantur
894 2509 939 2533 ex
975 2500 1146 2537 instintffiu
1168 2514 1277 2539 natu·

328 2562 375 2585 rae
387 2575 398 2586 .
417 2548 585 2585 Secundo
597 2559 707 2594 prout
724 2558 922 2594 operantur
938 2561 982 2585 ex
1000 2551 1151 2598 imperio
1169 2556 1279 2590 ratio-

329 2602 398 2636 nis.
411 2604 604 2647 Quatenus
621 2598 732 2643 igitur
744 2598 787 2633 de
801 2609 860 2632 nat
871 2610 944 2634 urae
957 2600 1125 2639 instinGtu
1141 2616 1279 2643 exeunt

329 2652 366 2686 in
381 2651 498 2687 aftum
516 2675 525 2690 ,
548 2661 618 2684 non
646 2647 726 2684 sunt
751 2650 786 2683 in
814 2651 866 2686 eis
889 2651 999 2699 aliqui
1024 2653 1170 2691 habitus
1192 2683 1203 2699 ‚
1237 2668 1278 2693 ut

331 2702 445 2736 necin
461 2700 627 2747 potentiis·
644 2700 867 2736 naturalibus
881 2699 924 2734 ad
938 2715 1050 2740 unum
1063 2705 1280 2743 determina-

331 2752 379 2786 tis
395 2778 401 2785 .
418 2751 467 2788 At
482 2761 520 2784 ut
533 2749 575 2784 de
590 2752 739 2796 imperio
754 2751 905 2786 rationis
932 2764 1131 2800 operantur
1146 2785 1156 2800 ‚
1186 2769 1280 2805 quo-

332 2803 426 2838 niam
444 2800 484 2835 ad
500 2799 640 2835 diversa
652 2800 806 2836 ordinari
835 2801 977 2849 possunt
991 2832 1002 2848 ‚
1024 2818 1173 2856 capaces
1200 2810 1281 2846 sunt

333 2850 562 2897 quorundam
579 2850 770 2887 habituum
785 2877 797 2894 ‚
821 2853 959 2898 quibus
973 2857 1061 2893 bene
1100 2870 1163 2896 aut
1186 2862 1280 2898 male

333 2903 375 2938 ad
392 2901 529 2948 aliquid
543 2901 807 2948 disponuntur.

438 2956 520 2990 Nos
543 2953 696 2988 dicimus
712 2979 723 2995 ,
743 2952 835 2988 hanc
857 2952 1069 2992 sententiam
1104 2960 1172 2996 effe
1194 2973 1282 3009 pro.

333 3003 485 3040 bandam
503 3014 562 3038 :at
580 3004 621 3038 ad
640 3002 812 3047 maiorem
834 3005 883 3040 rei
907 3008 1164 3055 expressionem
1181 3037 1193 3053 ‚
1218 3024 1282 3060 po-

339 3056 460 3090 nimus
477 3052 660 3099 sequentia
676 3054 770 3090 dieta
782 3079 793 3091 .

444 3106 624 3140 Primum:
642 3105 746 3140 Vires
760 3108 974 3153 vegetativae
986 3131 998 3149 ‚
1014 3107 1205 3157 sensusque
1222 3125 1283 3149 ex-

338 3154 488 3191 teriores
505 3167 574 3190 non
594 3154 673 3191 sunt
690 3155 930 3194 habituabiles
956 3184 967 3195 .
990 3162 1084 3196 Nam
1112 3165 1283 3208 potentia>

342 3207 563 3250 vegetativae
577 3204 655 3242 sunt
668 3208 816 3243 omnino
829 3209 1052 3245 irrationales
1070 3237 1079 3252 ‚
1110 3225 1180 3249 non
1196 3217 1284 3251 obe-

334 3257 473 3292 dientes
487 3258 609 3292 animae
622 3258 656 3291 in
670 3255 807 3294 afilibus
822 3258 893 3295 suis
908 3286 919 3302 ‚
947 3257 1004 3294 sed
1019 3272 1166 3305 agentes
1178 3268 1285 3303 etiam

346 3310 611 3343 contranitente
634 3308 845 3353 voluntate,
875 3311 961 3346 totis
986 3313 1124 3348 viribus
1150 3316 1184 3351 in
1212 3330 1285 3353 ma-

340 3360 466 3394 teriam
481 3358 678 3394 exhibitam
696 3384 706 3399 ‚
735 3360 830 3395 circa
845 3373 954 3407 quam
986 3362 1182 3410 respeStive
1206 3380 1284 3403 ver,

340 3409 461 3444 santur
478 3437 485 3444 .
501 3411 598 3445 Cum
611 3420 696 3453 ergo
710 3407 842 3446 summe
859 3412 923 3447 lint
934 3410 980 3447 ad
993 3425 1103 3449 unum
1116 3415 1286 3454 determi-

341 3471 434 3497 nata:
450 3487 460 3502 ‚
490 3472 561 3496 non
580 3460 757 3506 recipiunt
774 3461 927 3508 aliquem
944 3463 1107 3500 habitum
1123 3494 1132 3509 ,
1147 3470 1286 3515 quippe

340 3511 447 3557 cujus
464 3523 535 3546 non
552 3510 733 3556 indigeant
752 3510 794 3545 ad
816 3512 961 3549 ati-'tuum
983 3515 1286 3562 perfefflionem,

339 3573 405 3598 nec
422 3575 464 3596 eo
479 3561 577 3609 possit
592 3564 643 3595 uti
660 3559 868 3597 habituatus
882 3590 892 3605 ‚
918 3576 999 3600 cum
1014 3567 1167 3603 voluerit
1186 3595 1195 3604 .
1212 3571 1288 3605 Ac-

339 3612 462 3653 cedit,
492 3611 592 3657 quod
610 3611 752 3647 termini
770 3613 902 3649 vitium
928 3614 1173 3654 senfitivarum
1206 3620 1288 3657 sunt

342 3662 538 3698 substantia
558 3676 569 3702 ;
591 3673 677 3707 crgo
694 3661 737 3697 ad
752 3674 812 3700 eos
839 3675 911 3700 non
939 3666 1100 3704 influunt
1126 3670 1292 3715 habitus,-

345 3715 407 3760 qui
423 3714 618 3749 accidentia
634 3713 729 3756 sunt,
751 3714 1006 3753 accidentalem
1030 3718 1290 3767 perfefflonem

943 49 1125 96 Summae
1157 44 1352 116 Joaenm's
1393 50 1524 96 Duns
1554 49 1673 99 Scoti

1366 115 1645 165 superaddentes
1676 123 1844 168 potentia:
1870 124 2066 162 habituatae
2085 151 2099 168 ,
2123 125 2245 164 saltem
2277 130 2314 165 in

1366 170 1605 215 probabiliori
1632 171 1804 210 sententia
1839 175 1883 212 de
1921 177 2052 212 ordine·
2083 175 2228 214 habitus
2263 179 2309 215 ad

1365 220 1485 256 aetum
1496 244 1508 255 .
1520 221 1643 266 Atque
1655 222 1722 259 hae
1736 226 1861 263 eadem
1875 230 2010 264 ratione
2022 239 2039 260 a
2058 224 2214 265 sensibus
2241 240 2308 264 ex-

1363 271 1474 306 ternis
1487 270 1632 308 habitus
1648 276 1860 312 excludendi
1877 278 1956 315 suut
1971 275 2101 318 ,visus
2115 282 2207 316 enim
2237 277 2308 324 (&

1362 319 1411 356 fic
1425 321 1469 355 de
1479 323 1555 358 aliis
1569 323 1591 372 )
1607 325 1656 360 est
1668 324 1802 363 summe
1815 329 1858 363 ad
1870 330 1989 366 aftum
2007 327 2109 365 suum
2139 330 2308 366 determi-

1360 382 1492 416 natuS,
1515 373 1648 411 adeout
1664 377 1885 424 perfeaioris
1908 392 1978 416 non
2002 379 2042 415 fit
2069 391 2183 428 capax
2204 380 2312 417 vilio-

1358 423 1415 460 nis
1430 448 1442 465 2
1469 434 1509 459 ac
1522 423 1562 460 fit
1576 427 1634 462 illa
1648 453 1660 468 ,
1681 438 1754 474 qua
1768 430 1928 466 intuetur
1938 430 2122 475 obieEtum
2140 432 2202 467 fibi
2217 443 2310 477 pra:-

1361 473 1439 510 sens
1455 501 1466 516 ,
1490 487 1599 522 quam
1623 476 1797 524 majorem
1824 481 2080 526 perfeetionem
2105 484 2150 517 ab
2172 481 2307 517 habitu

1359 526 1551 574 expeaare
1563 538 1673 573 queat
1686 549 1699 561 -
1710 530 1753 564 Et
1768 529 1791 565 fi
1801 531 1894 567 alius
1907 532 1980 567 alio
2005 532 2200 580 perfee'tius
2227 543 2304 568 rem

1359 587 1506 619 cernat,
1527 587 1588 612 aut
1604 577 1698 613 idem
1712 580 1842 616 oculus
1868 594 1936 628 pro
1964 582 2109 619 diversis
2137 582 2307 625 statibus,

1358 629 1395 664 id
1410 639 1528 663 tamen
1543 638 1614 661 non
1635 629 1800 665 habitum
1824 631 2012 678 praestare,
2040 632 2097 668 sed
2122 635 2235 679 magis
2257 643 2306 671 ex

1356 680 1498 716 interna
1513 679 1546 714 8(
1558 677 1699 715 diversa
1713 682 1884 727 potentiae
1894 680 2120 729 dispositione
2132 712 2145 727 ‚
2170 696 2232 721 aut
2258 695 2307 721 ex

1358 730 1426 767 fitu
1437 727 1573 775 objeffi
1592 731 1784 776 provenire
1799 754 1812 773 ‚
1834 732 2055 769 manifestum
2069 734 2118 770 est
2132 760 2143 770 .

1459 779 1667 819 Secundum
1686 780 1824 818 dietum
1839 795 1848 818 ε
1866 783 2028 819 Potentia
2041 785 2124 820 loco
2153 786 2309 826 motiva,

1357 828 1467 867 seuin
1479 831 1648 876 homine,
1674 832 1732 868 seu
1749 833 1783 868 in
1800 834 1915 869 brutis
1926 833 2092 870 habitum
2116 847 2190 871 non
2219 836 2310 872 reci-

1356 884 1411 929 pit
1428 907 1436 916 .
1455 883 1663 919 Declaratio
1678 897 1687 919 :
1702 886 1795 921 Nam
1811 884 1833 919 fi
1849 885 2014 931 potentia
2025 885 2108 920 loco
2134 887 2308 927 motiva„

1356 932 1446 969 foret
1462 933 1696 971 babituabilis
1712 946 1774 981 per
1787 936 1947 981 aliquam
1965 936 2179 973 oualitatem
2201 936 2313 985 supe--

1355 984 1533 1022 radditam
1551 1012 1563 1029 ,
1586 987 1741 1021 maxime
1757 985 1792 1020 id
1815 997 1942 1022 verum
1971 986 2055 1023 effet
2075 987 2119 1022 de
2145 988 2308 1033 potentia

1354 1038 1435 1073 loco
1447 1037 1582 1072 motiva
1600 1048 1792 1083 corporum
1819 1038 2031 1079 beatorum,
2053 1049 2135 1085 quae
2156 1038 2308 1076 futuru

1353 1087 1434 1124 sunt
1446 1088 1553 1134 agilia
1573 1089 1608 1123 in
1623 1088 1907 1130 resurreetione,
1929 1088 1963 1124 8(
1983 1090 2071 1124 citra
2097 1100 2308 1134 repugnan-

1351 1141 1439 1176 tiam
1452 1140 1612 1187 paritura
1630 1140 1753 1175 animae
1763 1141 1898 1175 volenti
1914 1139 2001 1174 huic
2011 1151 2074 1175 aut
2090 1140 2143 1175 illi
2172 1141 2253 1175 loco
2263 1153 2306 1176 ea.

1352 1190 1468 1228 fistere
1483 1189 1575 1226 ‚Sed
1596 1191 1694 1227 nulla
1719 1190 1801 1226 talis
1826 1190 1983 1238 qualitas
2007 1191 2167 1238 praebere
2189 1191 2305 1238 potest

1351 1243 1550 1289 agilitatem
1563 1242 1707 1288 corpori
1723 1267 1733 1282 ,
1761 1253 1800 1276 ur
1813 1252 2004 1278 moveatur
2017 1241 2060 1277 ad
2077 1253 2221 1277 ornnem
2236 1242 2307 1276 dif-

1352 1295 1539 1332 ferentiam
1557 1293 1744 1340 positionis
1756 1320 1769 1337 ‚
1781 1294 1815 1328 8(
1832 1293 1873 1327 ad
1888 1304 2031 1328 omnem
2045 1293 2164 1328 locum
2176 1320 2188 1335 ,
2204 1291 2306 1339 quod

1359 1345 1460 1383 Beati
1485 1355 1657 1391 poterunt
1684 1374 1694 1380 .
1721 1340 1831 1379 Proh.
1849 1345 2081 1382 min.Omn,is
2105 1343 2220 1380 forma
2244 1343 2309 1379 de-

1356 1397 1556 1434 terminans
1572 1395 1614 1430 ad
1625 1395 1855 1434 ubi,inclinat
1870 1405 2020 1441 quoque
2034 1394 2078 1429 ad
2093 1395 2308 1430 determina-

1355 1459 1432 1484 tum
1449 1445 1513 1483 ubi
1525 1474 1537 1490 ,
1561 1458 1602 1482 ut
1614 1456 1762 1493 apparet
1779 1446 1814 1480 in
1833 1445 1945 1480 forma
1962 1444 2246 1492 praedominante
2268 1445 2306 1479 in

1357 1508 1521 1540 mvxt03
1551 1509 1638 1543 ergo
1653 1496 1713 1530 illa
1737 1495 1895 1540 qualitas
1912 1518 1924 1534 ,
1948 1496 2007 1528 vel
2033 1495 2179 1529 habitus
2202 1493 2309 1541 supe-

1353 1541 1517 1584 radditus
1531 1546 1699 1591 potentiae
1714 1545 1797 1579 loco
1813 1541 1957 1578 motiva:
1985 1543 2029 1577 ad
2050 1545 2111 1579 abi
2132 1544 2309 1579 inclinans

1353 1597 1660 1635 determinatum,
1685 1596 1812 1640 potius
1830 1591 1914 1628 effer
1943 1593 2202 1640 impedimento
2223 1596 2309 1630 bea-

1353 1650 1416 1691 tis,
1427 1646 1649 1693 cederetque
1663 1645 1698 1678 in
1711 1643 1873 1690 ipsorum
1885 1642 2310 1691 defatigationem‚quam

1353 1699 1556 1746 quidquam
1572 1695 1718 1730 adderet
1730 1694 1882 1738 agilitati
1911 1692 1956 1727 ad
1985 1705 2150 1736 motum;
2176 1693 2310 1741 impos·

1354 1750 1457 1783 sibile
1475 1747 1526 1781 est
1541 1756 1652 1788 ergo,
1676 1755 1783 1778 unam
1811 1743 2026 1789 qualitatem
2053 1744 2138 1780 dare
2163 1746 2312 1790 agilita-

1354 1806 1426 1831 tem
1441 1795 1484 1830 ad
1497 1805 1604 1830 omne
1616 1793 1679 1829 ubi
1694 1792 1846 1835 sursum,
1860 1793 1895 1828 8(
1913 1792 2078 1830 deorsum
2094 1821 2104 1830 .
2120 1795 2310 1843 Siquidem

1353 1858 1437 1882 curn
1452 1845 1609 1892 qualitas
1631 1844 1810 1887 nobilior,
1835 1844 1892 1878 uti
1925 1843 1976 1880 est
1997 1844 2155 1881 charitas
2172 1873 2183 1887 ,
2207 1846 2312 1882 incli-

1354 1908 1413 1933 net
1428 1898 1471 1932 ad
1490 1895 1764 1931 determinatam
1788 1895 2036 1942 operationem
2055 1908 2067 1936 3
2092 1897 2126 1932 8(
2155 1894 2309 1944 suapte,

1352 1958 1481 1984 natura
1497 1972 1508 1988 ,
1520 1945 1636 1981 forma
1651 1944 1829 1981 inclinans
1847 1945 1890 1978 ad
1905 1957 2060 1987 motum,
2079 1946 2123 1981 ad
2138 1947 2311 1983 determi-

1351 2008 1475 2035 natum
1489 2007 1642 2044 quoque
1654 2005 1794 2031 motum
1807 1996 1957 2031 inclinet
1975 2023 1986 2038 ‚
2013 2008 2086 2032 non
2102 1996 2250 2034 videtur
2261 1999 2310 2034 ab

1353 2050 1506 2092 habitu,
1532 2048 1589 2083 vel
1604 2046 1785 2094 qualitate
1800 2046 2040 2094 al=quainesse
2069 2048 2183 2084 beatis
2209 2049 2312 2095 agili-

1352 2112 1461 2136 tatem
1480 2110 1546 2141 gae
1560 2095 1710 2132 subinde
1724 2108 1787 2132 nec
1803 2098 1909 2133 ullam
1926 2100 2122 2146 potentiam
2137 2098 2218 2134 loco
2233 2111 2312 2135 mo-

1354 2153 1464 2186 tivam
1480 2149 1564 2185 reci:
1581 2159 1639 2184 ere
1663 2147 1828 2183 habitum
1849 2175 1859 2188 ,
1886 2161 1950 2195 per
1971 2161 2081 2196 quem
2103 2149 2148 2184 ad
2172 2161 2310 2187 motum

1356 2203 1477 2250 aptior
1489 2198 1768 2246 expeditiorque
1787 2200 1958 2235 reddatur
1973 2226 1983 2235 .

1457 2250 1515 2290 Ad
1534 2251 1734 2294 agilitatem
1746 2261 1833 2295 ergo
1847 2251 2037 2286 beatorum
2053 2262 2127 2286 non
2154 2251 2308 2298 requiri.

1354 2313 1416 2337 tur
1429 2328 1441 2344 ,
1473 2301 1534 2337 nili
1551 2300 1650 2347 quod
1668 2301 1793 2336 animae
1821 2301 1976 2347 potestas
1993 2302 2037 2337 ad
2054 2302 2313 2337 movendum„-

1354 2353 1502 2388 redatur
1525 2350 1723 2398 perfeftior
1750 2352 1785 2388 8(
1813 2352 1985 2387 intensior
2002 2375 2015 2395 ‚
2042 2362 2081 2387 ut
2106 2353 2172 2387 erit
2197 2351 2313 2387 viiiva.

1356 2401 1550 2452 perfefiior
1562 2402 1660 2438 nulla
1676 2400 1767 2437 fasta
1783 2403 1987 2438 mutatione
1998 2403 2095 2438 circa
2107 2402 2218 2449 iplius
2229 2403 2315 2437 sub-

1358 2453 1527 2490 stantiam
1546 2479 1556 2494 ‚
1589 2454 1623 2489 8<
1636 2453 1738 2500 quod
1754 2465 1772 2488 e
1787 2454 1904 2490 medio
1919 2454 2069 2489 tollatur
2095 2452 2315 2490 resistentia-2

1359 2502 1594 2541 accidentalis
1608 2516 1653 2540 ex
1678 2514 1779 2551 parte
1805 2504 1970 2552 corporis
1986 2532 1996 2541 .
2026 2506 2068 2540 Et
2099 2503 2247 2551 quidem
2271 2517 2315 2541 ex

1356 2565 1457 2604 parte
1469 2555 1634 2602 corporis
1659 2554 1794 2602 duplex
1822 2555 1873 2591 est
1897 2554 2196 2602 impedimentum
2226 2565 2315 2591 tunc

1358 2605 1563 2642 tollendum
1575 2631 1587 2643 .
1617 2607 1745 2643 Unum
1758 2618 1804 2642 ex
1818 2617 1920 2653 parte
1932 2616 2154 2653 organorum
2167 2603 2316 2642 virtut‘is

1367 2658 1518 2693 motivae
1529 2681 1540 2698 ,
1554 2657 1653 2705 quod
1673 2656 1722 2691 est
1737 2655 1792 2702 inj
1803 2656 1967 2693 unfturis
1981 2657 2013 2691 8(
2027 2657 2147 2692 nervis
2162 2681 2172 2692 .
2202 2656 2316 2692 Aliud

1361 2708 1456 2744 estin
1470 2717 1553 2743 toto
1578 2718 1730 2755 corpore
1757 2707 1882 2752 groflis
1904 2706 2055 2755 oppleto
2081 2705 2315 2749 humoribus,

1357 2759 1543 2795 hominem
1570 2759 1723 2794 inertem
1753 2759 1788 2794 8(
1812 2761 1960 2806 pigrum
1987 2757 2222 2794 reddentibus
2246 2768 2314 2793 nec

1360 2809 1405 2845 ad
1422 2809 1611 2845 veritatem
1623 2809 1788 2845 humanae
1800 2820 1935 2845 naturae
1948 2807 2191 2856 spe6hntibus
2207 2834 2216 2844 .
2245 2810 2314 2845 His

1361 2872 1452 2906 ergo
1469 2860 1743 2907 impedimentis
1758 2859 1909 2897 sublatis
1921 2886 1932 2902 ,
1960 2870 2093 2907 corpus
2109 2860 2314 2905 agillimum

1361 2913 1426 2948 erit
1444 2936 1456 2953 ,
1483 2912 1518 2946 in
1532 2911 1631 2947 nullo
1646 2912 1771 2946 animae
1800 2911 1918 2959 ipsum
1945 2910 2107 2946 moventi
2137 2909 2311 2946 resistens-

1362 2965 1452 3002 Non
1468 2960 1518 2998 est
1530 2974 1619 3008 ergo
1632 2962 1704 2997 ulla
1717 2963 1784 2998 alia
1797 2963 1955 3009 qualitas
1967 2962 2024 3001 vel
2037 2960 2184 2996 babitus
2211 2973 2315 2997 com·

1362 3011 1604 3050 miniscendus
1620 3040 1632 3056 ,
1663 3025 1739 3061 quo
1753 3013 1920 3061 expedita
1938 3011 2108 3048 reddatur
2127 3013 2315 3058 potentia-2

1363 3063 1499 3099 motiva
1517 3065 1552 3099 in
1567 3065 1670 3100 nobis
1685 3091 1696 3106 ,
1721 3065 1778 3101 vel
1796 3065 1831 3101 in
1844 3063 1960 3100 brutis
1977 3089 1987 3105 ,
2018 3074 2099 3109 quae
2114 3062 2313 3098 secundum

1361 3114 1463 3162 quod
1476 3115 1522 3150 ab
1540 3113 1596 3151 bis
1622 3114 1892 3162 impedimentis
1910 3115 2082 3150 liberatur
2095 3140 2103 3154 ‚
2131 3113 2171 3149 fit
2194 3115 2314 3159 agilis,

1361 3164 1554 3211 expedita,
1582 3167 1616 3201 8(
1648 3176 1730 3213 apta
1759 3165 1802 3200 ad
1829 3175 1966 3201 motum
1994 3165 2134 3201 ratione
2156 3164 2251 3213 ipsa,
2274 3166 2312 3200 &

1362 3216 1545 3264 phantalia
1561 3215 1800 3263 dirigentibus
1819 3241 1829 3251 .

1467 3268 1636 3302 Tertium
1649 3265 1809 3303 dietum:
1834 3266 1872 3302 ln
1899 3266 2065 3314 appetitu
2084 3265 2252 3302 senlitivo
2276 3266 2311 3302 8(

1366 3317 1623 3366 apprehensiva
1637 3317 1689 3353 illi
1703 3316 1999 3364 correspendente
2012 3316 2091 3354 sunt
2105 3317 2316 3352 admittendi

1367 3368 1641 3416 aliquihabitus
1654 3392 1666 3405 .
1696 3368 1932 3404 Declaratio:
1963 3368 2138 3405 Potentiae
2155 3369 2222 3403 illae
2235 3367 2315 3403 sunt

1366 3420 1559 3455 habituum
1575 3430 1724 3467 capaces
1742 3431 1844 3466 ‚quae
1855 3430 1900 3453 ex
1917 3417 1951 3454 se
1965 3419 2046 3467 ἱρῆς
2063 3430 2132 3456 non
2147 3417 2225 3454 sunt
2243 3430 2317 3453 rna-

1368 3472 1467 3506 xime
1483 3469 1525 3505 ad
1544 3481 1654 3505 unum
1673 3469 1792 3506 zelum
1816 3470 2066 3507 determinata
2080 3497 2092 3513 ,
2121 3467 2178 3505 sed
2203 3470 2316 3516 magis

1370 3531 1509 3568 queunt
1526 3520 1754 3557 intensiorem
1773 3547 1783 3561 ‚
1813 3521 1847 3557 8(
1865 3521 1983 3557 minus
1997 3518 2175 3558 intensum
2197 3519 2315 3555 astum

1370 3574 1501 3608 elicere
1521 3597 1531 3612 ,
1556 3569 1778 3617 majorem&
1793 3572 1964 3608 minorem
1992 3574 2026 3609 in
2044 3574 2088 3610 iis
2113 3570 2318 3621 producen-

1369 3622 1429 3660 dis
1447 3622 1655 3659 facilitatem
1669 3622 1851 3670 experiri,
1873 3622 1906 3658 8(
1924 3624 2069 3661 tandem
2098 3635 2180 3659 cum
2212 3621 2319 3657 volu-

1371 3686 1469 3721 ptate
1481 3699 1492 3716 ,
1513 3673 1573 3708 vel
1588 3673 1724 3710 tristitia
1740 3676 1835 3709 circa
1849 3671 1994 3719 objeeta
2010 3673 2142 3711 versari
2157 3699 2167 3709 .
2182 3673 2316 3709 Omnia

1368 3725 1446 3761 haec
1468 3733 1668 3770 congruere
1694 3724 1872 3774 appetitui
1893 3724 2065 3764 senfitivo
2087 3724 2315 3773 experimur3

2219 3785 2309 3820 ergo

2356 3245 2478 3277 Habitus
2498 3247 2559 3276 suut

2356 3286 2520 3314 admittendi
2530 3287 2558 3313 in

2357 3326 2483 3370 appetitu
2495 3325 2557 3354 {en-

2357 3365 2440 3394 fitlvo
2454 3381 2464 3390 ·

2360 3454 2559 3490 3.dist.33.pot
2583 3490 2584 3493 Ἴ

2359 3503 2454 3523 totum
2468 3491 2559 3521 adist-

2361 3541 2391 3569 3.
2414 3544 2444 3569 q.
2471 3542 2515 3561 ιο.
2536 3532 2561 3561 §-
2581 3553 2583 3563 ι

2359 3571 2559 3610 Adfer-undum
2581 3571 2583 3590 ἶ

2356 3614 2539 3655 γνᾳρνῐηιμ-
2580 3623 2581 3647 i

2359 3651 2493 3688 opmione.
2580 3651 2581 3654 ’
