<?xml version="1.0" encoding="UTF-8"?>
<!DOCTYPE html PUBLIC "-//W3C//DTD XHTML 1.0 Transitional//EN"
    "http://www.w3.org/TR/xhtml1/DTD/xhtml1-transitional.dtd">
<html xmlns="http://www.w3.org/1999/xhtml" xml:lang="en" lang="en">
 <head>
  <title>
</title>
<meta http-equiv="Content-Type" content="text/html;charset=utf-8" />
  <meta name='ocr-system' content='tesseract 3.04.00' />
  <meta name='ocr-capabilities' content='ocr_page ocr_carea ocr_par ocr_line ocrx_word'/>
</head>
<body>
  <div class='ocr_page' id='page_1' title='image "./joannisdunsscoti03duns_0337.png"; bbox 0 0 2628 4011; ppageno 0'>
   <div class='ocr_carea' id='block_1_1' title="bbox 15 882 25 913">
    <p class='ocr_par' dir='ltr' id='par_1_1' title="bbox 15 882 25 913">
     <span class='ocr_line' id='line_1_1' title="bbox 15 882 25 913; baseline 0 -4"><span class='ocrx_word' id='word_1_1' title='bbox 15 882 25 913; x_wconf 68' lang='lat' dir='ltr'>l}</span> 
     </span>
    </p>
   </div>
   <div class='ocr_carea' id='block_1_2' title="bbox 18 921 26 928">
    <p class='ocr_par' dir='ltr' id='par_1_2' title="bbox 18 921 26 928">
     <span class='ocr_line' id='line_1_2' title="bbox 18 921 26 928; baseline 0 0"><span class='ocrx_word' id='word_1_2' title='bbox 18 924 19 928; x_wconf 41' lang='lat'>1</span> <span class='ocrx_word' id='word_1_3' title='bbox 24 921 26 928; x_wconf 66' lang='lat'>&gt;</span> 
     </span>
    </p>
   </div>
   <div class='ocr_carea' id='block_1_3' title="bbox 49 874 258 986">
    <p class='ocr_par' dir='ltr' id='par_1_3' title="bbox 49 874 258 986">
     <span class='ocr_line' id='line_1_3' title="bbox 51 874 256 915; baseline -0.015 -9"><span class='ocrx_word' id='word_1_4' title='bbox 51 874 256 915; x_wconf 65' lang='lat' dir='ltr'>qdist.t5.q.i=</span> 
     </span>
     <span class='ocr_line' id='line_1_4' title="bbox 49 913 258 986; baseline 0.005 -42"><span class='ocrx_word' id='word_1_5' title='bbox 49 916 86 986; x_wconf 46' lang='grc' dir='ltr'>ἃ..</span> <span class='ocrx_word' id='word_1_6' title='bbox 93 916 143 984; x_wconf 49' lang='lat' dir='ltr'>‘De</span> <span class='ocrx_word' id='word_1_7' title='bbox 156 913 258 955; x_wconf 68' lang='lat' dir='ltr'>ficun-</span> 
     </span>
    </p>
   </div>
   <div class='ocr_carea' id='block_1_4' title="bbox 48 2393 260 3199">
    <p class='ocr_par' dir='ltr' id='par_1_4' title="bbox 48 2393 259 2770">
     <span class='ocr_line' id='line_1_5' title="bbox 48 2393 259 2427; baseline -0.019 0"><span class='ocrx_word' id='word_1_8' title='bbox 48 2393 171 2427; x_wconf 65' lang='lat' dir='ltr'>arsenio</span> <span class='ocrx_word' id='word_1_9' title='bbox 191 2393 259 2424; x_wconf 81' lang='lat' dir='ltr'>Do-</span> 
     </span>
     <span class='ocr_line' id='line_1_6' title="bbox 49 2432 257 2467; baseline -0.014 -5"><span class='ocrx_word' id='word_1_10' title='bbox 49 2435 135 2463; x_wconf 71' lang='lat' dir='ltr'>eteris</span> <span class='ocrx_word' id='word_1_11' title='bbox 143 2432 257 2467; x_wconf 57' lang='lat' dir='ltr'>astutul-</span> 
     </span>
     <span class='ocr_line' id='line_1_7' title="bbox 49 2470 256 2511; baseline 0 -9"><span class='ocrx_word' id='word_1_12' title='bbox 49 2470 110 2502; x_wconf 81' lang='lat' dir='ltr'>lum</span> <span class='ocrx_word' id='word_1_13' title='bbox 142 2472 256 2511; x_wconf 69' lang='lat' dir='ltr'>peccatu</span> 
     </span>
     <span class='ocr_line' id='line_1_8' title="bbox 49 2510 257 2549; baseline -0.014 -8"><span class='ocrx_word' id='word_1_14' title='bbox 49 2511 104 2541; x_wconf 75' lang='lat' dir='ltr'>effe</span> <span class='ocrx_word' id='word_1_15' title='bbox 122 2510 257 2549; x_wconf 75' lang='lat' dir='ltr'>simplici-</span> 
     </span>
     <span class='ocr_line' id='line_1_9' title="bbox 49 2548 256 2579; baseline -0.014 0"><span class='ocrx_word' id='word_1_16' title='bbox 49 2557 95 2579; x_wconf 72' lang='lat' dir='ltr'>ter</span> <span class='ocrx_word' id='word_1_17' title='bbox 115 2548 256 2578; x_wconf 80' lang='lat' dir='ltr'>infinitum</span> 
     </span>
     <span class='ocr_line' id='line_1_10' title="bbox 50 2587 257 2618; baseline -0.005 0"><span class='ocrx_word' id='word_1_18' title='bbox 50 2587 96 2618; x_wconf 74' lang='lat' dir='ltr'>{ed</span> <span class='ocrx_word' id='word_1_19' title='bbox 119 2596 257 2617; x_wconf 65' lang='lat' dir='ltr'>tantum.-</span> 
     </span>
     <span class='ocr_line' id='line_1_11' title="bbox 50 2627 243 2655; baseline -0.005 0"><span class='ocrx_word' id='word_1_20' title='bbox 50 2627 243 2655; x_wconf 72' lang='lat' dir='ltr'>oxtrinseca...</span> 
     </span>
     <span class='ocr_line' id='line_1_12' title="bbox 59 2664 256 2693; baseline -0.005 0"><span class='ocrx_word' id='word_1_21' title='bbox 59 2664 256 2693; x_wconf 78' lang='lat' dir='ltr'>denominatio</span> 
     </span>
     <span class='ocr_line' id='line_1_13' title="bbox 52 2701 243 2740; baseline -0.01 -7"><span class='ocrx_word' id='word_1_22' title='bbox 52 2712 88 2733; x_wconf 76' lang='lat' dir='ltr'>ue</span> <span class='ocrx_word' id='word_1_23' title='bbox 100 2723 109 2737; x_wconf 87' lang='lat'><em>‚</em></span> <span class='ocrx_word' id='word_1_24' title='bbox 124 2701 243 2740; x_wconf 75' lang='lat' dir='ltr'>&amp;secun</span> 
     </span>
     <span class='ocr_line' id='line_1_14' title="bbox 59 2740 218 2770; baseline -0.013 0"><span class='ocrx_word' id='word_1_25' title='bbox 59 2742 127 2770; x_wconf 62' lang='lat' dir='ltr'>dum</span> <span class='ocrx_word' id='word_1_26' title='bbox 138 2740 197 2769; x_wconf 69' lang='lat' dir='ltr'>dlcf</span> <span class='ocrx_word' id='word_1_27' title='bbox 208 2757 218 2768; x_wconf 73' lang='grc' dir='ltr'><strong><em>ο</em></strong></span> 
     </span>
    </p>

    <p class='ocr_par' dir='ltr' id='par_1_5' title="bbox 51 2779 257 2894">
     <span class='ocr_line' id='line_1_15' title="bbox 56 2779 256 2814; baseline -0.01 -6"><span class='ocrx_word' id='word_1_28' title='bbox 56 2786 83 2814; x_wconf 79' lang='lat'>3.</span> <span class='ocrx_word' id='word_1_29' title='bbox 100 2779 166 2808; x_wconf 76' lang='lat' dir='ltr'>dist.</span> <span class='ocrx_word' id='word_1_30' title='bbox 185 2781 256 2811; x_wconf 49' lang='lat'>194.</span> 
     </span>
     <span class='ocr_line' id='line_1_16' title="bbox 56 2819 257 2852; baseline -0.01 -5"><span class='ocrx_word' id='word_1_31' title='bbox 56 2819 100 2847; x_wconf 72' lang='lat' dir='ltr'>Aa</span> <span class='ocrx_word' id='word_1_32' title='bbox 113 2825 142 2845; x_wconf 77' lang='lat' dir='ltr'>z.</span> <span class='ocrx_word' id='word_1_33' title='bbox 165 2820 201 2846; x_wconf 75' lang='lat' dir='ltr'>t9&#39;</span> <span class='ocrx_word' id='word_1_34' title='bbox 228 2823 257 2852; x_wconf 82' lang='lat'>3.</span> 
     </span>
     <span class='ocr_line' id='line_1_17' title="bbox 51 2855 238 2894; baseline -0.005 -10"><span class='ocrx_word' id='word_1_35' title='bbox 51 2855 206 2894; x_wconf 74' lang='lat' dir='ltr'>principale</span> <span class='ocrx_word' id='word_1_36' title='bbox 227 2872 238 2883; x_wconf 81' lang='lat'><strong>.</strong></span> 
     </span>
    </p>

    <p class='ocr_par' dir='ltr' id='par_1_6' title="bbox 51 2893 260 3199">
     <span class='ocr_line' id='line_1_18' title="bbox 53 2893 257 2930; baseline -0.01 -8"><span class='ocrx_word' id='word_1_37' title='bbox 53 2902 88 2930; x_wconf 66' lang='grc'>4.</span> <span class='ocrx_word' id='word_1_38' title='bbox 117 2893 177 2922; x_wconf 71' lang='lat' dir='ltr'>dist.</span> <span class='ocrx_word' id='word_1_39' title='bbox 211 2902 257 2927; x_wconf 79' lang='grc' dir='ltr'>ις.</span> 
     </span>
     <span class='ocr_line' id='line_1_19' title="bbox 53 2931 257 2970; baseline 0 -10"><span class='ocrx_word' id='word_1_40' title='bbox 53 2931 257 2970; x_wconf 72' lang='lat' dir='ltr'>q.i.&amp;difi·50.</span> 
     </span>
     <span class='ocr_line' id='line_1_20' title="bbox 55 2969 258 3009; baseline 0 -10"><span class='ocrx_word' id='word_1_41' title='bbox 55 2979 85 3009; x_wconf 63' lang='lat' dir='ltr'>q.</span> <span class='ocrx_word' id='word_1_42' title='bbox 116 2976 148 2999; x_wconf 69' lang='lat'>⁶0</span> <span class='ocrx_word' id='word_1_43' title='bbox 167 2969 202 2999; x_wconf 71' lang='lat' dir='ltr'>ad</span> <span class='ocrx_word' id='word_1_44' title='bbox 226 2969 258 2997; x_wconf 66' lang='lat' dir='ltr'>fi·</span> 
     </span>
     <span class='ocr_line' id='line_1_21' title="bbox 54 3006 258 3043; baseline -0.02 -5"><span class='ocrx_word' id='word_1_45' title='bbox 54 3017 118 3038; x_wconf 80' lang='lat' dir='ltr'>nem</span> <span class='ocrx_word' id='word_1_46' title='bbox 131 3022 140 3043; x_wconf 85' lang='lat'>,-</span> <span class='ocrx_word' id='word_1_47' title='bbox 163 3008 190 3036; x_wconf 77' lang='grc' dir='ltr'>δι</span> <span class='ocrx_word' id='word_1_48' title='bbox 203 3006 258 3036; x_wconf 79' lang='lat' dir='ltr'>sre-</span> 
     </span>
     <span class='ocr_line' id='line_1_22' title="bbox 57 3054 260 3084; baseline 0.005 -9"><span class='ocrx_word' id='word_1_49' title='bbox 57 3054 176 3084; x_wconf 76' lang='lat' dir='ltr'>quenter</span> <span class='ocrx_word' id='word_1_50' title='bbox 230 3056 260 3077; x_wconf 72' lang='grc' dir='ltr'>ι.</span> 
     </span>
     <span class='ocr_line' id='line_1_23' title="bbox 60 3085 258 3118; baseline 0 -4"><span class='ocrx_word' id='word_1_51' title='bbox 60 3085 124 3114; x_wconf 76' lang='lat' dir='ltr'>dist.</span> <span class='ocrx_word' id='word_1_52' title='bbox 158 3092 209 3118; x_wconf 79' lang='lat'>37.</span> <span class='ocrx_word' id='word_1_53' title='bbox 250 3107 258 3114; x_wconf 88' lang='lat'>.</span> 
     </span>
     <span class='ocr_line' id='line_1_24' title="bbox 62 3122 258 3153; baseline -0.01 -1"><span class='ocrx_word' id='word_1_54' title='bbox 62 3127 129 3153; x_wconf 63' lang='grc' dir='ltr'>π...</span> <span class='ocrx_word' id='word_1_55' title='bbox 142 3123 185 3151; x_wconf 73' lang='lat' dir='ltr'>Ex</span> <span class='ocrx_word' id='word_1_56' title='bbox 207 3122 220 3150; x_wconf 81' lang='grc' dir='ltr'>ι’</span> <span class='ocrx_word' id='word_1_57' title='bbox 239 3133 258 3153; x_wconf 73' lang='lat' dir='ltr'>a</span> 
     </span>
     <span class='ocr_line' id='line_1_25' title="bbox 51 3159 201 3199; baseline 0.007 -13"><span class='ocrx_word' id='word_1_58' title='bbox 51 3159 201 3199; x_wconf 69' lang='lat' dir='ltr'>sol-tione.</span> 
     </span>
    </p>
   </div>
   <div class='ocr_carea' id='block_1_5' title="bbox 55 3196 256 3243">
    <p class='ocr_par' dir='ltr' id='par_1_7' title="bbox 55 3196 256 3243">
     <span class='ocr_line' id='line_1_26' title="bbox 55 3196 256 3243; baseline 0 -16"><span class='ocrx_word' id='word_1_59' title='bbox 55 3196 184 3236; x_wconf 80' lang='lat' dir='ltr'>Quolib.</span> <span class='ocrx_word' id='word_1_60' title='bbox 209 3235 216 3243; x_wconf 90' lang='lat'><strong>.</strong></span> <span class='ocrx_word' id='word_1_61' title='bbox 227 3208 256 3236; x_wconf 79' lang='lat' dir='ltr'>q·</span> 
     </span>
    </p>
   </div>
   <div class='ocr_carea' id='block_1_6' title="bbox 55 3274 256 3542">
    <p class='ocr_par' dir='ltr' id='par_1_8' title="bbox 55 3274 256 3542">
     <span class='ocr_line' id='line_1_27' title="bbox 57 3274 255 3311; baseline -0.02 -7"><span class='ocrx_word' id='word_1_62' title='bbox 57 3284 89 3305; x_wconf 78' lang='grc' dir='ltr'>ι.</span> <span class='ocrx_word' id='word_1_63' title='bbox 108 3276 156 3303; x_wconf 86' lang='grc' dir='ltr'><strong>ι8.</strong></span> <span class='ocrx_word' id='word_1_64' title='bbox 178 3274 206 3301; x_wconf 82' lang='grc'>8(</span> <span class='ocrx_word' id='word_1_65' title='bbox 226 3283 255 3311; x_wconf 79' lang='grc'>4.</span> 
     </span>
     <span class='ocr_line' id='line_1_28' title="bbox 56 3313 256 3350; baseline -0.01 -7"><span class='ocrx_word' id='word_1_66' title='bbox 56 3313 128 3343; x_wconf 60' lang='lat' dir='ltr'>⁴¹¹ss-</span> <span class='ocrx_word' id='word_1_67' title='bbox 140 3319 256 3350; x_wconf 56' lang='lat'><strong>4⁶‘&#39;⁴‘</strong></span> 
     </span>
     <span class='ocr_line' id='line_1_29' title="bbox 55 3359 146 3379; baseline 0 0"><span class='ocrx_word' id='word_1_68' title='bbox 55 3360 77 3379; x_wconf 72' lang='lat'><strong>·</strong></span> <span class='ocrx_word' id='word_1_69' title='bbox 99 3359 146 3379; x_wconf 65' lang='lat'>2¹·</span> 
     </span>
     <span class='ocr_line' id='line_1_30' title="bbox 56 3389 253 3420; baseline 0.01 -2"><span class='ocrx_word' id='word_1_70' title='bbox 56 3389 179 3419; x_wconf 83' lang='lat' dir='ltr'>videndi</span> <span class='ocrx_word' id='word_1_71' title='bbox 189 3391 253 3420; x_wconf 79' lang='lat' dir='ltr'>Seo-</span> 
     </span>
     <span class='ocr_line' id='line_1_31' title="bbox 57 3426 254 3458; baseline 0.01 -1"><span class='ocrx_word' id='word_1_72' title='bbox 57 3426 125 3457; x_wconf 76' lang='lat' dir='ltr'>tistae</span> <span class='ocrx_word' id='word_1_73' title='bbox 156 3437 254 3458; x_wconf 80' lang='lat' dir='ltr'>receu-</span> 
     </span>
     <span class='ocr_line' id='line_1_32' title="bbox 55 3466 254 3501; baseline 0.005 -7"><span class='ocrx_word' id='word_1_74' title='bbox 55 3466 143 3495; x_wconf 67' lang='grc' dir='ltr'><strong>τίθης</strong></span> <span class='ocrx_word' id='word_1_75' title='bbox 167 3486 177 3501; x_wconf 86' lang='grc'><strong><em>,</em></strong></span> <span class='ocrx_word' id='word_1_76' title='bbox 225 3468 254 3495; x_wconf 75' lang='grc' dir='ltr'>δι</span> 
     </span>
     <span class='ocr_line' id='line_1_33' title="bbox 59 3507 204 3542; baseline 0.014 -10"><span class='ocrx_word' id='word_1_77' title='bbox 59 3507 204 3542; x_wconf 70' lang='lat' dir='ltr'>presertim</span> 
     </span>
    </p>
   </div>
   <div class='ocr_carea' id='block_1_7' title="bbox 59 3542 258 3582">
    <p class='ocr_par' dir='ltr' id='par_1_9' title="bbox 59 3542 258 3582">
     <span class='ocr_line' id='line_1_34' title="bbox 59 3542 258 3582; baseline 0 -10"><span class='ocrx_word' id='word_1_78' title='bbox 59 3542 142 3572; x_wconf 79' lang='lat' dir='ltr'>Mass.</span> <span class='ocrx_word' id='word_1_79' title='bbox 154 3542 258 3582; x_wconf 60' lang='lat' dir='ltr'>defi-6.</span> 
     </span>
    </p>
   </div>
   <div class='ocr_carea' id='block_1_8' title="bbox 57 3583 252 3654">
    <p class='ocr_par' dir='ltr' id='par_1_10' title="bbox 57 3583 252 3654">
     <span class='ocr_line' id='line_1_35' title="bbox 57 3583 252 3654; baseline -0.031 0"><span class='ocrx_word' id='word_1_80' title='bbox 57 3583 252 3654; x_wconf 49' lang='lat' dir='ltr'>metz:-</span> 
     </span>
    </p>
   </div>
   <div class='ocr_carea' id='block_1_9' title="bbox 669 73 1859 144">
    <p class='ocr_par' dir='ltr' id='par_1_11' title="bbox 669 73 1859 144">
     <span class='ocr_line' id='line_1_36' title="bbox 669 73 1859 144; baseline 0.007 -26"><span class='ocrx_word' id='word_1_81' title='bbox 669 75 828 124; x_wconf 82' lang='lat' dir='ltr'>Tomus</span> <span class='ocrx_word' id='word_1_82' title='bbox 847 74 914 126; x_wconf 86' lang='lat' dir='ltr'>II.</span> <span class='ocrx_word' id='word_1_83' title='bbox 936 76 1059 122; x_wconf 78' lang='lat' dir='ltr'>Part.</span> <span class='ocrx_word' id='word_1_84' title='bbox 1076 75 1134 121; x_wconf 85' lang='lat' dir='ltr'>II.</span> <span class='ocrx_word' id='word_1_85' title='bbox 1155 73 1346 144; x_wconf 77' lang='lat' dir='ltr'>Qaestio</span> <span class='ocrx_word' id='word_1_86' title='bbox 1365 77 1642 126; x_wconf 87' lang='lat' dir='ltr'><em>LXXXVII.</em></span> <span class='ocrx_word' id='word_1_87' title='bbox 1652 81 1754 126; x_wconf 81' lang='lat' dir='ltr'>Art.</span> <span class='ocrx_word' id='word_1_88' title='bbox 1774 81 1859 132; x_wconf 87' lang='lat' dir='ltr'>1V.</span> 
     </span>
    </p>
   </div>
   <div class='ocr_carea' id='block_1_10' title="bbox 288 140 1238 394">
    <p class='ocr_par' dir='ltr' id='par_1_12' title="bbox 288 140 1238 394">
     <span class='ocr_line' id='line_1_37' title="bbox 291 140 1238 189; baseline -0.006 -9"><span class='ocrx_word' id='word_1_89' title='bbox 291 156 337 180; x_wconf 90' lang='lat' dir='ltr'>ne</span> <span class='ocrx_word' id='word_1_90' title='bbox 347 146 521 181; x_wconf 87' lang='lat' dir='ltr'>malorum</span> <span class='ocrx_word' id='word_1_91' title='bbox 534 143 912 189; x_wconf 74' lang='lat' dir='ltr'>elucetordojustitiae</span> <span class='ocrx_word' id='word_1_92' title='bbox 937 141 983 175; x_wconf 88' lang='lat' dir='ltr'>di·</span> <span class='ocrx_word' id='word_1_93' title='bbox 1001 140 1065 176; x_wconf 68' lang='lat' dir='ltr'>ine</span> <span class='ocrx_word' id='word_1_94' title='bbox 1097 143 1238 180; x_wconf 68' lang='lat' dir='ltr'>reftiffi.</span> 
     </span>
     <span class='ocr_line' id='line_1_38' title="bbox 296 191 1235 240; baseline -0.002 -11"><span class='ocrx_word' id='word_1_95' title='bbox 296 207 350 230; x_wconf 92' lang='lat' dir='ltr'>me</span> <span class='ocrx_word' id='word_1_96' title='bbox 364 196 559 232; x_wconf 81' lang='lat' dir='ltr'>ordinantis</span> <span class='ocrx_word' id='word_1_97' title='bbox 570 194 693 240; x_wconf 78' lang='lat' dir='ltr'>culpas</span> <span class='ocrx_word' id='word_1_98' title='bbox 713 205 775 240; x_wconf 88' lang='lat' dir='ltr'>per</span> <span class='ocrx_word' id='word_1_99' title='bbox 787 191 986 236; x_wconf 86' lang='lat' dir='ltr'>condignas</span> <span class='ocrx_word' id='word_1_100' title='bbox 1002 203 1122 238; x_wconf 86' lang='lat' dir='ltr'>poenas</span> <span class='ocrx_word' id='word_1_101' title='bbox 1140 219 1148 232; x_wconf 88' lang='lat'>,</span> <span class='ocrx_word' id='word_1_102' title='bbox 1171 193 1235 229; x_wconf 88' lang='lat' dir='ltr'>etsi</span> 
     </span>
     <span class='ocr_line' id='line_1_39' title="bbox 290 242 1237 293; baseline -0.002 -13"><span class='ocrx_word' id='word_1_103' title='bbox 290 256 416 282; x_wconf 87' lang='lat' dir='ltr'>eorum</span> <span class='ocrx_word' id='word_1_104' title='bbox 430 246 647 293; x_wconf 84' lang='lat' dir='ltr'>perpetuitas</span> <span class='ocrx_word' id='word_1_105' title='bbox 678 244 907 279; x_wconf 78' lang='lat' dir='ltr'>cruciatuum</span> <span class='ocrx_word' id='word_1_106' title='bbox 928 267 936 279; x_wconf 89' lang='lat'>‚</span> <span class='ocrx_word' id='word_1_107' title='bbox 964 254 1035 277; x_wconf 88' lang='lat' dir='ltr'>non</span> <span class='ocrx_word' id='word_1_108' title='bbox 1063 242 1170 278; x_wconf 80' lang='lat' dir='ltr'>faciat</span> <span class='ocrx_word' id='word_1_109' title='bbox 1193 243 1237 278; x_wconf 90' lang='lat' dir='ltr'>ad</span> 
     </span>
     <span class='ocr_line' id='line_1_40' title="bbox 288 289 1234 342; baseline -0.002 -11"><span class='ocrx_word' id='word_1_110' title='bbox 288 292 690 342; x_wconf 81' lang='lat' dir='ltr'>justitiaeaequalitatem</span> <span class='ocrx_word' id='word_1_111' title='bbox 709 319 720 334; x_wconf 88' lang='lat'><em>,</em></span> <span class='ocrx_word' id='word_1_112' title='bbox 746 292 804 330; x_wconf 92' lang='lat' dir='ltr'>sed</span> <span class='ocrx_word' id='word_1_113' title='bbox 823 289 967 338; x_wconf 79' lang='lat' dir='ltr'>praecise</span> <span class='ocrx_word' id='word_1_114' title='bbox 981 293 1144 340; x_wconf 85' lang='lat' dir='ltr'>perpetui</span> <span class='ocrx_word' id='word_1_115' title='bbox 1168 293 1234 331; x_wconf 78' lang='lat' dir='ltr'>{int</span> 
     </span>
     <span class='ocr_line' id='line_1_41' title="bbox 292 343 714 394; baseline -0.007 -12"><span class='ocrx_word' id='word_1_116' title='bbox 292 346 342 383; x_wconf 90' lang='lat' dir='ltr'>ob</span> <span class='ocrx_word' id='word_1_117' title='bbox 360 347 485 384; x_wconf 78' lang='lat' dir='ltr'>causas</span> <span class='ocrx_word' id='word_1_118' title='bbox 499 343 685 394; x_wconf 68' lang='lat' dir='ltr'>praedi&amp;as</span> <span class='ocrx_word' id='word_1_119' title='bbox 701 368 714 379; x_wconf 90' lang='lat'><strong>.</strong></span> 
     </span>
    </p>
   </div>
   <div class='ocr_carea' id='block_1_11' title="bbox 451 440 1078 486">
    <p class='ocr_par' dir='ltr' id='par_1_13' title="bbox 451 440 1078 486">
     <span class='ocr_line' id='line_1_42' title="bbox 451 440 1078 486; baseline -0.01 0"><span class='ocrx_word' id='word_1_120' title='bbox 451 440 954 486; x_wconf 68' lang='lat' dir='ltr'>ARthvbvs</span> <span class='ocrx_word' id='word_1_121' title='bbox 1007 442 1078 481; x_wconf 78' lang='lat' dir='ltr'>lv.</span> 
     </span>
    </p>
   </div>
   <div class='ocr_carea' id='block_1_12' title="bbox 341 542 1189 644">
    <p class='ocr_par' dir='ltr' id='par_1_14' title="bbox 341 542 1189 644">
     <span class='ocr_line' id='line_1_43' title="bbox 341 542 1189 591; baseline -0.002 -8"><span class='ocrx_word' id='word_1_122' title='bbox 341 546 472 583; x_wconf 88' lang='lat' dir='ltr'>Vtrum</span> <span class='ocrx_word' id='word_1_123' title='bbox 490 554 641 590; x_wconf 84' lang='lat' dir='ltr'>peccato</span> <span class='ocrx_word' id='word_1_124' title='bbox 654 542 831 582; x_wconf 80' lang='lat' dir='ltr'>debeatur</span> <span class='ocrx_word' id='word_1_125' title='bbox 845 556 947 591; x_wconf 84' lang='lat' dir='ltr'>poena</span> <span class='ocrx_word' id='word_1_126' title='bbox 971 542 1112 580; x_wconf 81' lang='lat' dir='ltr'>infinita</span> <span class='ocrx_word' id='word_1_127' title='bbox 1137 543 1189 581; x_wconf 87' lang='lat' dir='ltr'>se·</span> 
     </span>
     <span class='ocr_line' id='line_1_44' title="bbox 537 595 979 644; baseline 0 -15"><span class='ocrx_word' id='word_1_128' title='bbox 537 595 696 632; x_wconf 86' lang='lat' dir='ltr'>cundum</span> <span class='ocrx_word' id='word_1_129' title='bbox 711 597 953 644; x_wconf 83' lang='lat' dir='ltr'>quantitatem</span> <span class='ocrx_word' id='word_1_130' title='bbox 971 619 979 628; x_wconf 89' lang='lat'><strong>.</strong></span> 
     </span>
    </p>
   </div>
   <div class='ocr_carea' id='block_1_13' title="bbox 388 694 1135 796">
    <p class='ocr_par' dir='ltr' id='par_1_15' title="bbox 388 694 1135 796">
     <span class='ocr_line' id='line_1_45' title="bbox 388 694 1135 742; baseline -0.005 -8"><span class='ocrx_word' id='word_1_131' title='bbox 388 694 616 734; x_wconf 65' lang='lat' dir='ltr'>Domi-locis</span> <span class='ocrx_word' id='word_1_132' title='bbox 631 698 671 732; x_wconf 74' lang='lat' dir='ltr'>tn</span> <span class='ocrx_word' id='word_1_133' title='bbox 685 697 845 742; x_wconf 81' lang='lat' dir='ltr'><em>margine</em></span> <span class='ocrx_word' id='word_1_134' title='bbox 857 695 918 731; x_wconf 72' lang='lat' dir='ltr'>cit.</span> <span class='ocrx_word' id='word_1_135' title='bbox 951 695 993 732; x_wconf 80' lang='lat' dir='ltr'>S.</span> <span class='ocrx_word' id='word_1_136' title='bbox 1014 694 1135 732; x_wconf 79' lang='lat' dir='ltr'>Thom.</span> 
     </span>
     <span class='ocr_line' id='line_1_46' title="bbox 591 748 933 796; baseline -0.012 -13"><span class='ocrx_word' id='word_1_137' title='bbox 591 758 622 783; x_wconf 88' lang='lat'>1.</span> <span class='ocrx_word' id='word_1_138' title='bbox 638 757 671 783; x_wconf 79' lang='lat' dir='ltr'>a.</span> <span class='ocrx_word' id='word_1_139' title='bbox 692 760 726 796; x_wconf 87' lang='lat' dir='ltr'>q.</span> <span class='ocrx_word' id='word_1_140' title='bbox 744 748 880 793; x_wconf 79' lang='lat' dir='ltr'>87.art.</span> <span class='ocrx_word' id='word_1_141' title='bbox 895 755 933 791; x_wconf 90' lang='lat'>4.</span> 
     </span>
    </p>
   </div>
   <div class='ocr_carea' id='block_1_14' title="bbox 282 842 1238 3717">
    <p class='ocr_par' dir='ltr' id='par_1_16' title="bbox 285 842 1238 1448">
     <span class='ocr_line' id='line_1_47' title="bbox 291 842 1236 938; baseline -0.001 -54"><span class='ocrx_word' id='word_1_142' title='bbox 291 843 395 938; x_wconf 81' lang='lat' dir='ltr'>V</span> <span class='ocrx_word' id='word_1_143' title='bbox 409 847 534 884; x_wconf 82' lang='lat' dir='ltr'>Idetur</span> <span class='ocrx_word' id='word_1_144' title='bbox 548 858 698 896; x_wconf 90' lang='lat' dir='ltr'>peccato</span> <span class='ocrx_word' id='word_1_145' title='bbox 713 847 835 884; x_wconf 84' lang='lat' dir='ltr'>deberi</span> <span class='ocrx_word' id='word_1_146' title='bbox 848 859 948 895; x_wconf 81' lang='lat' dir='ltr'>poena</span> <span class='ocrx_word' id='word_1_147' title='bbox 961 843 1099 880; x_wconf 80' lang='lat' dir='ltr'>infinita</span> <span class='ocrx_word' id='word_1_148' title='bbox 1112 842 1236 883; x_wconf 89' lang='lat' dir='ltr'>secun-</span> 
     </span>
     <span class='ocr_line' id='line_1_48' title="bbox 421 895 1237 945; baseline -0.001 -11"><span class='ocrx_word' id='word_1_149' title='bbox 421 898 506 935; x_wconf 87' lang='lat' dir='ltr'>dum</span> <span class='ocrx_word' id='word_1_150' title='bbox 520 900 770 945; x_wconf 83' lang='lat' dir='ltr'>quantitatem.</span> <span class='ocrx_word' id='word_1_151' title='bbox 787 895 929 934; x_wconf 80' lang='lat' dir='ltr'>Etenim</span> <span class='ocrx_word' id='word_1_152' title='bbox 946 897 1143 945; x_wconf 80' lang='lat' dir='ltr'>quantitati</span> <span class='ocrx_word' id='word_1_153' title='bbox 1159 898 1237 933; x_wconf 91' lang='lat' dir='ltr'>cul·</span> 
     </span>
     <span class='ocr_line' id='line_1_49' title="bbox 290 945 1236 998; baseline -0.005 -14"><span class='ocrx_word' id='word_1_154' title='bbox 290 961 344 998; x_wconf 69' lang='lat' dir='ltr'>par</span> <span class='ocrx_word' id='word_1_155' title='bbox 361 975 373 990; x_wconf 88' lang='lat'>‚</span> <span class='ocrx_word' id='word_1_156' title='bbox 405 949 594 998; x_wconf 73' lang='lat' dir='ltr'>respondet</span> <span class='ocrx_word' id='word_1_157' title='bbox 612 949 796 997; x_wconf 73' lang='lat' dir='ltr'>quantitas</span> <span class='ocrx_word' id='word_1_158' title='bbox 820 960 951 992; x_wconf 69' lang='lat' dir='ltr'>poenae,</span> <span class='ocrx_word' id='word_1_159' title='bbox 978 945 1169 983; x_wconf 85' lang='lat' dir='ltr'>seeundum</span> <span class='ocrx_word' id='word_1_160' title='bbox 1195 948 1236 984; x_wconf 87' lang='lat' dir='ltr'>il.</span> 
     </span>
     <span class='ocr_line' id='line_1_50' title="bbox 289 997 1236 1044; baseline -0.003 -8"><span class='ocrx_word' id='word_1_161' title='bbox 289 998 352 1036; x_wconf 90' lang='lat' dir='ltr'>lud</span> <span class='ocrx_word' id='word_1_162' title='bbox 364 997 632 1036; x_wconf 83' lang='lat' dir='ltr'>Deuteronom.</span> <span class='ocrx_word' id='word_1_163' title='bbox 651 1009 711 1044; x_wconf 86' lang='lat'>25.</span> <span class='ocrx_word' id='word_1_164' title='bbox 729 1003 800 1034; x_wconf 85' lang='lat' dir='ltr'>&#39;Pro</span> <span class='ocrx_word' id='word_1_165' title='bbox 814 997 973 1043; x_wconf 80' lang='lat' dir='ltr'>mensura</span> <span class='ocrx_word' id='word_1_166' title='bbox 985 999 1122 1038; x_wconf 74' lang='lat' dir='ltr'>peccatu·</span> <span class='ocrx_word' id='word_1_167' title='bbox 1139 1024 1149 1038; x_wconf 92' lang='lat'><strong>‚</strong></span> <span class='ocrx_word' id='word_1_168' title='bbox 1165 999 1236 1035; x_wconf 73' lang='lat' dir='ltr'>erit</span> 
     </span>
     <span class='ocr_line' id='line_1_51' title="bbox 285 1046 1236 1100; baseline -0.005 -11"><span class='ocrx_word' id='word_1_169' title='bbox 285 1047 532 1100; x_wconf 75' lang='lat' dir='ltr'>&amp;p&#39;agarum</span> <span class='ocrx_word' id='word_1_170' title='bbox 543 1050 664 1086; x_wconf 75' lang='lat' dir='ltr'>modus</span> <span class='ocrx_word' id='word_1_171' title='bbox 681 1075 689 1085; x_wconf 92' lang='lat'><strong><em>.</em></strong></span> <span class='ocrx_word' id='word_1_172' title='bbox 708 1048 778 1085; x_wconf 89' lang='lat' dir='ltr'>Sed</span> <span class='ocrx_word' id='word_1_173' title='bbox 795 1059 979 1092; x_wconf 79' lang='lat' dir='ltr'>peccatum</span> <span class='ocrx_word' id='word_1_174' title='bbox 1000 1046 1098 1095; x_wconf 91' lang='lat' dir='ltr'>quod</span> <span class='ocrx_word' id='word_1_175' title='bbox 1109 1058 1236 1084; x_wconf 76' lang='lat' dir='ltr'>eontra</span> 
     </span>
     <span class='ocr_line' id='line_1_52' title="bbox 287 1096 1231 1142; baseline -0.006 -5"><span class='ocrx_word' id='word_1_176' title='bbox 287 1100 408 1137; x_wconf 89' lang='lat' dir='ltr'>Deum</span> <span class='ocrx_word' id='word_1_177' title='bbox 426 1101 668 1136; x_wconf 78' lang='lat' dir='ltr'>committitur</span> <span class='ocrx_word' id='word_1_178' title='bbox 684 1126 696 1142; x_wconf 94' lang='lat'>‚</span> <span class='ocrx_word' id='word_1_179' title='bbox 719 1098 767 1134; x_wconf 89' lang='lat' dir='ltr'>est</span> <span class='ocrx_word' id='word_1_180' title='bbox 782 1096 961 1134; x_wconf 84' lang='lat' dir='ltr'>infinitum</span> <span class='ocrx_word' id='word_1_181' title='bbox 978 1111 989 1139; x_wconf 81' lang='lat'>3</span> <span class='ocrx_word' id='word_1_182' title='bbox 1015 1108 1120 1133; x_wconf 77' lang='lat' dir='ltr'>tanto</span> <span class='ocrx_word' id='word_1_183' title='bbox 1135 1099 1231 1134; x_wconf 87' lang='lat' dir='ltr'>enim</span> 
     </span>
     <span class='ocr_line' id='line_1_53' title="bbox 286 1145 1237 1197; baseline -0.005 -11"><span class='ocrx_word' id='word_1_184' title='bbox 286 1150 440 1196; x_wconf 80' lang='lat' dir='ltr'>gravius</span> <span class='ocrx_word' id='word_1_185' title='bbox 456 1148 506 1187; x_wconf 87' lang='lat' dir='ltr'>est</span> <span class='ocrx_word' id='word_1_186' title='bbox 519 1160 704 1197; x_wconf 87' lang='lat' dir='ltr'>peccatum</span> <span class='ocrx_word' id='word_1_187' title='bbox 722 1175 732 1190; x_wconf 93' lang='lat'><strong>,</strong></span> <span class='ocrx_word' id='word_1_188' title='bbox 764 1159 901 1196; x_wconf 82' lang='lat' dir='ltr'>quanto</span> <span class='ocrx_word' id='word_1_189' title='bbox 916 1148 1029 1194; x_wconf 86' lang='lat' dir='ltr'>major</span> <span class='ocrx_word' id='word_1_190' title='bbox 1041 1146 1088 1182; x_wconf 82' lang='lat' dir='ltr'>est</span> <span class='ocrx_word' id='word_1_191' title='bbox 1116 1145 1237 1194; x_wconf 79' lang='lat' dir='ltr'>perfo-</span> 
     </span>
     <span class='ocr_line' id='line_1_54' title="bbox 287 1198 1237 1246; baseline -0.004 -8"><span class='ocrx_word' id='word_1_192' title='bbox 287 1211 336 1239; x_wconf 82' lang='lat' dir='ltr'>na</span> <span class='ocrx_word' id='word_1_193' title='bbox 352 1211 478 1238; x_wconf 86' lang='lat' dir='ltr'>contra</span> <span class='ocrx_word' id='word_1_194' title='bbox 492 1212 603 1245; x_wconf 84' lang='lat' dir='ltr'>quam</span> <span class='ocrx_word' id='word_1_195' title='bbox 621 1199 863 1239; x_wconf 68' lang='lat' dir='ltr'>delinquitur.</span> <span class='ocrx_word' id='word_1_196' title='bbox 883 1199 982 1234; x_wconf 81' lang='lat' dir='ltr'>Sicut</span> <span class='ocrx_word' id='word_1_197' title='bbox 996 1198 1140 1246; x_wconf 86' lang='lat' dir='ltr'>gravius</span> <span class='ocrx_word' id='word_1_198' title='bbox 1157 1210 1237 1245; x_wconf 81' lang='lat' dir='ltr'>pec-</span> 
     </span>
     <span class='ocr_line' id='line_1_55' title="bbox 290 1247 1238 1296; baseline -0.005 -8"><span class='ocrx_word' id='word_1_199' title='bbox 290 1261 414 1288; x_wconf 85' lang='lat' dir='ltr'>catum</span> <span class='ocrx_word' id='word_1_200' title='bbox 431 1249 480 1286; x_wconf 86' lang='lat' dir='ltr'>est</span> <span class='ocrx_word' id='word_1_201' title='bbox 494 1247 662 1296; x_wconf 88' lang='lat' dir='ltr'>injuriam</span> <span class='ocrx_word' id='word_1_202' title='bbox 681 1249 812 1285; x_wconf 83' lang='lat' dir='ltr'>inferi-e</span> <span class='ocrx_word' id='word_1_203' title='bbox 845 1248 938 1292; x_wconf 72' lang='lat' dir='ltr'>Regi</span> <span class='ocrx_word' id='word_1_204' title='bbox 954 1275 964 1290; x_wconf 90' lang='lat'>,</span> <span class='ocrx_word' id='word_1_205' title='bbox 992 1260 1100 1295; x_wconf 88' lang='lat' dir='ltr'>quam</span> <span class='ocrx_word' id='word_1_206' title='bbox 1130 1249 1238 1294; x_wconf 77' lang='lat' dir='ltr'>Agri-</span> 
     </span>
     <span class='ocr_line' id='line_1_56' title="bbox 290 1298 1236 1345; baseline -0.003 -6"><span class='ocrx_word' id='word_1_207' title='bbox 290 1300 410 1339; x_wconf 79' lang='lat' dir='ltr'>colae.</span> <span class='ocrx_word' id='word_1_208' title='bbox 431 1301 500 1337; x_wconf 89' lang='lat' dir='ltr'>Dei</span> <span class='ocrx_word' id='word_1_209' title='bbox 514 1311 634 1337; x_wconf 89' lang='lat' dir='ltr'>autem</span> <span class='ocrx_word' id='word_1_210' title='bbox 649 1299 861 1345; x_wconf 85' lang='lat' dir='ltr'>magnitudo</span> <span class='ocrx_word' id='word_1_211' title='bbox 877 1298 1015 1334; x_wconf 85' lang='lat' dir='ltr'>infinita</span> <span class='ocrx_word' id='word_1_212' title='bbox 1046 1298 1093 1333; x_wconf 85' lang='lat' dir='ltr'>est</span> <span class='ocrx_word' id='word_1_213' title='bbox 1115 1312 1126 1340; x_wconf 88' lang='lat'>;</span> <span class='ocrx_word' id='word_1_214' title='bbox 1149 1312 1236 1345; x_wconf 76' lang='lat' dir='ltr'>erg-0</span> 
     </span>
     <span class='ocr_line' id='line_1_57' title="bbox 287 1350 1236 1402; baseline -0.001 -14"><span class='ocrx_word' id='word_1_215' title='bbox 287 1364 396 1402; x_wconf 80' lang='lat' dir='ltr'>poena</span> <span class='ocrx_word' id='word_1_216' title='bbox 410 1351 548 1388; x_wconf 84' lang='lat' dir='ltr'>infinita</span> <span class='ocrx_word' id='word_1_217' title='bbox 562 1350 712 1386; x_wconf 82' lang='lat' dir='ltr'>debetur</span> <span class='ocrx_word' id='word_1_218' title='bbox 726 1362 791 1396; x_wconf 89' lang='lat' dir='ltr'>pro</span> <span class='ocrx_word' id='word_1_219' title='bbox 816 1360 965 1396; x_wconf 86' lang='lat' dir='ltr'>peccato</span> <span class='ocrx_word' id='word_1_220' title='bbox 980 1376 992 1391; x_wconf 89' lang='lat'>,</span> <span class='ocrx_word' id='word_1_221' title='bbox 1021 1350 1121 1395; x_wconf 84' lang='lat' dir='ltr'>quod</span> <span class='ocrx_word' id='word_1_222' title='bbox 1149 1362 1236 1387; x_wconf 91' lang='lat' dir='ltr'>con-</span> 
     </span>
     <span class='ocr_line' id='line_1_58' title="bbox 286 1399 937 1448; baseline -0.011 -7"><span class='ocrx_word' id='word_1_223' title='bbox 286 1413 344 1441; x_wconf 75' lang='lat' dir='ltr'>tra</span> <span class='ocrx_word' id='word_1_224' title='bbox 359 1403 427 1440; x_wconf 79' lang='lat' dir='ltr'>Dei</span> <span class='ocrx_word' id='word_1_225' title='bbox 442 1399 658 1448; x_wconf 83' lang='lat' dir='ltr'>majestatem</span> <span class='ocrx_word' id='word_1_226' title='bbox 671 1401 913 1436; x_wconf 86' lang='lat' dir='ltr'>committitur</span> <span class='ocrx_word' id='word_1_227' title='bbox 928 1423 937 1434; x_wconf 88' lang='lat'><strong>.</strong></span> 
     </span>
    </p>

    <p class='ocr_par' dir='ltr' id='par_1_17' title="bbox 292 1448 1236 1601">
     <span class='ocr_line' id='line_1_59' title="bbox 394 1448 1235 1498; baseline -0.004 -9"><span class='ocrx_word' id='word_1_228' title='bbox 394 1454 570 1489; x_wconf 80' lang='lat' dir='ltr'>Praeterea</span> <span class='ocrx_word' id='word_1_229' title='bbox 583 1476 596 1496; x_wconf 91' lang='lat'>‚</span> <span class='ocrx_word' id='word_1_230' title='bbox 610 1451 812 1498; x_wconf 82' lang='lat' dir='ltr'>Dupliciter</span> <span class='ocrx_word' id='word_1_231' title='bbox 829 1449 876 1485; x_wconf 86' lang='lat' dir='ltr'>est</span> <span class='ocrx_word' id='word_1_232' title='bbox 891 1448 1025 1496; x_wconf 86' lang='lat' dir='ltr'>aliquid</span> <span class='ocrx_word' id='word_1_233' title='bbox 1040 1449 1235 1486; x_wconf 80' lang='lat' dir='ltr'>infinitum.</span> 
     </span>
     <span class='ocr_line' id='line_1_60' title="bbox 295 1499 1236 1547; baseline -0.003 -8"><span class='ocrx_word' id='word_1_234' title='bbox 295 1501 486 1539; x_wconf 84' lang='lat' dir='ltr'>duratione</span> <span class='ocrx_word' id='word_1_235' title='bbox 504 1500 656 1544; x_wconf 89' lang='lat' dir='ltr'>scilicet,</span> <span class='ocrx_word' id='word_1_236' title='bbox 676 1502 707 1536; x_wconf 97' lang='grc'>8(</span> <span class='ocrx_word' id='word_1_237' title='bbox 723 1501 924 1547; x_wconf 84' lang='lat' dir='ltr'>quantitate</span> <span class='ocrx_word' id='word_1_238' title='bbox 941 1524 951 1533; x_wconf 88' lang='lat'>.</span> <span class='ocrx_word' id='word_1_239' title='bbox 963 1499 1031 1536; x_wconf 89' lang='lat' dir='ltr'>Sed</span> <span class='ocrx_word' id='word_1_240' title='bbox 1047 1500 1236 1537; x_wconf 84' lang='lat' dir='ltr'>duratione</span> 
     </span>
     <span class='ocr_line' id='line_1_61' title="bbox 292 1549 1046 1601; baseline -0.005 -11"><span class='ocrx_word' id='word_1_241' title='bbox 292 1552 343 1590; x_wconf 84' lang='lat' dir='ltr'>est</span> <span class='ocrx_word' id='word_1_242' title='bbox 360 1564 462 1601; x_wconf 84' lang='lat' dir='ltr'>poena</span> <span class='ocrx_word' id='word_1_243' title='bbox 479 1551 617 1588; x_wconf 85' lang='lat' dir='ltr'>infinita</span> <span class='ocrx_word' id='word_1_244' title='bbox 635 1579 645 1593; x_wconf 92' lang='lat'>,</span> <span class='ocrx_word' id='word_1_245' title='bbox 669 1562 755 1598; x_wconf 84' lang='lat' dir='ltr'>ergo</span> <span class='ocrx_word' id='word_1_246' title='bbox 768 1552 799 1586; x_wconf 79' lang='grc'>8(</span> <span class='ocrx_word' id='word_1_247' title='bbox 818 1549 1018 1598; x_wconf 84' lang='lat' dir='ltr'>quantitate</span> <span class='ocrx_word' id='word_1_248' title='bbox 1037 1576 1046 1586; x_wconf 92' lang='lat'><em>.</em></span> 
     </span>
    </p>

    <p class='ocr_par' dir='ltr' id='par_1_18' title="bbox 287 1600 1235 1797">
     <span class='ocr_line' id='line_1_62' title="bbox 394 1600 1234 1648; baseline -0.002 -9"><span class='ocrx_word' id='word_1_249' title='bbox 394 1603 534 1639; x_wconf 84' lang='lat' dir='ltr'>Contra</span> <span class='ocrx_word' id='word_1_250' title='bbox 549 1629 561 1646; x_wconf 89' lang='lat'><strong><em>,</em></strong></span> <span class='ocrx_word' id='word_1_251' title='bbox 585 1602 623 1638; x_wconf 92' lang='lat' dir='ltr'>In</span> <span class='ocrx_word' id='word_1_252' title='bbox 641 1600 831 1648; x_wconf 78' lang='lat' dir='ltr'>hypothesi</span> <span class='ocrx_word' id='word_1_253' title='bbox 849 1626 858 1641; x_wconf 93' lang='lat'>,</span> <span class='ocrx_word' id='word_1_254' title='bbox 883 1601 1025 1648; x_wconf 77' lang='lat' dir='ltr'>quaebis</span> <span class='ocrx_word' id='word_1_255' title='bbox 1049 1601 1234 1638; x_wconf 85' lang='lat' dir='ltr'>concludi·</span> 
     </span>
     <span class='ocr_line' id='line_1_63' title="bbox 289 1652 1235 1699; baseline -0.003 -10"><span class='ocrx_word' id='word_1_256' title='bbox 289 1662 351 1689; x_wconf 73' lang='lat' dir='ltr'>tur</span> <span class='ocrx_word' id='word_1_257' title='bbox 378 1653 579 1688; x_wconf 88' lang='lat' dir='ltr'>rationibus</span> <span class='ocrx_word' id='word_1_258' title='bbox 596 1679 606 1694; x_wconf 91' lang='lat'>‚</span> <span class='ocrx_word' id='word_1_259' title='bbox 632 1662 864 1699; x_wconf 87' lang='lat' dir='ltr'>peccatorum</span> <span class='ocrx_word' id='word_1_260' title='bbox 906 1652 1067 1689; x_wconf 88' lang='lat' dir='ltr'>omnium</span> <span class='ocrx_word' id='word_1_261' title='bbox 1101 1663 1235 1688; x_wconf 84' lang='lat' dir='ltr'>morta-</span> 
     </span>
     <span class='ocr_line' id='line_1_64' title="bbox 287 1700 1234 1749; baseline -0.001 -11"><span class='ocrx_word' id='word_1_262' title='bbox 287 1702 374 1738; x_wconf 83' lang='lat' dir='ltr'>lium</span> <span class='ocrx_word' id='word_1_263' title='bbox 388 1714 496 1749; x_wconf 79' lang='lat' dir='ltr'>poenae</span> <span class='ocrx_word' id='word_1_264' title='bbox 515 1700 621 1739; x_wconf 80' lang='lat' dir='ltr'>effent</span> <span class='ocrx_word' id='word_1_265' title='bbox 635 1702 811 1747; x_wconf 78' lang='lat' dir='ltr'>aequales3</span> <span class='ocrx_word' id='word_1_266' title='bbox 840 1714 910 1737; x_wconf 90' lang='lat' dir='ltr'>non</span> <span class='ocrx_word' id='word_1_267' title='bbox 923 1703 1015 1738; x_wconf 84' lang='lat' dir='ltr'>enim</span> <span class='ocrx_word' id='word_1_268' title='bbox 1036 1702 1085 1739; x_wconf 89' lang='lat' dir='ltr'>est</span> <span class='ocrx_word' id='word_1_269' title='bbox 1111 1701 1234 1738; x_wconf 89' lang='lat' dir='ltr'>infini-</span> 
     </span>
     <span class='ocr_line' id='line_1_65' title="bbox 288 1751 716 1797; baseline -0.005 -9"><span class='ocrx_word' id='word_1_270' title='bbox 288 1760 366 1788; x_wconf 83' lang='lat' dir='ltr'>tum</span> <span class='ocrx_word' id='word_1_271' title='bbox 381 1778 392 1794; x_wconf 92' lang='lat'><strong>,</strong></span> <span class='ocrx_word' id='word_1_272' title='bbox 419 1752 560 1787; x_wconf 83' lang='lat' dir='ltr'>infinito</span> <span class='ocrx_word' id='word_1_273' title='bbox 574 1751 691 1797; x_wconf 80' lang='lat' dir='ltr'>majus</span> <span class='ocrx_word' id='word_1_274' title='bbox 707 1778 716 1787; x_wconf 91' lang='lat'>.</span> 
     </span>
    </p>

    <p class='ocr_par' dir='ltr' id='par_1_19' title="bbox 282 1801 1233 2391">
     <span class='ocr_line' id='line_1_66' title="bbox 391 1801 1232 1851; baseline -0.002 -12"><span class='ocrx_word' id='word_1_275' title='bbox 391 1802 607 1851; x_wconf 86' lang='lat' dir='ltr'>Respondeo</span> <span class='ocrx_word' id='word_1_276' title='bbox 623 1830 634 1846; x_wconf 95' lang='lat'>‚</span> <span class='ocrx_word' id='word_1_277' title='bbox 664 1801 719 1839; x_wconf 79' lang='lat' dir='ltr'>Est</span> <span class='ocrx_word' id='word_1_278' title='bbox 736 1801 792 1838; x_wconf 85' lang='lat' dir='ltr'>hic</span> <span class='ocrx_word' id='word_1_279' title='bbox 807 1802 977 1838; x_wconf 86' lang='lat' dir='ltr'>sententia</span> <span class='ocrx_word' id='word_1_280' title='bbox 995 1803 1076 1839; x_wconf 81' lang='lat' dir='ltr'>talis</span> <span class='ocrx_word' id='word_1_281' title='bbox 1092 1829 1101 1838; x_wconf 94' lang='lat'><strong>.</strong></span> <span class='ocrx_word' id='word_1_282' title='bbox 1125 1804 1232 1839; x_wconf 81' lang='lat' dir='ltr'>Poena</span> 
     </span>
     <span class='ocr_line' id='line_1_67' title="bbox 288 1853 1233 1901; baseline -0.001 -12"><span class='ocrx_word' id='word_1_283' title='bbox 288 1854 746 1901; x_wconf 81' lang='lat' dir='ltr'>peccatoproportionatut</span> <span class='ocrx_word' id='word_1_284' title='bbox 766 1884 770 1887; x_wconf 86' lang='grc'><em>,</em></span> <span class='ocrx_word' id='word_1_285' title='bbox 803 1853 840 1888; x_wconf 90' lang='lat' dir='ltr'>ln</span> <span class='ocrx_word' id='word_1_286' title='bbox 855 1863 1002 1900; x_wconf 84' lang='lat' dir='ltr'>peccato</span> <span class='ocrx_word' id='word_1_287' title='bbox 1013 1864 1132 1890; x_wconf 90' lang='lat' dir='ltr'>autem</span> <span class='ocrx_word' id='word_1_288' title='bbox 1159 1853 1233 1889; x_wconf 89' lang='lat' dir='ltr'>duo</span> 
     </span>
     <span class='ocr_line' id='line_1_68' title="bbox 284 1900 1231 1951; baseline -0.002 -10"><span class='ocrx_word' id='word_1_289' title='bbox 284 1903 366 1941; x_wconf 83' lang='lat' dir='ltr'>sunt</span> <span class='ocrx_word' id='word_1_290' title='bbox 385 1916 396 1937; x_wconf 69' lang='grc' dir='ltr'><strong>ι</strong></span> <span class='ocrx_word' id='word_1_291' title='bbox 424 1915 551 1951; x_wconf 86' lang='lat' dir='ltr'>nempe</span> <span class='ocrx_word' id='word_1_292' title='bbox 575 1903 708 1939; x_wconf 79' lang='lat' dir='ltr'>aversio</span> <span class='ocrx_word' id='word_1_293' title='bbox 730 1904 775 1938; x_wconf 79' lang='lat' dir='ltr'>ab</span> <span class='ocrx_word' id='word_1_294' title='bbox 799 1900 1086 1939; x_wconf 82' lang='lat' dir='ltr'>incommutabili</span> <span class='ocrx_word' id='word_1_295' title='bbox 1113 1906 1231 1947; x_wconf 92' lang='lat' dir='ltr'>bono,</span> 
     </span>
     <span class='ocr_line' id='line_1_69' title="bbox 284 1952 1232 2002; baseline 0.002 -14"><span class='ocrx_word' id='word_1_296' title='bbox 284 1952 386 2000; x_wconf 87' lang='lat' dir='ltr'>quod</span> <span class='ocrx_word' id='word_1_297' title='bbox 402 1952 451 1989; x_wconf 84' lang='lat' dir='ltr'>est</span> <span class='ocrx_word' id='word_1_298' title='bbox 478 1954 659 1990; x_wconf 81' lang='lat' dir='ltr'>infinitum</span> <span class='ocrx_word' id='word_1_299' title='bbox 682 1970 696 1995; x_wconf 85' lang='lat'>‚-</span> <span class='ocrx_word' id='word_1_300' title='bbox 721 1953 815 1991; x_wconf 90' lang='lat' dir='ltr'>unde</span> <span class='ocrx_word' id='word_1_301' title='bbox 833 1966 876 1989; x_wconf 87' lang='lat' dir='ltr'>ex</span> <span class='ocrx_word' id='word_1_302' title='bbox 893 1954 968 1990; x_wconf 76' lang='lat' dir='ltr'>hac</span> <span class='ocrx_word' id='word_1_303' title='bbox 983 1965 1082 2001; x_wconf 88' lang='lat' dir='ltr'>parte</span> <span class='ocrx_word' id='word_1_304' title='bbox 1109 1966 1232 2002; x_wconf 90' lang='lat' dir='ltr'>pecca·</span> 
     </span>
     <span class='ocr_line' id='line_1_70' title="bbox 284 2002 1233 2042; baseline 0.001 -2"><span class='ocrx_word' id='word_1_305' title='bbox 284 2014 364 2040; x_wconf 80' lang='lat' dir='ltr'>tum</span> <span class='ocrx_word' id='word_1_306' title='bbox 376 2002 424 2040; x_wconf 87' lang='lat' dir='ltr'>est</span> <span class='ocrx_word' id='word_1_307' title='bbox 438 2003 614 2040; x_wconf 84' lang='lat' dir='ltr'>infinitum</span> <span class='ocrx_word' id='word_1_308' title='bbox 629 2030 640 2038; x_wconf 88' lang='lat'><em>-</em></span> <span class='ocrx_word' id='word_1_309' title='bbox 652 2005 763 2042; x_wconf 86' lang='lat' dir='ltr'>Aliud</span> <span class='ocrx_word' id='word_1_310' title='bbox 777 2006 864 2039; x_wconf 81' lang='lat' dir='ltr'>vero</span> <span class='ocrx_word' id='word_1_311' title='bbox 877 2004 926 2039; x_wconf 87' lang='lat' dir='ltr'>est</span> <span class='ocrx_word' id='word_1_312' title='bbox 938 2005 1122 2040; x_wconf 75' lang='lat' dir='ltr'>conversio</span> <span class='ocrx_word' id='word_1_313' title='bbox 1135 2006 1233 2041; x_wconf 85' lang='lat' dir='ltr'>inor-</span> 
     </span>
     <span class='ocr_line' id='line_1_71' title="bbox 287 2054 1231 2103; baseline 0.002 -13"><span class='ocrx_word' id='word_1_314' title='bbox 287 2054 409 2090; x_wconf 85' lang='lat' dir='ltr'>dinata</span> <span class='ocrx_word' id='word_1_315' title='bbox 425 2054 470 2089; x_wconf 92' lang='lat' dir='ltr'>ad</span> <span class='ocrx_word' id='word_1_316' title='bbox 488 2056 620 2090; x_wconf 89' lang='lat' dir='ltr'>bonum</span> <span class='ocrx_word' id='word_1_317' title='bbox 636 2055 896 2090; x_wconf 77' lang='lat' dir='ltr'>commutabile</span> <span class='ocrx_word' id='word_1_318' title='bbox 912 2081 919 2092; x_wconf 80' lang='grc'><em>,</em></span> <span class='ocrx_word' id='word_1_319' title='bbox 947 2067 1017 2100; x_wconf 85' lang='lat' dir='ltr'>qua</span> <span class='ocrx_word' id='word_1_320' title='bbox 1033 2065 1076 2090; x_wconf 76' lang='lat' dir='ltr'>ex</span> <span class='ocrx_word' id='word_1_321' title='bbox 1100 2066 1231 2103; x_wconf 70' lang='lat' dir='ltr'>parte-.-</span> 
     </span>
     <span class='ocr_line' id='line_1_72' title="bbox 282 2102 1230 2153; baseline 0.003 -15"><span class='ocrx_word' id='word_1_322' title='bbox 282 2114 471 2153; x_wconf 84' lang='lat' dir='ltr'>peccatum</span> <span class='ocrx_word' id='word_1_323' title='bbox 501 2103 551 2141; x_wconf 87' lang='lat' dir='ltr'>est</span> <span class='ocrx_word' id='word_1_324' title='bbox 581 2104 724 2141; x_wconf 86' lang='lat' dir='ltr'>finitum</span> <span class='ocrx_word' id='word_1_325' title='bbox 741 2132 752 2147; x_wconf 96' lang='lat'>,</span> <span class='ocrx_word' id='word_1_326' title='bbox 779 2117 842 2153; x_wconf 91' lang='lat' dir='ltr'>pro</span> <span class='ocrx_word' id='word_1_327' title='bbox 858 2106 996 2141; x_wconf 88' lang='lat' dir='ltr'>ratione</span> <span class='ocrx_word' id='word_1_328' title='bbox 1013 2102 1146 2150; x_wconf 75' lang='lat' dir='ltr'>objeeti</span> <span class='ocrx_word' id='word_1_329' title='bbox 1163 2107 1230 2141; x_wconf 92' lang='lat' dir='ltr'>cir-</span> 
     </span>
     <span class='ocr_line' id='line_1_73' title="bbox 283 2154 1229 2203; baseline 0.002 -13"><span class='ocrx_word' id='word_1_330' title='bbox 283 2165 324 2190; x_wconf 86' lang='lat' dir='ltr'>ca</span> <span class='ocrx_word' id='word_1_331' title='bbox 339 2155 438 2202; x_wconf 93' lang='lat' dir='ltr'>quod</span> <span class='ocrx_word' id='word_1_332' title='bbox 454 2154 639 2191; x_wconf 81' lang='lat' dir='ltr'>vei-satur.</span> <span class='ocrx_word' id='word_1_333' title='bbox 670 2157 721 2192; x_wconf 83' lang='lat' dir='ltr'>Ex</span> <span class='ocrx_word' id='word_1_334' title='bbox 750 2167 849 2203; x_wconf 84' lang='lat' dir='ltr'>parte</span> <span class='ocrx_word' id='word_1_335' title='bbox 873 2157 982 2201; x_wconf 86' lang='lat' dir='ltr'>igitur</span> <span class='ocrx_word' id='word_1_336' title='bbox 1008 2157 1201 2192; x_wconf 76' lang='lat' dir='ltr'>aversionis</span> <span class='ocrx_word' id='word_1_337' title='bbox 1219 2183 1229 2198; x_wconf 92' lang='lat'>,</span> 
     </span>
     <span class='ocr_line' id='line_1_74' title="bbox 283 2203 1227 2252; baseline 0.001 -11"><span class='ocrx_word' id='word_1_338' title='bbox 283 2203 538 2252; x_wconf 84' lang='lat' dir='ltr'>correspondet</span> <span class='ocrx_word' id='word_1_339' title='bbox 567 2217 717 2252; x_wconf 90' lang='lat' dir='ltr'>peccato</span> <span class='ocrx_word' id='word_1_340' title='bbox 744 2219 847 2251; x_wconf 85' lang='lat' dir='ltr'>poena</span> <span class='ocrx_word' id='word_1_341' title='bbox 869 2206 989 2241; x_wconf 84' lang='lat' dir='ltr'>damni</span> <span class='ocrx_word' id='word_1_342' title='bbox 1014 2232 1025 2248; x_wconf 93' lang='lat'>,</span> <span class='ocrx_word' id='word_1_343' title='bbox 1063 2218 1145 2252; x_wconf 82' lang='lat' dir='ltr'>quae</span> <span class='ocrx_word' id='word_1_344' title='bbox 1177 2206 1227 2243; x_wconf 86' lang='lat' dir='ltr'>est</span> 
     </span>
     <span class='ocr_line' id='line_1_75' title="bbox 283 2254 1228 2297; baseline 0 -6"><span class='ocrx_word' id='word_1_345' title='bbox 283 2255 418 2291; x_wconf 78' lang='lat' dir='ltr'>nmiffio</span> <span class='ocrx_word' id='word_1_346' title='bbox 431 2255 563 2291; x_wconf 85' lang='lat' dir='ltr'>infiniti</span> <span class='ocrx_word' id='word_1_347' title='bbox 582 2256 685 2297; x_wconf 90' lang='lat' dir='ltr'>boni,</span> <span class='ocrx_word' id='word_1_348' title='bbox 709 2254 906 2291; x_wconf 87' lang='lat' dir='ltr'>secundum</span> <span class='ocrx_word' id='word_1_349' title='bbox 925 2267 1011 2291; x_wconf 89' lang='lat' dir='ltr'>vero</span> <span class='ocrx_word' id='word_1_350' title='bbox 1027 2257 1228 2292; x_wconf 79' lang='lat' dir='ltr'>conversio-</span> 
     </span>
     <span class='ocr_line' id='line_1_76' title="bbox 283 2305 1228 2355; baseline 0.001 -14"><span class='ocrx_word' id='word_1_351' title='bbox 283 2317 364 2341; x_wconf 85' lang='lat' dir='ltr'>nem</span> <span class='ocrx_word' id='word_1_352' title='bbox 382 2331 392 2348; x_wconf 90' lang='lat'>,</span> <span class='ocrx_word' id='word_1_353' title='bbox 405 2305 590 2355; x_wconf 88' lang='lat' dir='ltr'>respondet</span> <span class='ocrx_word' id='word_1_354' title='bbox 605 2307 636 2342; x_wconf 86' lang='lat' dir='ltr'>ei</span> <span class='ocrx_word' id='word_1_355' title='bbox 653 2318 754 2355; x_wconf 86' lang='lat' dir='ltr'>poena</span> <span class='ocrx_word' id='word_1_356' title='bbox 776 2305 895 2343; x_wconf 86' lang='lat' dir='ltr'>sensus</span> <span class='ocrx_word' id='word_1_357' title='bbox 909 2331 921 2348; x_wconf 90' lang='lat'><strong><em>,</em></strong></span> <span class='ocrx_word' id='word_1_358' title='bbox 943 2318 1024 2352; x_wconf 80' lang='lat' dir='ltr'>quae</span> <span class='ocrx_word' id='word_1_359' title='bbox 1039 2308 1148 2343; x_wconf 87' lang='lat' dir='ltr'>etiam</span> <span class='ocrx_word' id='word_1_360' title='bbox 1177 2306 1228 2342; x_wconf 77' lang='lat' dir='ltr'>est</span> 
     </span>
     <span class='ocr_line' id='line_1_77' title="bbox 286 2354 412 2391; baseline 0 0"><span class='ocrx_word' id='word_1_361' title='bbox 286 2354 386 2391; x_wconf 78' lang='lat' dir='ltr'>finita</span> <span class='ocrx_word' id='word_1_362' title='bbox 401 2380 412 2391; x_wconf 89' lang='lat'><strong>.</strong></span> 
     </span>
    </p>

    <p class='ocr_par' dir='ltr' id='par_1_20' title="bbox 286 2405 1231 3717">
     <span class='ocr_line' id='line_1_78' title="bbox 387 2405 1226 2454; baseline 0 -14"><span class='ocrx_word' id='word_1_363' title='bbox 387 2408 468 2444; x_wconf 84' lang='lat' dir='ltr'>Nos</span> <span class='ocrx_word' id='word_1_364' title='bbox 479 2405 634 2443; x_wconf 89' lang='lat' dir='ltr'>dicimus</span> <span class='ocrx_word' id='word_1_365' title='bbox 653 2433 664 2449; x_wconf 95' lang='lat'>,</span> <span class='ocrx_word' id='word_1_366' title='bbox 676 2419 718 2443; x_wconf 86' lang='lat' dir='ltr'>ex</span> <span class='ocrx_word' id='word_1_367' title='bbox 730 2419 774 2443; x_wconf 91' lang='lat' dir='ltr'>eo</span> <span class='ocrx_word' id='word_1_368' title='bbox 790 2406 889 2454; x_wconf 90' lang='lat' dir='ltr'>quod</span> <span class='ocrx_word' id='word_1_369' title='bbox 905 2416 1050 2454; x_wconf 88' lang='lat' dir='ltr'>peccata</span> <span class='ocrx_word' id='word_1_370' title='bbox 1064 2408 1226 2454; x_wconf 87' lang='lat' dir='ltr'>inaequa-</span> 
     </span>
     <span class='ocr_line' id='line_1_79' title="bbox 288 2455 1228 2505; baseline 0.001 -14"><span class='ocrx_word' id='word_1_371' title='bbox 288 2456 333 2491; x_wconf 90' lang='lat' dir='ltr'>lia</span> <span class='ocrx_word' id='word_1_372' title='bbox 350 2455 413 2492; x_wconf 78' lang='lat' dir='ltr'>fint</span> <span class='ocrx_word' id='word_1_373' title='bbox 427 2457 460 2492; x_wconf 89' lang='lat' dir='ltr'>in</span> <span class='ocrx_word' id='word_1_374' title='bbox 473 2460 649 2504; x_wconf 81' lang='lat' dir='ltr'>pravitate</span> <span class='ocrx_word' id='word_1_375' title='bbox 667 2459 700 2494; x_wconf 86' lang='grc'>8(</span> <span class='ocrx_word' id='word_1_376' title='bbox 717 2459 891 2505; x_wconf 81' lang='lat' dir='ltr'>gravitate</span> <span class='ocrx_word' id='word_1_377' title='bbox 908 2483 919 2499; x_wconf 94' lang='lat'><em>‚</em></span> <span class='ocrx_word' id='word_1_378' title='bbox 939 2457 1045 2503; x_wconf 83' lang='lat' dir='ltr'>juxta</span> <span class='ocrx_word' id='word_1_379' title='bbox 1064 2458 1155 2493; x_wconf 71' lang='lat' dir='ltr'>dieta</span> <span class='ocrx_word' id='word_1_380' title='bbox 1171 2456 1228 2492; x_wconf 87' lang='lat' dir='ltr'>sti—</span> 
     </span>
     <span class='ocr_line' id='line_1_80' title="bbox 287 2506 1225 2555; baseline 0.002 -13"><span class='ocrx_word' id='word_1_381' title='bbox 287 2516 609 2555; x_wconf 81' lang='lat' dir='ltr'>pra,q.73.art.2.</span> <span class='ocrx_word' id='word_1_382' title='bbox 639 2508 684 2550; x_wconf 58' lang='grc' dir='ltr'>(θ’</span> <span class='ocrx_word' id='word_1_383' title='bbox 714 2520 747 2554; x_wconf 86' lang='lat'>3.</span> <span class='ocrx_word' id='word_1_384' title='bbox 775 2507 851 2544; x_wconf 90' lang='lat' dir='ltr'>fieri</span> <span class='ocrx_word' id='word_1_385' title='bbox 877 2520 946 2543; x_wconf 88' lang='lat' dir='ltr'>non</span> <span class='ocrx_word' id='word_1_386' title='bbox 972 2506 1088 2555; x_wconf 76' lang='lat' dir='ltr'>posse,</span> <span class='ocrx_word' id='word_1_387' title='bbox 1106 2520 1144 2544; x_wconf 91' lang='lat' dir='ltr'>ut</span> <span class='ocrx_word' id='word_1_388' title='bbox 1170 2509 1225 2544; x_wconf 84' lang='lat' dir='ltr'>vel</span> 
     </span>
     <span class='ocr_line' id='line_1_81' title="bbox 287 2558 1227 2606; baseline 0.002 -14"><span class='ocrx_word' id='word_1_389' title='bbox 287 2569 398 2592; x_wconf 90' lang='lat' dir='ltr'>unum</span> <span class='ocrx_word' id='word_1_390' title='bbox 411 2569 455 2592; x_wconf 88' lang='lat' dir='ltr'>ex</span> <span class='ocrx_word' id='word_1_391' title='bbox 471 2558 520 2593; x_wconf 84' lang='lat' dir='ltr'>eis</span> <span class='ocrx_word' id='word_1_392' title='bbox 538 2561 574 2594; x_wconf 87' lang='lat' dir='ltr'>sit</span> <span class='ocrx_word' id='word_1_393' title='bbox 590 2558 768 2595; x_wconf 87' lang='lat' dir='ltr'>infinitum</span> <span class='ocrx_word' id='word_1_394' title='bbox 789 2585 798 2600; x_wconf 89' lang='lat'>‚</span> <span class='ocrx_word' id='word_1_395' title='bbox 817 2560 921 2594; x_wconf 90' lang='lat' dir='ltr'>etiam</span> <span class='ocrx_word' id='word_1_396' title='bbox 933 2571 978 2594; x_wconf 81' lang='lat' dir='ltr'>ex</span> <span class='ocrx_word' id='word_1_397' title='bbox 1006 2569 1104 2606; x_wconf 84' lang='lat' dir='ltr'>parte</span> <span class='ocrx_word' id='word_1_398' title='bbox 1127 2571 1227 2594; x_wconf 82' lang='lat' dir='ltr'>aver-</span> 
     </span>
     <span class='ocr_line' id='line_1_82' title="bbox 287 2607 1229 2656; baseline 0.002 -14"><span class='ocrx_word' id='word_1_399' title='bbox 287 2608 392 2642; x_wconf 89' lang='lat' dir='ltr'>sionis</span> <span class='ocrx_word' id='word_1_400' title='bbox 405 2620 423 2641; x_wconf 86' lang='lat' dir='ltr'>a</span> <span class='ocrx_word' id='word_1_401' title='bbox 444 2610 521 2644; x_wconf 87' lang='lat' dir='ltr'>Deo</span> <span class='ocrx_word' id='word_1_402' title='bbox 539 2636 548 2650; x_wconf 89' lang='lat'><em>,</em></span> <span class='ocrx_word' id='word_1_403' title='bbox 565 2609 598 2644; x_wconf 85' lang='grc'>8(</span> <span class='ocrx_word' id='word_1_404' title='bbox 616 2621 687 2655; x_wconf 85' lang='lat' dir='ltr'>qua</span> <span class='ocrx_word' id='word_1_405' title='bbox 705 2609 752 2643; x_wconf 82' lang='lat' dir='ltr'>eli:</span> <span class='ocrx_word' id='word_1_406' title='bbox 768 2607 899 2645; x_wconf 86' lang='lat' dir='ltr'>offensa</span> <span class='ocrx_word' id='word_1_407' title='bbox 915 2608 1022 2656; x_wconf 73' lang='lat' dir='ltr'>ipsius</span> <span class='ocrx_word' id='word_1_408' title='bbox 1042 2635 1051 2651; x_wconf 85' lang='lat'>,</span> <span class='ocrx_word' id='word_1_409' title='bbox 1078 2609 1140 2644; x_wconf 85' lang='lat' dir='ltr'>nisi</span> <span class='ocrx_word' id='word_1_410' title='bbox 1159 2609 1229 2644; x_wconf 84' lang='lat' dir='ltr'>for·</span> 
     </span>
     <span class='ocr_line' id='line_1_83' title="bbox 288 2658 1223 2705; baseline 0.004 -13"><span class='ocrx_word' id='word_1_411' title='bbox 288 2658 371 2694; x_wconf 87' lang='lat' dir='ltr'>fitan</span> <span class='ocrx_word' id='word_1_412' title='bbox 398 2669 504 2705; x_wconf 89' lang='lat' dir='ltr'>penes</span> <span class='ocrx_word' id='word_1_413' title='bbox 529 2658 765 2694; x_wconf 85' lang='lat' dir='ltr'>extrinsecam</span> <span class='ocrx_word' id='word_1_414' title='bbox 801 2660 1125 2695; x_wconf 76' lang='lat' dir='ltr'>denominationem</span> <span class='ocrx_word' id='word_1_415' title='bbox 1154 2686 1164 2701; x_wconf 93' lang='lat'>‚</span> <span class='ocrx_word' id='word_1_416' title='bbox 1189 2661 1223 2696; x_wconf 97' lang='grc'>8(</span> 
     </span>
     <span class='ocr_line' id='line_1_84' title="bbox 288 2706 1228 2756; baseline 0.003 -12"><span class='ocrx_word' id='word_1_417' title='bbox 288 2706 484 2744; x_wconf 79' lang='lat' dir='ltr'>secundum</span> <span class='ocrx_word' id='word_1_418' title='bbox 498 2709 572 2744; x_wconf 69' lang='lat' dir='ltr'>dici</span> <span class='ocrx_word' id='word_1_419' title='bbox 587 2739 596 2746; x_wconf 89' lang='lat'><em>.</em></span> <span class='ocrx_word' id='word_1_420' title='bbox 620 2709 825 2744; x_wconf 86' lang='lat' dir='ltr'>Declaratio</span> <span class='ocrx_word' id='word_1_421' title='bbox 843 2735 851 2744; x_wconf 93' lang='lat'><strong><em>.</em></strong></span> <span class='ocrx_word' id='word_1_422' title='bbox 880 2710 1017 2745; x_wconf 83' lang='lat' dir='ltr'>Etenim</span> <span class='ocrx_word' id='word_1_423' title='bbox 1033 2720 1204 2756; x_wconf 54' lang='lat' dir='ltr'>peccata)</span> <span class='ocrx_word' id='word_1_424' title='bbox 1217 2738 1228 2752; x_wconf 90' lang='lat'>,</span> 
     </span>
     <span class='ocr_line' id='line_1_85' title="bbox 288 2759 1231 2807; baseline 0.002 -13"><span class='ocrx_word' id='word_1_425' title='bbox 288 2768 468 2805; x_wconf 86' lang='lat' dir='ltr'>quatenus</span> <span class='ocrx_word' id='word_1_426' title='bbox 485 2759 728 2796; x_wconf 75' lang='lat' dir='ltr'>Deoinferunt</span> <span class='ocrx_word' id='word_1_427' title='bbox 746 2759 912 2806; x_wconf 87' lang='lat' dir='ltr'>injuriam</span> <span class='ocrx_word' id='word_1_428' title='bbox 927 2785 938 2800; x_wconf 93' lang='lat'><em>,</em></span> <span class='ocrx_word' id='word_1_429' title='bbox 962 2761 1090 2795; x_wconf 83' lang='lat' dir='ltr'>exinde</span> <span class='ocrx_word' id='word_1_430' title='bbox 1115 2762 1231 2807; x_wconf 82' lang='lat' dir='ltr'>majo—</span> 
     </span>
     <span class='ocr_line' id='line_1_86' title="bbox 288 2810 1227 2860; baseline 0.004 -16"><span class='ocrx_word' id='word_1_431' title='bbox 288 2821 360 2845; x_wconf 89' lang='lat' dir='ltr'>rem</span> <span class='ocrx_word' id='word_1_432' title='bbox 376 2810 409 2845; x_wconf 90' lang='grc'>8(</span> <span class='ocrx_word' id='word_1_433' title='bbox 422 2812 598 2845; x_wconf 87' lang='lat' dir='ltr'>minorem</span> <span class='ocrx_word' id='word_1_434' title='bbox 629 2821 843 2846; x_wconf 87' lang='lat' dir='ltr'>mutuantur</span> <span class='ocrx_word' id='word_1_435' title='bbox 863 2812 1076 2855; x_wconf 82' lang='lat' dir='ltr'>gravitatem</span> <span class='ocrx_word' id='word_1_436' title='bbox 1093 2837 1105 2853; x_wconf 89' lang='lat'><em>,</em></span> <span class='ocrx_word' id='word_1_437' title='bbox 1127 2813 1227 2860; x_wconf 89' lang='lat' dir='ltr'>quod</span> 
     </span>
     <span class='ocr_line' id='line_1_87' title="bbox 291 2861 1228 2910; baseline 0.003 -15"><span class='ocrx_word' id='word_1_438' title='bbox 291 2861 402 2905; x_wconf 85' lang='lat' dir='ltr'>magis</span> <span class='ocrx_word' id='word_1_439' title='bbox 425 2861 458 2895; x_wconf 86' lang='grc'>8(</span> <span class='ocrx_word' id='word_1_440' title='bbox 485 2862 601 2896; x_wconf 76' lang='lat' dir='ltr'>minus</span> <span class='ocrx_word' id='word_1_441' title='bbox 626 2871 792 2896; x_wconf 81' lang='lat' dir='ltr'>avertunt</span> <span class='ocrx_word' id='word_1_442' title='bbox 815 2874 831 2896; x_wconf 87' lang='lat' dir='ltr'>a</span> <span class='ocrx_word' id='word_1_443' title='bbox 857 2861 994 2896; x_wconf 88' lang='lat' dir='ltr'>summo</span> <span class='ocrx_word' id='word_1_444' title='bbox 1018 2861 1136 2904; x_wconf 90' lang='lat' dir='ltr'>bono,</span> <span class='ocrx_word' id='word_1_445' title='bbox 1164 2864 1228 2910; x_wconf 83' lang='lat' dir='ltr'>qui</span> 
     </span>
     <span class='ocr_line' id='line_1_88' title="bbox 289 2909 1225 2957; baseline 0.002 -11"><span class='ocrx_word' id='word_1_446' title='bbox 289 2909 336 2946; x_wconf 88' lang='lat' dir='ltr'>est</span> <span class='ocrx_word' id='word_1_447' title='bbox 355 2910 503 2947; x_wconf 89' lang='lat' dir='ltr'>ultimus</span> <span class='ocrx_word' id='word_1_448' title='bbox 516 2911 594 2947; x_wconf 85' lang='lat' dir='ltr'>finis</span> <span class='ocrx_word' id='word_1_449' title='bbox 612 2939 620 2948; x_wconf 92' lang='lat'><em>.</em></span> <span class='ocrx_word' id='word_1_450' title='bbox 634 2911 838 2948; x_wconf 86' lang='lat' dir='ltr'>Secundum</span> <span class='ocrx_word' id='word_1_451' title='bbox 856 2911 967 2956; x_wconf 86' lang='lat' dir='ltr'>igitur</span> <span class='ocrx_word' id='word_1_452' title='bbox 977 2912 1109 2957; x_wconf 81' lang='lat' dir='ltr'>gradus</span> <span class='ocrx_word' id='word_1_453' title='bbox 1123 2925 1225 2949; x_wconf 80' lang='lat' dir='ltr'>aver·</span> 
     </span>
     <span class='ocr_line' id='line_1_89' title="bbox 292 2961 1225 3010; baseline 0.002 -14"><span class='ocrx_word' id='word_1_454' title='bbox 292 2961 534 2997; x_wconf 81' lang='lat' dir='ltr'>sionisabono</span> <span class='ocrx_word' id='word_1_455' title='bbox 555 2962 842 2997; x_wconf 79' lang='lat' dir='ltr'>incommutabili</span> <span class='ocrx_word' id='word_1_456' title='bbox 868 2988 878 3003; x_wconf 93' lang='lat'>,</span> <span class='ocrx_word' id='word_1_457' title='bbox 904 2963 1083 3009; x_wconf 86' lang='lat' dir='ltr'>accipiunt</span> <span class='ocrx_word' id='word_1_458' title='bbox 1113 2964 1225 3010; x_wconf 79' lang='lat' dir='ltr'>majo-</span> 
     </span>
     <span class='ocr_line' id='line_1_90' title="bbox 293 3012 1224 3059; baseline 0.003 -13"><span class='ocrx_word' id='word_1_459' title='bbox 293 3023 391 3053; x_wconf 90' lang='lat' dir='ltr'>rem,</span> <span class='ocrx_word' id='word_1_460' title='bbox 408 3012 440 3047; x_wconf 79' lang='grc'>3(</span> <span class='ocrx_word' id='word_1_461' title='bbox 462 3013 636 3047; x_wconf 87' lang='lat' dir='ltr'>minorem</span> <span class='ocrx_word' id='word_1_462' title='bbox 652 3013 838 3059; x_wconf 75' lang='lat' dir='ltr'>pravitatis</span> <span class='ocrx_word' id='word_1_463' title='bbox 853 3013 1085 3048; x_wconf 75' lang='lat' dir='ltr'>intensionem</span> <span class='ocrx_word' id='word_1_464' title='bbox 1103 3040 1112 3049; x_wconf 88' lang='lat'><strong>.</strong></span> <span class='ocrx_word' id='word_1_465' title='bbox 1144 3017 1224 3051; x_wconf 80' lang='lat' dir='ltr'>Hoc</span> 
     </span>
     <span class='ocr_line' id='line_1_91' title="bbox 291 3061 1224 3109; baseline 0.004 -13"><span class='ocrx_word' id='word_1_466' title='bbox 291 3061 338 3097; x_wconf 88' lang='lat' dir='ltr'>est</span> <span class='ocrx_word' id='word_1_467' title='bbox 350 3062 477 3106; x_wconf 83' lang='lat' dir='ltr'>dogma</span> <span class='ocrx_word' id='word_1_468' title='bbox 493 3061 570 3097; x_wconf 62' lang='lat' dir='ltr'>fidei</span> <span class='ocrx_word' id='word_1_469' title='bbox 586 3063 782 3099; x_wconf 76' lang='lat' dir='ltr'>Catholicae</span> <span class='ocrx_word' id='word_1_470' title='bbox 797 3088 807 3103; x_wconf 87' lang='lat'><em>,</em></span> <span class='ocrx_word' id='word_1_471' title='bbox 827 3074 951 3097; x_wconf 89' lang='lat' dir='ltr'>contra</span> <span class='ocrx_word' id='word_1_472' title='bbox 970 3063 1067 3109; x_wconf 83' lang='lat' dir='ltr'>quod</span> <span class='ocrx_word' id='word_1_473' title='bbox 1092 3064 1224 3100; x_wconf 74' lang='lat' dir='ltr'>sensisse</span> 
     </span>
     <span class='ocr_line' id='line_1_92' title="bbox 290 3111 1226 3164; baseline 0.003 -19"><span class='ocrx_word' id='word_1_474' title='bbox 290 3111 662 3159; x_wconf 65' lang='lat' dir='ltr'>constatJoxriiiianum</span> <span class='ocrx_word' id='word_1_475' title='bbox 677 3114 894 3149; x_wconf 73' lang='lat' dir='ltr'>l-iaercticum</span> <span class='ocrx_word' id='word_1_476' title='bbox 911 3138 921 3154; x_wconf 89' lang='lat'><em>‚</em></span> <span class='ocrx_word' id='word_1_477' title='bbox 943 3114 1126 3151; x_wconf 80' lang='lat' dir='ltr'>docentem</span> <span class='ocrx_word' id='word_1_478' title='bbox 1143 3129 1226 3164; x_wconf 84' lang='lat' dir='ltr'>pec·</span> 
     </span>
     <span class='ocr_line' id='line_1_93' title="bbox 290 3162 1222 3213; baseline 0.005 -17"><span class='ocrx_word' id='word_1_479' title='bbox 290 3171 367 3197; x_wconf 86' lang='lat' dir='ltr'>cata</span> <span class='ocrx_word' id='word_1_480' title='bbox 378 3163 495 3198; x_wconf 80' lang='lat' dir='ltr'>omnia</span> <span class='ocrx_word' id='word_1_481' title='bbox 511 3162 578 3198; x_wconf 88' lang='lat' dir='ltr'>esse</span> <span class='ocrx_word' id='word_1_482' title='bbox 593 3165 711 3210; x_wconf 49' lang='lat' dir='ltr'>parim</span> <span class='ocrx_word' id='word_1_483' title='bbox 730 3164 772 3198; x_wconf 87' lang='lat' dir='ltr'>de</span> <span class='ocrx_word' id='word_1_484' title='bbox 784 3176 854 3209; x_wconf 90' lang='lat' dir='ltr'>qua</span> <span class='ocrx_word' id='word_1_485' title='bbox 873 3175 907 3198; x_wconf 87' lang='lat' dir='ltr'>te</span> <span class='ocrx_word' id='word_1_486' title='bbox 920 3164 1038 3198; x_wconf 69' lang='lat' dir='ltr'>aetum</span> <span class='ocrx_word' id='word_1_487' title='bbox 1051 3168 1222 3213; x_wconf 84' lang='lat' dir='ltr'>cit.q.73.</span> 
     </span>
     <span class='ocr_line' id='line_1_94' title="bbox 290 3212 1223 3264; baseline 0.004 -16"><span class='ocrx_word' id='word_1_488' title='bbox 290 3212 326 3248; x_wconf 88' lang='lat' dir='ltr'>Si</span> <span class='ocrx_word' id='word_1_489' title='bbox 342 3212 452 3257; x_wconf 89' lang='lat' dir='ltr'>igitur</span> <span class='ocrx_word' id='word_1_490' title='bbox 468 3225 611 3260; x_wconf 81' lang='lat' dir='ltr'>peccata</span> <span class='ocrx_word' id='word_1_491' title='bbox 641 3214 802 3249; x_wconf 72' lang='lat' dir='ltr'>mortalia</span> <span class='ocrx_word' id='word_1_492' title='bbox 830 3213 976 3259; x_wconf 81' lang='lat' dir='ltr'>imparia</span> <span class='ocrx_word' id='word_1_493' title='bbox 1001 3213 1082 3249; x_wconf 88' lang='lat' dir='ltr'>sunt</span> <span class='ocrx_word' id='word_1_494' title='bbox 1105 3243 1114 3257; x_wconf 92' lang='lat'>,</span> <span class='ocrx_word' id='word_1_495' title='bbox 1137 3217 1223 3264; x_wconf 87' lang='lat' dir='ltr'>quia</span> 
     </span>
     <span class='ocr_line' id='line_1_95' title="bbox 291 3263 1224 3313; baseline 0.011 -19"><span class='ocrx_word' id='word_1_496' title='bbox 291 3272 400 3296; x_wconf 88' lang='lat' dir='ltr'>unum</span> <span class='ocrx_word' id='word_1_497' title='bbox 416 3263 528 3297; x_wconf 88' lang='lat' dir='ltr'>altero</span> <span class='ocrx_word' id='word_1_498' title='bbox 541 3266 687 3310; x_wconf 81' lang='lat' dir='ltr'>gravius</span> <span class='ocrx_word' id='word_1_499' title='bbox 700 3290 712 3306; x_wconf 94' lang='lat'>,</span> <span class='ocrx_word' id='word_1_500' title='bbox 725 3263 757 3297; x_wconf 87' lang='grc'>8(</span> <span class='ocrx_word' id='word_1_501' title='bbox 779 3263 937 3299; x_wconf 82' lang='lat' dir='ltr'>deterius</span> <span class='ocrx_word' id='word_1_502' title='bbox 954 3291 965 3306; x_wconf 90' lang='lat'>,</span> <span class='ocrx_word' id='word_1_503' title='bbox 986 3264 1166 3313; x_wconf 71' lang='lat' dir='ltr'>magisque</span> <span class='ocrx_word' id='word_1_504' title='bbox 1179 3270 1224 3304; x_wconf 81' lang='lat' dir='ltr'>:ib</span> 
     </span>
     <span class='ocr_line' id='line_1_96' title="bbox 290 3310 1222 3355; baseline 0.012 -11"><span class='ocrx_word' id='word_1_505' title='bbox 290 3310 415 3346; x_wconf 84' lang='lat' dir='ltr'>ultimo</span> <span class='ocrx_word' id='word_1_506' title='bbox 435 3311 503 3347; x_wconf 87' lang='lat' dir='ltr'>fine</span> <span class='ocrx_word' id='word_1_507' title='bbox 530 3325 696 3350; x_wconf 84' lang='lat' dir='ltr'>avertens</span> <span class='ocrx_word' id='word_1_508' title='bbox 713 3327 724 3354; x_wconf 83' lang='lat'>3</span> <span class='ocrx_word' id='word_1_509' title='bbox 756 3315 893 3350; x_wconf 86' lang='lat' dir='ltr'>nullum</span> <span class='ocrx_word' id='word_1_510' title='bbox 928 3314 1077 3350; x_wconf 81' lang='lat' dir='ltr'>subinde</span> <span class='ocrx_word' id='word_1_511' title='bbox 1104 3328 1147 3352; x_wconf 87' lang='lat' dir='ltr'>ex</span> <span class='ocrx_word' id='word_1_512' title='bbox 1171 3320 1222 3355; x_wconf 90' lang='lat' dir='ltr'>eis</span> 
     </span>
     <span class='ocr_line' id='line_1_97' title="bbox 288 3359 1222 3407; baseline 0.012 -13"><span class='ocrx_word' id='word_1_513' title='bbox 288 3359 354 3395; x_wconf 82' lang='lat' dir='ltr'>effe</span> <span class='ocrx_word' id='word_1_514' title='bbox 373 3361 679 3407; x_wconf 88' lang='lat' dir='ltr'>potestintrinsece</span> <span class='ocrx_word' id='word_1_515' title='bbox 697 3364 731 3398; x_wconf 90' lang='grc'>8(</span> <span class='ocrx_word' id='word_1_516' title='bbox 756 3363 950 3400; x_wconf 83' lang='lat' dir='ltr'>formaliter</span> <span class='ocrx_word' id='word_1_517' title='bbox 982 3364 1159 3403; x_wconf 87' lang='lat' dir='ltr'>infinitum</span> <span class='ocrx_word' id='word_1_518' title='bbox 1181 3381 1222 3405; x_wconf 86' lang='lat' dir='ltr'>ea</span> 
     </span>
     <span class='ocr_line' id='line_1_98' title="bbox 286 3415 1224 3460; baseline 0.011 -16"><span class='ocrx_word' id='word_1_519' title='bbox 286 3422 332 3445; x_wconf 88' lang='lat' dir='ltr'>ex</span> <span class='ocrx_word' id='word_1_520' title='bbox 349 3421 446 3456; x_wconf 76' lang='lat' dir='ltr'>purte</span> <span class='ocrx_word' id='word_1_521' title='bbox 460 3423 529 3457; x_wconf 89' lang='lat' dir='ltr'>qua</span> <span class='ocrx_word' id='word_1_522' title='bbox 541 3425 703 3449; x_wconf 87' lang='lat' dir='ltr'>avertere</span> <span class='ocrx_word' id='word_1_523' title='bbox 717 3415 927 3460; x_wconf 86' lang='lat' dir='ltr'>intelligitur</span> <span class='ocrx_word' id='word_1_524' title='bbox 954 3417 1001 3451; x_wconf 85' lang='lat' dir='ltr'>ab</span> <span class='ocrx_word' id='word_1_525' title='bbox 1024 3417 1224 3455; x_wconf 84' lang='lat' dir='ltr'>incommu-</span> 
     </span>
     <span class='ocr_line' id='line_1_99' title="bbox 287 3461 1223 3512; baseline 0.013 -19"><span class='ocrx_word' id='word_1_526' title='bbox 287 3461 384 3495; x_wconf 84' lang='lat' dir='ltr'>tabili</span> <span class='ocrx_word' id='word_1_527' title='bbox 402 3461 517 3497; x_wconf 84' lang='lat' dir='ltr'>bono.</span> <span class='ocrx_word' id='word_1_528' title='bbox 546 3463 874 3500; x_wconf 84' lang='lat' dir='ltr'>Naminfinittimin</span> <span class='ocrx_word' id='word_1_529' title='bbox 886 3477 929 3501; x_wconf 91' lang='lat' dir='ltr'>eo</span> <span class='ocrx_word' id='word_1_530' title='bbox 954 3478 1080 3512; x_wconf 83' lang='lat' dir='ltr'>genere</span> <span class='ocrx_word' id='word_1_531' title='bbox 1105 3468 1139 3503; x_wconf 90' lang='grc'>8(</span> <span class='ocrx_word' id='word_1_532' title='bbox 1165 3481 1223 3505; x_wconf 92' lang='lat' dir='ltr'>or-</span> 
     </span>
     <span class='ocr_line' id='line_1_100' title="bbox 287 3507 1224 3557; baseline 0.011 -13"><span class='ocrx_word' id='word_1_533' title='bbox 287 3507 370 3545; x_wconf 88' lang='lat' dir='ltr'>dine</span> <span class='ocrx_word' id='word_1_534' title='bbox 386 3521 461 3555; x_wconf 89' lang='lat' dir='ltr'>quo</span> <span class='ocrx_word' id='word_1_535' title='bbox 486 3510 691 3549; x_wconf 87' lang='lat' dir='ltr'>infinitatem</span> <span class='ocrx_word' id='word_1_536' title='bbox 725 3514 868 3550; x_wconf 86' lang='lat' dir='ltr'>sortitur</span> <span class='ocrx_word' id='word_1_537' title='bbox 889 3542 900 3557; x_wconf 94' lang='lat'><em>‚</em></span> <span class='ocrx_word' id='word_1_538' title='bbox 931 3515 1052 3550; x_wconf 63' lang='lat' dir='ltr'>excidi</span> <span class='ocrx_word' id='word_1_539' title='bbox 1076 3521 1224 3554; x_wconf 89' lang='lat' dir='ltr'>omnino</span> 
     </span>
     <span class='ocr_line' id='line_1_101' title="bbox 289 3561 1225 3608; baseline 0.011 -13"><span class='ocrx_word' id='word_1_540' title='bbox 289 3561 414 3606; x_wconf 73' lang='lat' dir='ltr'>nequit</span> <span class='ocrx_word' id='word_1_541' title='bbox 430 3573 439 3590; x_wconf 76' lang='lat' dir='ltr'>t</span> <span class='ocrx_word' id='word_1_542' title='bbox 455 3561 568 3608; x_wconf 87' lang='lat' dir='ltr'>posito</span> <span class='ocrx_word' id='word_1_543' title='bbox 598 3564 689 3598; x_wconf 89' lang='lat' dir='ltr'>enim</span> <span class='ocrx_word' id='word_1_544' title='bbox 718 3563 817 3608; x_wconf 86' lang='lat' dir='ltr'>quod</span> <span class='ocrx_word' id='word_1_545' title='bbox 842 3565 1038 3601; x_wconf 83' lang='lat' dir='ltr'>excedatur</span> <span class='ocrx_word' id='word_1_546' title='bbox 1066 3579 1148 3603; x_wconf 84' lang='lat' dir='ltr'>mox</span> <span class='ocrx_word' id='word_1_547' title='bbox 1173 3569 1225 3605; x_wconf 88' lang='lat' dir='ltr'>se-</span> 
     </span>
     <span class='ocr_line' id='line_1_102' title="bbox 288 3610 1222 3657; baseline 0.015 -15"><span class='ocrx_word' id='word_1_548' title='bbox 288 3610 416 3657; x_wconf 85' lang='lat' dir='ltr'>quitur</span> <span class='ocrx_word' id='word_1_549' title='bbox 431 3610 515 3646; x_wconf 84' lang='lat' dir='ltr'>illud</span> <span class='ocrx_word' id='word_1_550' title='bbox 528 3624 597 3649; x_wconf 89' lang='lat' dir='ltr'>non</span> <span class='ocrx_word' id='word_1_551' title='bbox 615 3612 714 3650; x_wconf 80' lang='lat' dir='ltr'>fuisse</span> <span class='ocrx_word' id='word_1_552' title='bbox 728 3613 908 3650; x_wconf 85' lang='lat' dir='ltr'>infinitum</span> <span class='ocrx_word' id='word_1_553' title='bbox 934 3617 968 3650; x_wconf 88' lang='lat' dir='ltr'>in</span> <span class='ocrx_word' id='word_1_554' title='bbox 995 3617 1056 3650; x_wconf 87' lang='lat' dir='ltr'>tali</span> <span class='ocrx_word' id='word_1_555' title='bbox 1075 3619 1222 3656; x_wconf 85' lang='lat' dir='ltr'>ordine:</span> 
     </span>
     <span class='ocr_line' id='line_1_103' title="bbox 294 3659 1227 3717; baseline 0.012 -22"><span class='ocrx_word' id='word_1_556' title='bbox 294 3671 380 3706; x_wconf 84' lang='lat' dir='ltr'>ergo</span> <span class='ocrx_word' id='word_1_557' title='bbox 395 3659 415 3694; x_wconf 81' lang='lat' dir='ltr'>fi</span> <span class='ocrx_word' id='word_1_558' title='bbox 431 3672 538 3696; x_wconf 85' lang='lat' dir='ltr'>unum</span> <span class='ocrx_word' id='word_1_559' title='bbox 554 3664 702 3699; x_wconf 86' lang='lat' dir='ltr'>mortale</span> <span class='ocrx_word' id='word_1_560' title='bbox 715 3676 902 3710; x_wconf 80' lang='lat' dir='ltr'>peccatum</span> <span class='ocrx_word' id='word_1_561' title='bbox 916 3667 961 3700; x_wconf 90' lang='lat' dir='ltr'>ab</span> <span class='ocrx_word' id='word_1_562' title='bbox 992 3665 1062 3700; x_wconf 87' lang='lat' dir='ltr'>alio</span> <span class='ocrx_word' id='word_1_563' title='bbox 1089 3670 1123 3703; x_wconf 79' lang='lat' dir='ltr'>in</span> <span class='ocrx_word' id='word_1_564' title='bbox 1147 3682 1227 3717; x_wconf 88' lang='lat' dir='ltr'>pra-</span> 
     </span>
    </p>
   </div>
   <div class='ocr_carea' id='block_1_15' title="bbox 294 3711 1227 3798">
    <p class='ocr_par' dir='ltr' id='par_1_21' title="bbox 294 3711 1227 3798">
     <span class='ocr_line' id='line_1_104' title="bbox 294 3711 1227 3797; baseline 0.012 -53"><span class='ocrx_word' id='word_1_565' title='bbox 294 3711 409 3746; x_wconf 85' lang='lat' dir='ltr'>vitate</span> <span class='ocrx_word' id='word_1_566' title='bbox 424 3712 793 3797; x_wconf 49' lang='lat' dir='ltr'>{xcedliiiff’m‘num</span> <span class='ocrx_word' id='word_1_567' title='bbox 817 3727 939 3751; x_wconf 88' lang='lat' dir='ltr'>corum</span> <span class='ocrx_word' id='word_1_568' title='bbox 968 3715 1018 3751; x_wconf 71' lang='lat' dir='ltr'>est</span> <span class='ocrx_word' id='word_1_569' title='bbox 1040 3718 1227 3759; x_wconf 68' lang='lat' dir='ltr'>intrinsece</span> 
     </span>
     <span class='ocr_line' id='line_1_105' title="bbox 458 3773 612 3798; baseline 0 -3"><span class='ocrx_word' id='word_1_570' title='bbox 458 3773 523 3795; x_wconf 87' lang='lat' dir='ltr'>om.</span> <span class='ocrx_word' id='word_1_571' title='bbox 600 3788 612 3798; x_wconf 91' lang='lat'>.</span> 
     </span>
    </p>
   </div>
   <div class='ocr_carea' id='block_1_16' title="bbox 1292 142 2260 3818">
    <p class='ocr_par' dir='ltr' id='par_1_22' title="bbox 1315 142 2260 480">
     <span class='ocr_line' id='line_1_106' title="bbox 1323 142 2260 198; baseline 0.011 -22"><span class='ocrx_word' id='word_1_572' title='bbox 1323 142 1506 178; x_wconf 81' lang='lat' dir='ltr'>infinitum</span> <span class='ocrx_word' id='word_1_573' title='bbox 1520 172 1530 182; x_wconf 91' lang='lat'><em>.</em></span> <span class='ocrx_word' id='word_1_574' title='bbox 1558 145 1602 183; x_wconf 86' lang='lat' dir='ltr'>Et</span> <span class='ocrx_word' id='word_1_575' title='bbox 1616 158 1737 181; x_wconf 77' lang='lat' dir='ltr'>revera</span> <span class='ocrx_word' id='word_1_576' title='bbox 1754 150 1786 181; x_wconf 82' lang='lat' dir='ltr'>in</span> <span class='ocrx_word' id='word_1_577' title='bbox 1807 160 2030 196; x_wconf 86' lang='lat' dir='ltr'>quocunque</span> <span class='ocrx_word' id='word_1_578' title='bbox 2046 165 2172 197; x_wconf 62' lang='lat' dir='ltr'>genere</span> <span class='ocrx_word' id='word_1_579' title='bbox 2187 181 2198 196; x_wconf 84' lang='lat'>‚</span> <span class='ocrx_word' id='word_1_580' title='bbox 2228 162 2260 198; x_wconf 61' lang='lat' dir='ltr'>g(</span> 
     </span>
     <span class='ocr_line' id='line_1_107' title="bbox 1323 191 2260 246; baseline 0.018 -20"><span class='ocrx_word' id='word_1_581' title='bbox 1323 191 1439 239; x_wconf 88' lang='lat' dir='ltr'>specie</span> <span class='ocrx_word' id='word_1_582' title='bbox 1453 205 1679 240; x_wconf 84' lang='lat' dir='ltr'>peccatorum</span> <span class='ocrx_word' id='word_1_583' title='bbox 1694 221 1706 238; x_wconf 93' lang='lat'><strong>,</strong></span> <span class='ocrx_word' id='word_1_584' title='bbox 1722 196 1799 230; x_wconf 84' lang='lat' dir='ltr'>sieri</span> <span class='ocrx_word' id='word_1_585' title='bbox 1812 197 1939 242; x_wconf 16' lang='lat' dir='ltr'>poa-est,</span> <span class='ocrx_word' id='word_1_586' title='bbox 1958 212 1994 234; x_wconf 87' lang='lat' dir='ltr'>iit</span> <span class='ocrx_word' id='word_1_587' title='bbox 2010 192 2120 239; x_wconf 74' lang='lat' dir='ltr'>unum</span> <span class='ocrx_word' id='word_1_588' title='bbox 2141 204 2178 237; x_wconf 77' lang='lat' dir='ltr'>sit</span> <span class='ocrx_word' id='word_1_589' title='bbox 2193 211 2260 246; x_wconf 77' lang='lat' dir='ltr'>alio</span> 
     </span>
     <span class='ocr_line' id='line_1_108' title="bbox 1321 240 2260 294; baseline 0.018 -18"><span class='ocrx_word' id='word_1_590' title='bbox 1321 240 1494 290; x_wconf 85' lang='lat' dir='ltr'>pejus,&amp;</span> <span class='ocrx_word' id='word_1_591' title='bbox 1509 257 1614 291; x_wconf 86' lang='lat' dir='ltr'>penes</span> <span class='ocrx_word' id='word_1_592' title='bbox 1635 246 1804 293; x_wconf 83' lang='lat' dir='ltr'>majorem</span> <span class='ocrx_word' id='word_1_593' title='bbox 1827 247 1860 281; x_wconf 89' lang='grc'><strong>8(</strong></span> <span class='ocrx_word' id='word_1_594' title='bbox 1887 250 2059 287; x_wconf 88' lang='lat' dir='ltr'>minorem</span> <span class='ocrx_word' id='word_1_595' title='bbox 2092 254 2260 294; x_wconf 85' lang='lat' dir='ltr'>intensio·</span> 
     </span>
     <span class='ocr_line' id='line_1_109' title="bbox 1320 291 2259 343; baseline 0.012 -16"><span class='ocrx_word' id='word_1_596' title='bbox 1320 304 1401 328; x_wconf 89' lang='lat' dir='ltr'>nem</span> <span class='ocrx_word' id='word_1_597' title='bbox 1414 291 1515 330; x_wconf 71' lang='lat' dir='ltr'>aetus</span> <span class='ocrx_word' id='word_1_598' title='bbox 1529 295 1758 332; x_wconf 85' lang='lat' dir='ltr'>deficientisa</span> <span class='ocrx_word' id='word_1_599' title='bbox 1783 295 1859 341; x_wconf 80' lang='lat' dir='ltr'>lege</span> <span class='ocrx_word' id='word_1_600' title='bbox 1886 296 2009 334; x_wconf 80' lang='lat' dir='ltr'>divina</span> <span class='ocrx_word' id='word_1_601' title='bbox 2030 328 2040 343; x_wconf 87' lang='lat'><em>‚</em></span> <span class='ocrx_word' id='word_1_602' title='bbox 2070 303 2103 339; x_wconf 73' lang='lat'>8&lt;</span> <span class='ocrx_word' id='word_1_603' title='bbox 2135 304 2259 343; x_wconf 75' lang='lat' dir='ltr'>secun-</span> 
     </span>
     <span class='ocr_line' id='line_1_110' title="bbox 1320 342 2255 394; baseline 0.016 -18"><span class='ocrx_word' id='word_1_604' title='bbox 1320 342 1405 377; x_wconf 89' lang='lat' dir='ltr'>dum</span> <span class='ocrx_word' id='word_1_605' title='bbox 1420 344 1528 379; x_wconf 85' lang='lat' dir='ltr'>etiam</span> <span class='ocrx_word' id='word_1_606' title='bbox 1543 347 1629 382; x_wconf 79' lang='lat' dir='ltr'>alias</span> <span class='ocrx_word' id='word_1_607' title='bbox 1644 343 1928 384; x_wconf 83' lang='lat' dir='ltr'>circumstantias</span> <span class='ocrx_word' id='word_1_608' title='bbox 1943 351 1986 384; x_wconf 87' lang='lat' dir='ltr'>ad</span> <span class='ocrx_word' id='word_1_609' title='bbox 2015 352 2185 390; x_wconf 83' lang='lat' dir='ltr'>malitiam</span> <span class='ocrx_word' id='word_1_610' title='bbox 2217 359 2255 394; x_wconf 83' lang='lat' dir='ltr'>il.</span> 
     </span>
     <span class='ocr_line' id='line_1_111' title="bbox 1318 392 2256 444; baseline 0.013 -17"><span class='ocrx_word' id='word_1_611' title='bbox 1318 392 1412 441; x_wconf 68' lang='lat' dir='ltr'>lam,</span> <span class='ocrx_word' id='word_1_612' title='bbox 1436 405 1662 444; x_wconf 86' lang='lat' dir='ltr'>pravumque</span> <span class='ocrx_word' id='word_1_613' title='bbox 1688 397 1886 434; x_wconf 79' lang='lat' dir='ltr'>voluntatis</span> <span class='ocrx_word' id='word_1_614' title='bbox 1909 398 2075 438; x_wconf 62' lang='lat' dir='ltr'>affec-*tum</span> <span class='ocrx_word' id='word_1_615' title='bbox 2102 414 2256 443; x_wconf 79' lang='lat' dir='ltr'>concur.</span> 
     </span>
     <span class='ocr_line' id='line_1_112' title="bbox 1315 453 1459 480; baseline 0.007 -3"><span class='ocrx_word' id='word_1_616' title='bbox 1315 453 1435 480; x_wconf 88' lang='lat' dir='ltr'>rentes</span> <span class='ocrx_word' id='word_1_617' title='bbox 1449 469 1459 478; x_wconf 89' lang='lat'><strong>.</strong></span> 
     </span>
    </p>

    <p class='ocr_par' dir='ltr' id='par_1_23' title="bbox 1310 494 2257 750">
     <span class='ocr_line' id='line_1_113' title="bbox 1416 494 2257 551; baseline 0.012 -19"><span class='ocrx_word' id='word_1_618' title='bbox 1416 494 1476 532; x_wconf 80' lang='lat' dir='ltr'>Ad</span> <span class='ocrx_word' id='word_1_619' title='bbox 1492 507 1730 544; x_wconf 87' lang='lat' dir='ltr'>argumenta;</span> <span class='ocrx_word' id='word_1_620' title='bbox 1759 498 1817 535; x_wconf 80' lang='lat' dir='ltr'>Ad</span> <span class='ocrx_word' id='word_1_621' title='bbox 1845 501 1999 547; x_wconf 89' lang='lat' dir='ltr'>primum</span> <span class='ocrx_word' id='word_1_622' title='bbox 2025 502 2257 551; x_wconf 84' lang='lat' dir='ltr'>respondetur</span> 
     </span>
     <span class='ocr_line' id='line_1_114' title="bbox 1313 549 2256 602; baseline 0.017 -24"><span class='ocrx_word' id='word_1_623' title='bbox 1313 554 1566 588; x_wconf 78' lang='lat' dir='ltr'>argumentum</span> <span class='ocrx_word' id='word_1_624' title='bbox 1601 549 1817 587; x_wconf 87' lang='lat' dir='ltr'>concludere</span> <span class='ocrx_word' id='word_1_625' title='bbox 1843 550 1886 587; x_wconf 80' lang='lat' dir='ltr'>de</span> <span class='ocrx_word' id='word_1_626' title='bbox 1900 563 2048 600; x_wconf 84' lang='lat' dir='ltr'>peccato</span> <span class='ocrx_word' id='word_1_627' title='bbox 2074 565 2117 590; x_wconf 82' lang='lat' dir='ltr'>ex</span> <span class='ocrx_word' id='word_1_628' title='bbox 2156 569 2256 602; x_wconf 80' lang='lat' dir='ltr'>parte</span> 
     </span>
     <span class='ocr_line' id='line_1_115' title="bbox 1313 594 2255 652; baseline 0.017 -25"><span class='ocrx_word' id='word_1_629' title='bbox 1313 594 1508 632; x_wconf 77' lang='lat' dir='ltr'>averfionis</span> <span class='ocrx_word' id='word_1_630' title='bbox 1525 610 1535 632; x_wconf 77' lang='lat' dir='ltr'><strong><em>z</em></strong></span> <span class='ocrx_word' id='word_1_631' title='bbox 1551 598 1595 634; x_wconf 84' lang='lat' dir='ltr'>fic</span> <span class='ocrx_word' id='word_1_632' title='bbox 1611 603 1706 636; x_wconf 86' lang='lat' dir='ltr'>enim</span> <span class='ocrx_word' id='word_1_633' title='bbox 1723 600 1833 635; x_wconf 87' lang='lat' dir='ltr'>homo</span> <span class='ocrx_word' id='word_1_634' title='bbox 1847 613 1969 641; x_wconf 85' lang='lat' dir='ltr'>contra</span> <span class='ocrx_word' id='word_1_635' title='bbox 1984 607 2098 640; x_wconf 90' lang='lat' dir='ltr'>Deum</span> <span class='ocrx_word' id='word_1_636' title='bbox 2116 617 2255 652; x_wconf 78' lang='lat' dir='ltr'>peccat3</span> 
     </span>
     <span class='ocr_line' id='line_1_116' title="bbox 1310 644 2251 701; baseline 0.017 -23"><span class='ocrx_word' id='word_1_637' title='bbox 1310 644 1397 690; x_wconf 86' lang='lat' dir='ltr'>quia</span> <span class='ocrx_word' id='word_1_638' title='bbox 1411 658 1497 691; x_wconf 82' lang='lat' dir='ltr'>ergo</span> <span class='ocrx_word' id='word_1_639' title='bbox 1511 647 1576 686; x_wconf 88' lang='lat' dir='ltr'>sub</span> <span class='ocrx_word' id='word_1_640' title='bbox 1598 651 1658 685; x_wconf 86' lang='lat' dir='ltr'>tali</span> <span class='ocrx_word' id='word_1_641' title='bbox 1675 650 1958 690; x_wconf 64' lang='lat' dir='ltr'>consideratione</span> <span class='ocrx_word' id='word_1_642' title='bbox 1971 652 2020 690; x_wconf 83' lang='lat' dir='ltr'>est</span> <span class='ocrx_word' id='word_1_643' title='bbox 2042 653 2225 694; x_wconf 80' lang='lat' dir='ltr'>infinitum</span> <span class='ocrx_word' id='word_1_644' title='bbox 2240 684 2251 701; x_wconf 86' lang='lat'>,</span> 
     </span>
     <span class='ocr_line' id='line_1_117' title="bbox 1311 700 2050 750; baseline 0.014 -21"><span class='ocrx_word' id='word_1_645' title='bbox 1311 705 1501 743; x_wconf 88' lang='lat' dir='ltr'>propterea</span> <span class='ocrx_word' id='word_1_646' title='bbox 1514 700 1667 736; x_wconf 89' lang='lat' dir='ltr'>debetur</span> <span class='ocrx_word' id='word_1_647' title='bbox 1684 701 1746 737; x_wconf 86' lang='lat' dir='ltr'>{ibi</span> <span class='ocrx_word' id='word_1_648' title='bbox 1769 713 1870 750; x_wconf 81' lang='lat' dir='ltr'>poena</span> <span class='ocrx_word' id='word_1_649' title='bbox 1886 703 2023 742; x_wconf 80' lang='lat' dir='ltr'>infinita</span> <span class='ocrx_word' id='word_1_650' title='bbox 2040 729 2050 739; x_wconf 90' lang='lat'><em>.</em></span> 
     </span>
    </p>

    <p class='ocr_par' dir='ltr' id='par_1_24' title="bbox 1300 749 2251 2102">
     <span class='ocr_line' id='line_1_118' title="bbox 1411 749 2251 799; baseline 0.015 -16"><span class='ocrx_word' id='word_1_651' title='bbox 1411 750 1490 784; x_wconf 86' lang='lat' dir='ltr'>Nos</span> <span class='ocrx_word' id='word_1_652' title='bbox 1505 749 1661 787; x_wconf 90' lang='lat' dir='ltr'>dicimus</span> <span class='ocrx_word' id='word_1_653' title='bbox 1675 778 1688 795; x_wconf 91' lang='lat'><strong><em>,</em></strong></span> <span class='ocrx_word' id='word_1_654' title='bbox 1717 764 1903 799; x_wconf 83' lang='lat' dir='ltr'>peccatum</span> <span class='ocrx_word' id='word_1_655' title='bbox 1917 756 2065 791; x_wconf 84' lang='lat' dir='ltr'>omnino</span> <span class='ocrx_word' id='word_1_656' title='bbox 2084 753 2152 792; x_wconf 78' lang='lat' dir='ltr'>else</span> <span class='ocrx_word' id='word_1_657' title='bbox 2178 769 2251 796; x_wconf 89' lang='lat' dir='ltr'>non</span> 
     </span>
     <span class='ocr_line' id='line_1_119' title="bbox 1307 792 2247 850; baseline 0.017 -21"><span class='ocrx_word' id='word_1_658' title='bbox 1307 792 1404 841; x_wconf 79' lang='lat' dir='ltr'>pofl&#39;e</span> <span class='ocrx_word' id='word_1_659' title='bbox 1424 801 1556 836; x_wconf 88' lang='lat' dir='ltr'>malum</span> <span class='ocrx_word' id='word_1_660' title='bbox 1579 801 1778 841; x_wconf 81' lang='lat' dir='ltr'>formaliter</span> <span class='ocrx_word' id='word_1_661' title='bbox 1799 805 1834 841; x_wconf 89' lang='grc'>8(</span> <span class='ocrx_word' id='word_1_662' title='bbox 1861 805 2247 850; x_wconf 80' lang='lat' dir='ltr'>intensiveiniinitiim3</span> 
     </span>
     <span class='ocr_line' id='line_1_120' title="bbox 1307 845 2250 901; baseline 0.019 -22"><span class='ocrx_word' id='word_1_663' title='bbox 1307 845 1370 881; x_wconf 85' lang='lat' dir='ltr'>tali</span> <span class='ocrx_word' id='word_1_664' title='bbox 1386 845 1558 894; x_wconf 85' lang='lat' dir='ltr'>liquidem</span> <span class='ocrx_word' id='word_1_665' title='bbox 1574 854 1749 900; x_wconf 85' lang='lat' dir='ltr'>positione</span> <span class='ocrx_word' id='word_1_666' title='bbox 1776 854 1879 901; x_wconf 83' lang='lat' dir='ltr'>plane</span> <span class='ocrx_word' id='word_1_667' title='bbox 1908 855 2128 892; x_wconf 87' lang='lat' dir='ltr'>astrueretur</span> <span class='ocrx_word' id='word_1_668' title='bbox 2154 858 2250 896; x_wconf 85' lang='lat' dir='ltr'>sum-</span> 
     </span>
     <span class='ocr_line' id='line_1_121' title="bbox 1306 901 2249 957; baseline 0.018 -28"><span class='ocrx_word' id='word_1_669' title='bbox 1306 906 1404 931; x_wconf 90' lang='lat' dir='ltr'>mum</span> <span class='ocrx_word' id='word_1_670' title='bbox 1420 901 1552 937; x_wconf 86' lang='lat' dir='ltr'>malum</span> <span class='ocrx_word' id='word_1_671' title='bbox 1570 928 1581 943; x_wconf 88' lang='lat'>,</span> <span class='ocrx_word' id='word_1_672' title='bbox 1593 904 1626 939; x_wconf 80' lang='grc'>8(</span> <span class='ocrx_word' id='word_1_673' title='bbox 1650 905 1749 940; x_wconf 90' lang='lat' dir='ltr'>Deus</span> <span class='ocrx_word' id='word_1_674' title='bbox 1764 905 2040 943; x_wconf 80' lang='lat' dir='ltr'>Manicheorum</span> <span class='ocrx_word' id='word_1_675' title='bbox 2053 932 2061 941; x_wconf 92' lang='lat'><strong>.</strong></span> <span class='ocrx_word' id='word_1_676' title='bbox 2079 907 2147 945; x_wconf 89' lang='lat' dir='ltr'>Sed</span> <span class='ocrx_word' id='word_1_677' title='bbox 2164 922 2249 957; x_wconf 83' lang='lat' dir='ltr'>pro·</span> 
     </span>
     <span class='ocr_line' id='line_1_122' title="bbox 1309 946 2249 1007; baseline 0.019 -28"><span class='ocrx_word' id='word_1_678' title='bbox 1309 946 1491 991; x_wconf 84' lang='lat' dir='ltr'>babatur,</span> <span class='ocrx_word' id='word_1_679' title='bbox 1509 952 1594 996; x_wconf 87' lang='lat' dir='ltr'>quia</span> <span class='ocrx_word' id='word_1_680' title='bbox 1612 963 1711 989; x_wconf 89' lang='lat' dir='ltr'>tanta</span> <span class='ocrx_word' id='word_1_681' title='bbox 1725 953 1774 990; x_wconf 85' lang='lat' dir='ltr'>est</span> <span class='ocrx_word' id='word_1_682' title='bbox 1789 957 1923 1001; x_wconf 78' lang='lat' dir='ltr'>peccati</span> <span class='ocrx_word' id='word_1_683' title='bbox 1935 957 2115 1004; x_wconf 81' lang='lat' dir='ltr'>pravitas,</span> <span class='ocrx_word' id='word_1_684' title='bbox 2131 971 2249 1007; x_wconf 81' lang='lat' dir='ltr'>quan·</span> 
     </span>
     <span class='ocr_line' id='line_1_123' title="bbox 1309 997 2248 1055; baseline 0.018 -25"><span class='ocrx_word' id='word_1_685' title='bbox 1309 1006 1343 1055; x_wconf 75' lang='lat' dir='ltr'>ta</span> <span class='ocrx_word' id='word_1_686' title='bbox 1355 997 1404 1032; x_wconf 87' lang='lat' dir='ltr'>est</span> <span class='ocrx_word' id='word_1_687' title='bbox 1421 998 1579 1043; x_wconf 83' lang='lat' dir='ltr'>dignitas</span> <span class='ocrx_word' id='word_1_688' title='bbox 1592 1001 1748 1049; x_wconf 64' lang='lat' dir='ltr'>persono</span> <span class='ocrx_word' id='word_1_689' title='bbox 1759 1015 1837 1051; x_wconf 77' lang='lat' dir='ltr'>quae</span> <span class='ocrx_word' id='word_1_690' title='bbox 1850 1017 1912 1052; x_wconf 86' lang='lat' dir='ltr'>per</span> <span class='ocrx_word' id='word_1_691' title='bbox 1925 1017 2111 1054; x_wconf 71' lang='lat' dir='ltr'>peccatum</span> <span class='ocrx_word' id='word_1_692' title='bbox 2132 1009 2248 1047; x_wconf 66' lang='lat' dir='ltr'>offen-</span> 
     </span>
     <span class='ocr_line' id='line_1_124' title="bbox 1305 1045 2250 1105; baseline 0.02 -25"><span class='ocrx_word' id='word_1_693' title='bbox 1305 1045 1407 1082; x_wconf 89' lang='lat' dir='ltr'>ditur</span> <span class='ocrx_word' id='word_1_694' title='bbox 1423 1073 1432 1083; x_wconf 90' lang='lat'><strong><em>.</em></strong></span> <span class='ocrx_word' id='word_1_695' title='bbox 1466 1049 1683 1098; x_wconf 81' lang='lat' dir='ltr'>Responsio.</span> <span class='ocrx_word' id='word_1_696' title='bbox 1706 1053 1742 1091; x_wconf 89' lang='lat' dir='ltr'>Si</span> <span class='ocrx_word' id='word_1_697' title='bbox 1759 1063 1900 1091; x_wconf 81' lang='lat' dir='ltr'>tantum</span> <span class='ocrx_word' id='word_1_698' title='bbox 1913 1080 1926 1100; x_wconf 82' lang='grc'><strong>.</strong></span> <span class='ocrx_word' id='word_1_699' title='bbox 1939 1058 1973 1094; x_wconf 89' lang='grc'>8(</span> <span class='ocrx_word' id='word_1_700' title='bbox 2001 1066 2172 1105; x_wconf 79' lang='lat' dir='ltr'>quantam</span> <span class='ocrx_word' id='word_1_701' title='bbox 2194 1073 2250 1099; x_wconf 89' lang='lat' dir='ltr'>re-</span> 
     </span>
     <span class='ocr_line' id='line_1_125' title="bbox 1306 1095 2248 1156; baseline 0.019 -25"><span class='ocrx_word' id='word_1_702' title='bbox 1306 1095 1466 1134; x_wconf 86' lang='lat' dir='ltr'>fei-antui-</span> <span class='ocrx_word' id='word_1_703' title='bbox 1485 1102 1528 1136; x_wconf 92' lang='lat' dir='ltr'>ad</span> <span class='ocrx_word' id='word_1_704' title='bbox 1543 1104 1696 1140; x_wconf 80' lang='lat' dir='ltr'>rationes</span> <span class='ocrx_word' id='word_1_705' title='bbox 1722 1105 1888 1142; x_wconf 81' lang='lat' dir='ltr'>formales</span> <span class='ocrx_word' id='word_1_706' title='bbox 1914 1106 2102 1154; x_wconf 86' lang='lat' dir='ltr'>utriusque</span> <span class='ocrx_word' id='word_1_707' title='bbox 2127 1111 2160 1146; x_wconf 88' lang='lat' dir='ltr'>in</span> <span class='ocrx_word' id='word_1_708' title='bbox 2188 1110 2248 1156; x_wconf 89' lang='lat' dir='ltr'>se,</span> 
     </span>
     <span class='ocr_line' id='line_1_126' title="bbox 1308 1146 2247 1200; baseline 0.018 -20"><span class='ocrx_word' id='word_1_709' title='bbox 1308 1146 1432 1184; x_wconf 72' lang='lat' dir='ltr'>falsum</span> <span class='ocrx_word' id='word_1_710' title='bbox 1450 1149 1499 1186; x_wconf 86' lang='lat' dir='ltr'>est</span> <span class='ocrx_word' id='word_1_711' title='bbox 1515 1179 1527 1195; x_wconf 91' lang='lat'>‚</span> <span class='ocrx_word' id='word_1_712' title='bbox 1558 1154 1592 1189; x_wconf 82' lang='grc'>8(</span> <span class='ocrx_word' id='word_1_713' title='bbox 1609 1152 1757 1191; x_wconf 81' lang='lat' dir='ltr'>subinde</span> <span class='ocrx_word' id='word_1_714' title='bbox 1782 1155 1982 1200; x_wconf 75' lang='lat' dir='ltr'>negandum</span> <span class='ocrx_word' id='word_1_715' title='bbox 2002 1169 2126 1194; x_wconf 84' lang='lat' dir='ltr'>revera</span> <span class='ocrx_word' id='word_1_716' title='bbox 2152 1163 2247 1200; x_wconf 87' lang='lat' dir='ltr'>enim</span> 
     </span>
     <span class='ocr_line' id='line_1_127' title="bbox 1305 1199 2249 1256; baseline 0.017 -25"><span class='ocrx_word' id='word_1_717' title='bbox 1305 1199 1385 1233; x_wconf 85' lang='lat' dir='ltr'>talis</span> <span class='ocrx_word' id='word_1_718' title='bbox 1401 1225 1411 1241; x_wconf 92' lang='lat'>‚</span> <span class='ocrx_word' id='word_1_719' title='bbox 1431 1200 1464 1235; x_wconf 88' lang='grc'>8(</span> <span class='ocrx_word' id='word_1_720' title='bbox 1482 1213 1579 1238; x_wconf 86' lang='lat' dir='ltr'>tanta</span> <span class='ocrx_word' id='word_1_721' title='bbox 1593 1202 1642 1240; x_wconf 85' lang='lat' dir='ltr'>est</span> <span class='ocrx_word' id='word_1_722' title='bbox 1661 1205 1793 1242; x_wconf 88' lang='lat' dir='ltr'>malitia</span> <span class='ocrx_word' id='word_1_723' title='bbox 1821 1205 1921 1241; x_wconf 71' lang='lat' dir='ltr'>aetus</span> <span class='ocrx_word' id='word_1_724' title='bbox 1948 1218 2026 1253; x_wconf 87' lang='lat' dir='ltr'>quo</span> <span class='ocrx_word' id='word_1_725' title='bbox 2055 1220 2249 1256; x_wconf 81' lang='lat' dir='ltr'>peccatur,</span> 
     </span>
     <span class='ocr_line' id='line_1_128' title="bbox 1305 1252 2249 1304; baseline 0.017 -21"><span class='ocrx_word' id='word_1_726' title='bbox 1305 1258 1440 1294; x_wconf 84' lang='lat' dir='ltr'>quanta</span> <span class='ocrx_word' id='word_1_727' title='bbox 1458 1252 1506 1288; x_wconf 88' lang='lat' dir='ltr'>est</span> <span class='ocrx_word' id='word_1_728' title='bbox 1525 1255 1669 1291; x_wconf 81' lang='lat' dir='ltr'>bonitas</span> <span class='ocrx_word' id='word_1_729' title='bbox 1688 1282 1700 1298; x_wconf 93' lang='lat'><strong>,</strong></span> <span class='ocrx_word' id='word_1_730' title='bbox 1730 1268 1809 1304; x_wconf 77' lang='lat' dir='ltr'>quae</span> <span class='ocrx_word' id='word_1_731' title='bbox 1827 1266 1908 1293; x_wconf 89' lang='lat' dir='ltr'>nata</span> <span class='ocrx_word' id='word_1_732' title='bbox 1926 1255 2040 1294; x_wconf 79' lang='lat' dir='ltr'>suisset</span> <span class='ocrx_word' id='word_1_733' title='bbox 2063 1258 2167 1296; x_wconf 80' lang='lat' dir='ltr'>inesse</span> <span class='ocrx_word' id='word_1_734' title='bbox 2196 1262 2249 1299; x_wconf 78' lang='lat' dir='ltr'>illi</span> 
     </span>
     <span class='ocr_line' id='line_1_129' title="bbox 1305 1299 2251 1348; baseline 0.015 -15"><span class='ocrx_word' id='word_1_735' title='bbox 1305 1299 1402 1334; x_wconf 72' lang='lat' dir='ltr'>aetui</span> <span class='ocrx_word' id='word_1_736' title='bbox 1421 1327 1431 1342; x_wconf 91' lang='lat'>‚</span> <span class='ocrx_word' id='word_1_737' title='bbox 1447 1302 1468 1336; x_wconf 81' lang='lat' dir='ltr'>fi</span> <span class='ocrx_word' id='word_1_738' title='bbox 1483 1303 1675 1342; x_wconf 88' lang='lat' dir='ltr'>secundum</span> <span class='ocrx_word' id='word_1_739' title='bbox 1691 1306 1833 1343; x_wconf 86' lang='lat' dir='ltr'>debitas</span> <span class='ocrx_word' id='word_1_740' title='bbox 1845 1308 2131 1346; x_wconf 74' lang='lat' dir='ltr'>circumstantias</span> <span class='ocrx_word' id='word_1_741' title='bbox 2152 1311 2251 1348; x_wconf 88' lang='lat' dir='ltr'>elici-</span> 
     </span>
     <span class='ocr_line' id='line_1_130' title="bbox 1304 1350 2249 1399; baseline 0.017 -16"><span class='ocrx_word' id='word_1_742' title='bbox 1304 1358 1362 1384; x_wconf 86' lang='lat' dir='ltr'>tus</span> <span class='ocrx_word' id='word_1_743' title='bbox 1381 1350 1497 1389; x_wconf 73' lang='lat' dir='ltr'>fuisset</span> <span class='ocrx_word' id='word_1_744' title='bbox 1514 1368 1524 1390; x_wconf 89' lang='lat'><strong>:</strong></span> <span class='ocrx_word' id='word_1_745' title='bbox 1542 1354 1598 1390; x_wconf 88' lang='lat' dir='ltr'>sed</span> <span class='ocrx_word' id='word_1_746' title='bbox 1612 1354 1686 1392; x_wconf 73' lang='lat' dir='ltr'>haec</span> <span class='ocrx_word' id='word_1_747' title='bbox 1698 1355 1792 1393; x_wconf 84' lang='lat' dir='ltr'>haud</span> <span class='ocrx_word' id='word_1_748' title='bbox 1806 1356 1944 1394; x_wconf 85' lang='lat' dir='ltr'>infinita</span> <span class='ocrx_word' id='word_1_749' title='bbox 1961 1359 2130 1396; x_wconf 71' lang='lat' dir='ltr'>extitisset</span> <span class='ocrx_word' id='word_1_750' title='bbox 2148 1390 2157 1397; x_wconf 90' lang='lat'><strong><em>.</em></strong></span> <span class='ocrx_word' id='word_1_751' title='bbox 2185 1375 2249 1399; x_wconf 91' lang='lat' dir='ltr'>nec</span> 
     </span>
     <span class='ocr_line' id='line_1_131' title="bbox 1303 1400 2251 1456; baseline 0.018 -23"><span class='ocrx_word' id='word_1_752' title='bbox 1303 1400 1385 1456; x_wconf 74' lang='lat' dir='ltr'>talis</span> <span class='ocrx_word' id='word_1_753' title='bbox 1399 1401 1465 1439; x_wconf 81' lang='lat' dir='ltr'>effe</span> <span class='ocrx_word' id='word_1_754' title='bbox 1484 1404 1650 1450; x_wconf 74' lang='lat' dir='ltr'>poiuifl‘et</span> <span class='ocrx_word' id='word_1_755' title='bbox 1668 1433 1676 1443; x_wconf 92' lang='lat'><strong><em>.</em></strong></span> <span class='ocrx_word' id='word_1_756' title='bbox 1692 1407 1942 1445; x_wconf 82' lang='lat' dir='ltr'>Nihilominus</span> <span class='ocrx_word' id='word_1_757' title='bbox 1959 1419 2095 1446; x_wconf 86' lang='lat' dir='ltr'>attenta</span> <span class='ocrx_word' id='word_1_758' title='bbox 2114 1412 2251 1451; x_wconf 89' lang='lat' dir='ltr'>ratione</span> 
     </span>
     <span class='ocr_line' id='line_1_132' title="bbox 1304 1458 2249 1504; baseline 0.014 -17"><span class='ocrx_word' id='word_1_759' title='bbox 1304 1461 1387 1496; x_wconf 80' lang='lat' dir='ltr'>ejus</span> <span class='ocrx_word' id='word_1_760' title='bbox 1401 1478 1412 1494; x_wconf 86' lang='lat'><em>‚</em></span> <span class='ocrx_word' id='word_1_761' title='bbox 1426 1465 1444 1487; x_wconf 90' lang='lat' dir='ltr'>a</span> <span class='ocrx_word' id='word_1_762' title='bbox 1460 1467 1536 1501; x_wconf 86' lang='lat' dir='ltr'>quo</span> <span class='ocrx_word' id='word_1_763' title='bbox 1552 1468 1739 1504; x_wconf 86' lang='lat' dir='ltr'>peccatum</span> <span class='ocrx_word' id='word_1_764' title='bbox 1754 1459 1884 1496; x_wconf 85' lang='lat' dir='ltr'>avertit</span> <span class='ocrx_word' id='word_1_765' title='bbox 1901 1486 1912 1501; x_wconf 94' lang='lat'>,</span> <span class='ocrx_word' id='word_1_766' title='bbox 1925 1458 2006 1497; x_wconf 91' lang='lat' dir='ltr'>inde</span> <span class='ocrx_word' id='word_1_767' title='bbox 2019 1458 2169 1498; x_wconf 86' lang='lat' dir='ltr'>sortitur</span> <span class='ocrx_word' id='word_1_768' title='bbox 2185 1464 2249 1501; x_wconf 86' lang='lat' dir='ltr'>ali-.</span> 
     </span>
     <span class='ocr_line' id='line_1_133' title="bbox 1304 1502 2248 1553; baseline 0.017 -18"><span class='ocrx_word' id='word_1_769' title='bbox 1304 1513 1414 1548; x_wconf 90' lang='lat' dir='ltr'>quam</span> <span class='ocrx_word' id='word_1_770' title='bbox 1438 1502 1770 1546; x_wconf 86' lang='lat' dir='ltr'>denominationem</span> <span class='ocrx_word' id='word_1_771' title='bbox 1801 1509 2034 1546; x_wconf 57' lang='lat' dir='ltr'>extrinsecam</span> <span class='ocrx_word' id='word_1_772' title='bbox 2059 1538 2070 1553; x_wconf 91' lang='lat'>,</span> <span class='ocrx_word' id='word_1_773' title='bbox 2097 1523 2137 1547; x_wconf 92' lang='lat' dir='ltr'>ut</span> <span class='ocrx_word' id='word_1_774' title='bbox 2161 1513 2248 1551; x_wconf 83' lang='lat' dir='ltr'>ficut</span> 
     </span>
     <span class='ocr_line' id='line_1_134' title="bbox 1304 1552 2249 1600; baseline 0.015 -14"><span class='ocrx_word' id='word_1_775' title='bbox 1304 1552 1424 1588; x_wconf 85' lang='lat' dir='ltr'>eadem</span> <span class='ocrx_word' id='word_1_776' title='bbox 1440 1553 1732 1596; x_wconf 86' lang='lat' dir='ltr'>donominatione</span> <span class='ocrx_word' id='word_1_777' title='bbox 1745 1560 1847 1595; x_wconf 69' lang='lat' dir='ltr'>aetus</span> <span class='ocrx_word' id='word_1_778' title='bbox 1878 1560 2066 1598; x_wconf 82' lang='lat' dir='ltr'>charitatis</span> <span class='ocrx_word' id='word_1_779' title='bbox 2094 1561 2249 1600; x_wconf 82' lang='lat' dir='ltr'>conver.</span> 
     </span>
     <span class='ocr_line' id='line_1_135' title="bbox 1302 1603 2247 1654; baseline 0.012 -15"><span class='ocrx_word' id='word_1_780' title='bbox 1302 1613 1380 1639; x_wconf 87' lang='lat' dir='ltr'>tens</span> <span class='ocrx_word' id='word_1_781' title='bbox 1393 1605 1425 1638; x_wconf 92' lang='lat' dir='ltr'>in</span> <span class='ocrx_word' id='word_1_782' title='bbox 1444 1603 1560 1642; x_wconf 89' lang='lat' dir='ltr'>Deum</span> <span class='ocrx_word' id='word_1_783' title='bbox 1576 1607 1710 1645; x_wconf 88' lang='lat' dir='ltr'>dicitur</span> <span class='ocrx_word' id='word_1_784' title='bbox 1724 1609 1884 1646; x_wconf 84' lang='lat' dir='ltr'>infinitus</span> <span class='ocrx_word' id='word_1_785' title='bbox 1897 1635 1910 1654; x_wconf 91' lang='lat'>‚</span> <span class='ocrx_word' id='word_1_786' title='bbox 1935 1612 1991 1647; x_wconf 84' lang='lat' dir='ltr'>vel</span> <span class='ocrx_word' id='word_1_787' title='bbox 2012 1612 2120 1648; x_wconf 88' lang='lat' dir='ltr'>etiam</span> <span class='ocrx_word' id='word_1_788' title='bbox 2145 1613 2247 1653; x_wconf 60' lang='lat' dir='ltr'>astus</span> 
     </span>
     <span class='ocr_line' id='line_1_136' title="bbox 1304 1652 2244 1710; baseline 0.01 -22"><span class='ocrx_word' id='word_1_789' title='bbox 1304 1652 1495 1692; x_wconf 83' lang='lat' dir='ltr'>beatificus</span> <span class='ocrx_word' id='word_1_790' title='bbox 1512 1680 1523 1698; x_wconf 85' lang='lat'><strong>‚</strong></span> <span class='ocrx_word' id='word_1_791' title='bbox 1539 1660 1625 1705; x_wconf 85' lang='lat' dir='ltr'>quia</span> <span class='ocrx_word' id='word_1_792' title='bbox 1645 1660 1836 1707; x_wconf 85' lang='lat' dir='ltr'>conjungit</span> <span class='ocrx_word' id='word_1_793' title='bbox 1851 1663 2005 1698; x_wconf 89' lang='lat' dir='ltr'>termino</span> <span class='ocrx_word' id='word_1_794' title='bbox 2019 1662 2067 1698; x_wconf 87' lang='lat' dir='ltr'>ad</span> <span class='ocrx_word' id='word_1_795' title='bbox 2077 1673 2178 1710; x_wconf 84' lang='lat' dir='ltr'>quem</span> <span class='ocrx_word' id='word_1_796' title='bbox 2192 1666 2244 1700; x_wconf 89' lang='lat' dir='ltr'>in-</span> 
     </span>
     <span class='ocr_line' id='line_1_137' title="bbox 1302 1702 2246 1761; baseline 0.01 -22"><span class='ocrx_word' id='word_1_797' title='bbox 1302 1702 1555 1746; x_wconf 86' lang='lat' dir='ltr'>finito;etsiin</span> <span class='ocrx_word' id='word_1_798' title='bbox 1573 1708 1605 1744; x_wconf 93' lang='lat' dir='ltr'>se</span> <span class='ocrx_word' id='word_1_799' title='bbox 1624 1710 1664 1746; x_wconf 83' lang='lat' dir='ltr'>fit</span> <span class='ocrx_word' id='word_1_800' title='bbox 1691 1711 1885 1748; x_wconf 88' lang='lat' dir='ltr'>formaliter</span> <span class='ocrx_word' id='word_1_801' title='bbox 1911 1711 2061 1748; x_wconf 85' lang='lat' dir='ltr'>finitus:</span> <span class='ocrx_word' id='word_1_802' title='bbox 2084 1714 2134 1749; x_wconf 81' lang='lat' dir='ltr'>ita</span> <span class='ocrx_word' id='word_1_803' title='bbox 2162 1727 2246 1761; x_wconf 87' lang='lat' dir='ltr'>pec-</span> 
     </span>
     <span class='ocr_line' id='line_1_138' title="bbox 1304 1759 2245 1812; baseline 0.012 -22"><span class='ocrx_word' id='word_1_804' title='bbox 1304 1766 1423 1791; x_wconf 88' lang='lat' dir='ltr'>catum</span> <span class='ocrx_word' id='word_1_805' title='bbox 1442 1759 1592 1794; x_wconf 82' lang='lat' dir='ltr'>mortale</span> <span class='ocrx_word' id='word_1_806' title='bbox 1603 1786 1616 1803; x_wconf 91' lang='lat'>‚</span> <span class='ocrx_word' id='word_1_807' title='bbox 1627 1763 1711 1808; x_wconf 84' lang='lat' dir='ltr'>quia</span> <span class='ocrx_word' id='word_1_808' title='bbox 1725 1764 1854 1797; x_wconf 84' lang='lat' dir='ltr'>avertit</span> <span class='ocrx_word' id='word_1_809' title='bbox 1870 1774 1887 1796; x_wconf 85' lang='lat' dir='ltr'>a</span> <span class='ocrx_word' id='word_1_810' title='bbox 1904 1764 2059 1798; x_wconf 90' lang='lat' dir='ltr'>termino</span> <span class='ocrx_word' id='word_1_811' title='bbox 2073 1776 2094 1799; x_wconf 84' lang='lat' dir='ltr'>a</span> <span class='ocrx_word' id='word_1_812' title='bbox 2108 1776 2175 1812; x_wconf 84' lang='lat' dir='ltr'>quo</span> <span class='ocrx_word' id='word_1_813' title='bbox 2190 1766 2245 1801; x_wconf 87' lang='lat' dir='ltr'>in..</span> 
     </span>
     <span class='ocr_line' id='line_1_139' title="bbox 1303 1805 2245 1854; baseline 0.011 -14"><span class='ocrx_word' id='word_1_814' title='bbox 1303 1805 1431 1848; x_wconf 81' lang='lat' dir='ltr'>finito,</span> <span class='ocrx_word' id='word_1_815' title='bbox 1460 1808 1641 1854; x_wconf 76' lang='lat' dir='ltr'>quandam</span> <span class='ocrx_word' id='word_1_816' title='bbox 1667 1822 1854 1847; x_wconf 85' lang='lat' dir='ltr'>mutuatur</span> <span class='ocrx_word' id='word_1_817' title='bbox 1875 1811 2108 1849; x_wconf 83' lang='lat' dir='ltr'>extrinsecam</span> <span class='ocrx_word' id='word_1_818' title='bbox 2133 1815 2245 1850; x_wconf 83' lang='lat' dir='ltr'>deno.</span> 
     </span>
     <span class='ocr_line' id='line_1_140' title="bbox 1302 1858 2244 1909; baseline 0.01 -18"><span class='ocrx_word' id='word_1_819' title='bbox 1302 1858 1715 1897; x_wconf 85' lang='lat' dir='ltr'>minationem.Gravius</span> <span class='ocrx_word' id='word_1_820' title='bbox 1729 1864 1855 1908; x_wconf 86' lang='lat' dir='ltr'>utiquc</span> <span class='ocrx_word' id='word_1_821' title='bbox 1870 1861 1917 1897; x_wconf 81' lang='lat' dir='ltr'>est</span> <span class='ocrx_word' id='word_1_822' title='bbox 1933 1873 2117 1909; x_wconf 88' lang='lat' dir='ltr'>peccatum</span> <span class='ocrx_word' id='word_1_823' title='bbox 2132 1865 2244 1902; x_wconf 78' lang='lat' dir='ltr'>inDe.</span> 
     </span>
     <span class='ocr_line' id='line_1_141' title="bbox 1303 1907 2244 1963; baseline 0.01 -21"><span class='ocrx_word' id='word_1_824' title='bbox 1303 1919 1364 1942; x_wconf 88' lang='lat' dir='ltr'>um</span> <span class='ocrx_word' id='word_1_825' title='bbox 1382 1907 1603 1944; x_wconf 88' lang='lat' dir='ltr'>commissum</span> <span class='ocrx_word' id='word_1_826' title='bbox 1618 1934 1630 1953; x_wconf 88' lang='lat'>‚</span> <span class='ocrx_word' id='word_1_827' title='bbox 1645 1923 1753 1957; x_wconf 87' lang='lat' dir='ltr'>quam</span> <span class='ocrx_word' id='word_1_828' title='bbox 1769 1913 1804 1948; x_wconf 87' lang='lat' dir='ltr'>in</span> <span class='ocrx_word' id='word_1_829' title='bbox 1819 1913 1927 1948; x_wconf 86' lang='lat' dir='ltr'>alium</span> <span class='ocrx_word' id='word_1_830' title='bbox 1940 1938 1948 1946; x_wconf 92' lang='lat'>.</span> <span class='ocrx_word' id='word_1_831' title='bbox 1960 1925 2244 1963; x_wconf 75' lang='lat' dir='ltr'>quemcumqiie;</span> 
     </span>
     <span class='ocr_line' id='line_1_142' title="bbox 1303 1956 2245 2013; baseline 0.016 -23"><span class='ocrx_word' id='word_1_832' title='bbox 1303 1956 1337 1991; x_wconf 84' lang='grc'>8(</span> <span class='ocrx_word' id='word_1_833' title='bbox 1360 1959 1394 1991; x_wconf 89' lang='lat' dir='ltr'>in</span> <span class='ocrx_word' id='word_1_834' title='bbox 1413 1957 1551 2003; x_wconf 86' lang='lat' dir='ltr'>Regem</span> <span class='ocrx_word' id='word_1_835' title='bbox 1567 1970 1751 1999; x_wconf 86' lang='lat' dir='ltr'>terrenum</span> <span class='ocrx_word' id='word_1_836' title='bbox 1768 1988 1779 2004; x_wconf 91' lang='lat'><strong>,</strong></span> <span class='ocrx_word' id='word_1_837' title='bbox 1804 1975 1913 2009; x_wconf 85' lang='lat' dir='ltr'>quam</span> <span class='ocrx_word' id='word_1_838' title='bbox 1933 1961 1967 2001; x_wconf 87' lang='lat' dir='ltr'>in</span> <span class='ocrx_word' id='word_1_839' title='bbox 1980 1964 2128 2000; x_wconf 85' lang='lat' dir='ltr'>militem</span> <span class='ocrx_word' id='word_1_840' title='bbox 2145 1967 2245 2013; x_wconf 85' lang='lat' dir='ltr'>ejus;</span> 
     </span>
     <span class='ocr_line' id='line_1_143' title="bbox 1300 2005 2244 2062; baseline 0.016 -21"><span class='ocrx_word' id='word_1_841' title='bbox 1300 2005 1359 2042; x_wconf 84' lang='lat' dir='ltr'>sed</span> <span class='ocrx_word' id='word_1_842' title='bbox 1374 2016 1493 2044; x_wconf 85' lang='lat' dir='ltr'>tamen</span> <span class='ocrx_word' id='word_1_843' title='bbox 1510 2008 1583 2046; x_wconf 86' lang='lat' dir='ltr'>fieri</span> <span class='ocrx_word' id='word_1_844' title='bbox 1604 2023 1673 2048; x_wconf 91' lang='lat' dir='ltr'>non</span> <span class='ocrx_word' id='word_1_845' title='bbox 1693 2012 1830 2060; x_wconf 87' lang='lat' dir='ltr'>potest,</span> <span class='ocrx_word' id='word_1_846' title='bbox 1861 2025 1899 2049; x_wconf 90' lang='lat' dir='ltr'>ut</span> <span class='ocrx_word' id='word_1_847' title='bbox 1926 2014 1959 2049; x_wconf 91' lang='lat' dir='ltr'>id</span> <span class='ocrx_word' id='word_1_848' title='bbox 1985 2025 2174 2062; x_wconf 86' lang='lat' dir='ltr'>peccatum</span> <span class='ocrx_word' id='word_1_849' title='bbox 2203 2018 2244 2055; x_wconf 79' lang='lat' dir='ltr'>stt</span> 
     </span>
     <span class='ocr_line' id='line_1_144' title="bbox 1303 2057 2142 2102; baseline 0.012 -10"><span class='ocrx_word' id='word_1_850' title='bbox 1303 2057 1500 2094; x_wconf 87' lang='lat' dir='ltr'>formaliter</span> <span class='ocrx_word' id='word_1_851' title='bbox 1535 2062 1568 2097; x_wconf 89' lang='grc'>8(</span> <span class='ocrx_word' id='word_1_852' title='bbox 1594 2062 1769 2099; x_wconf 82' lang='lat' dir='ltr'>intenfive</span> <span class='ocrx_word' id='word_1_853' title='bbox 1781 2065 1913 2099; x_wconf 87' lang='lat' dir='ltr'>malum</span> <span class='ocrx_word' id='word_1_854' title='bbox 1932 2063 2114 2101; x_wconf 82' lang='lat' dir='ltr'>infinitum</span> <span class='ocrx_word' id='word_1_855' title='bbox 2132 2091 2142 2102; x_wconf 89' lang='lat'>.</span> 
     </span>
    </p>

    <p class='ocr_par' dir='ltr' id='par_1_25' title="bbox 1296 2108 2251 2608">
     <span class='ocr_line' id='line_1_145' title="bbox 1401 2108 2246 2161; baseline 0.015 -18"><span class='ocrx_word' id='word_1_856' title='bbox 1401 2108 1462 2144; x_wconf 84' lang='lat' dir='ltr'>Ad</span> <span class='ocrx_word' id='word_1_857' title='bbox 1494 2110 1688 2149; x_wconf 89' lang='lat' dir='ltr'>secundum</span> <span class='ocrx_word' id='word_1_858' title='bbox 1719 2112 1950 2161; x_wconf 84' lang='lat' dir='ltr'>respondetur</span> <span class='ocrx_word' id='word_1_859' title='bbox 1979 2114 2025 2150; x_wconf 87' lang='lat' dir='ltr'>sic</span> <span class='ocrx_word' id='word_1_860' title='bbox 2050 2139 2061 2151; x_wconf 84' lang='grc'><strong>.</strong></span> <span class='ocrx_word' id='word_1_861' title='bbox 2090 2117 2246 2156; x_wconf 85' lang='lat' dir='ltr'>Duratio</span> 
     </span>
     <span class='ocr_line' id='line_1_146' title="bbox 1300 2159 2246 2213; baseline 0.011 -19"><span class='ocrx_word' id='word_1_862' title='bbox 1300 2171 1410 2207; x_wconf 84' lang='lat' dir='ltr'>poenae</span> <span class='ocrx_word' id='word_1_863' title='bbox 1429 2159 1617 2207; x_wconf 83' lang='lat' dir='ltr'>respondet</span> <span class='ocrx_word' id='word_1_864' title='bbox 1638 2163 1981 2213; x_wconf 76' lang='lat' dir='ltr'>diitationiculpae3</span> <span class='ocrx_word' id='word_1_865' title='bbox 2012 2176 2083 2201; x_wconf 90' lang='lat' dir='ltr'>non</span> <span class='ocrx_word' id='word_1_866' title='bbox 2095 2168 2246 2212; x_wconf 86' lang='lat' dir='ltr'>quidem</span> 
     </span>
     <span class='ocr_line' id='line_1_147' title="bbox 1297 2211 2251 2262; baseline 0.007 -16"><span class='ocrx_word' id='word_1_867' title='bbox 1297 2221 1342 2246; x_wconf 80' lang='lat' dir='ltr'>ex</span> <span class='ocrx_word' id='word_1_868' title='bbox 1359 2220 1457 2258; x_wconf 83' lang='lat' dir='ltr'>parte</span> <span class='ocrx_word' id='word_1_869' title='bbox 1474 2211 1574 2248; x_wconf 58' lang='lat' dir='ltr'>anus</span> <span class='ocrx_word' id='word_1_870' title='bbox 1589 2241 1597 2254; x_wconf 91' lang='lat'>,</span> <span class='ocrx_word' id='word_1_871' title='bbox 1611 2213 1665 2248; x_wconf 87' lang='lat' dir='ltr'>sed</span> <span class='ocrx_word' id='word_1_872' title='bbox 1683 2226 1837 2262; x_wconf 82' lang='lat' dir='ltr'>exparte</span> <span class='ocrx_word' id='word_1_873' title='bbox 1856 2216 2009 2255; x_wconf 65' lang='lat' dir='ltr'>maculae</span> <span class='ocrx_word' id='word_1_874' title='bbox 2027 2227 2100 2262; x_wconf 87' lang='lat' dir='ltr'>qua</span> <span class='ocrx_word' id='word_1_875' title='bbox 2115 2216 2251 2255; x_wconf 84' lang='lat' dir='ltr'>duran.</span> 
     </span>
     <span class='ocr_line' id='line_1_148' title="bbox 1296 2267 2250 2316; baseline 0.01 -20"><span class='ocrx_word' id='word_1_876' title='bbox 1296 2270 1332 2296; x_wconf 91' lang='lat' dir='ltr'>te</span> <span class='ocrx_word' id='word_1_877' title='bbox 1349 2287 1359 2302; x_wconf 95' lang='lat'>,</span> <span class='ocrx_word' id='word_1_878' title='bbox 1391 2272 1506 2298; x_wconf 86' lang='lat' dir='ltr'>manet</span> <span class='ocrx_word' id='word_1_879' title='bbox 1525 2274 1644 2300; x_wconf 86' lang='lat' dir='ltr'>reatus</span> <span class='ocrx_word' id='word_1_880' title='bbox 1663 2277 1795 2310; x_wconf 82' lang='lat' dir='ltr'>poenae.</span> <span class='ocrx_word' id='word_1_881' title='bbox 1823 2267 1891 2302; x_wconf 89' lang='lat' dir='ltr'>Sed</span> <span class='ocrx_word' id='word_1_882' title='bbox 1923 2267 2113 2304; x_wconf 78' lang='lat' dir='ltr'>acerbitas</span> <span class='ocrx_word' id='word_1_883' title='bbox 2139 2281 2250 2316; x_wconf 78' lang='lat' dir='ltr'>poenae</span> 
     </span>
     <span class='ocr_line' id='line_1_149' title="bbox 1296 2310 2243 2367; baseline 0.016 -24"><span class='ocrx_word' id='word_1_884' title='bbox 1296 2310 1487 2356; x_wconf 83' lang='lat' dir='ltr'>respondet</span> <span class='ocrx_word' id='word_1_885' title='bbox 1503 2315 1672 2358; x_wconf 87' lang='lat' dir='ltr'>gravitati</span> <span class='ocrx_word' id='word_1_886' title='bbox 1697 2317 1834 2362; x_wconf 71' lang='lat' dir='ltr'>culpae.</span> <span class='ocrx_word' id='word_1_887' title='bbox 1861 2316 1986 2365; x_wconf 77' lang='lat' dir='ltr'>Culpa</span> <span class='ocrx_word' id='word_1_888' title='bbox 2015 2329 2134 2355; x_wconf 80' lang='lat' dir='ltr'>autem</span> <span class='ocrx_word' id='word_1_889' title='bbox 2160 2332 2243 2367; x_wconf 62' lang='lat' dir='ltr'>que</span> 
     </span>
     <span class='ocr_line' id='line_1_150' title="bbox 1299 2359 2241 2416; baseline 0.013 -20"><span class='ocrx_word' id='word_1_890' title='bbox 1299 2359 1347 2396; x_wconf 88' lang='lat' dir='ltr'>est</span> <span class='ocrx_word' id='word_1_891' title='bbox 1363 2360 1601 2408; x_wconf 74' lang='lat' dir='ltr'>irreparabilis</span> <span class='ocrx_word' id='word_1_892' title='bbox 1618 2390 1627 2405; x_wconf 83' lang='lat'><strong>,</strong></span> <span class='ocrx_word' id='word_1_893' title='bbox 1642 2364 1685 2400; x_wconf 87' lang='lat' dir='ltr'>de</span> <span class='ocrx_word' id='word_1_894' title='bbox 1703 2364 1735 2401; x_wconf 87' lang='lat' dir='ltr'>se</span> <span class='ocrx_word' id='word_1_895' title='bbox 1750 2365 1856 2402; x_wconf 83' lang='lat' dir='ltr'>habet</span> <span class='ocrx_word' id='word_1_896' title='bbox 1871 2378 1909 2403; x_wconf 90' lang='lat' dir='ltr'>ut</span> <span class='ocrx_word' id='word_1_897' title='bbox 1927 2378 2102 2416; x_wconf 84' lang='lat' dir='ltr'>perpetuo</span> <span class='ocrx_word' id='word_1_898' title='bbox 2118 2368 2241 2414; x_wconf 66' lang='grc' dir='ltr'>ἀυτεῖς</span> 
     </span>
     <span class='ocr_line' id='line_1_151' title="bbox 1299 2410 2243 2462; baseline 0.015 -18"><span class='ocrx_word' id='word_1_899' title='bbox 1299 2411 1332 2444; x_wconf 79' lang='grc'>8(</span> <span class='ocrx_word' id='word_1_900' title='bbox 1353 2410 1434 2446; x_wconf 87' lang='lat' dir='ltr'>ideo</span> <span class='ocrx_word' id='word_1_901' title='bbox 1446 2411 1598 2450; x_wconf 88' lang='lat' dir='ltr'>debetur</span> <span class='ocrx_word' id='word_1_902' title='bbox 1616 2414 1647 2450; x_wconf 86' lang='lat' dir='ltr'>ei</span> <span class='ocrx_word' id='word_1_903' title='bbox 1661 2427 1760 2462; x_wconf 87' lang='lat' dir='ltr'>poena</span> <span class='ocrx_word' id='word_1_904' title='bbox 1777 2427 1926 2454; x_wconf 82' lang='lat' dir='ltr'>aetetna:</span> <span class='ocrx_word' id='word_1_905' title='bbox 1954 2431 2024 2454; x_wconf 89' lang='lat' dir='ltr'>non</span> <span class='ocrx_word' id='word_1_906' title='bbox 2042 2430 2164 2456; x_wconf 79' lang='lat' dir='ltr'>autern</span> <span class='ocrx_word' id='word_1_907' title='bbox 2195 2434 2243 2458; x_wconf 79' lang='lat' dir='ltr'>ex</span> 
     </span>
     <span class='ocr_line' id='line_1_152' title="bbox 1298 2464 2234 2509; baseline 0.014 -15"><span class='ocrx_word' id='word_1_908' title='bbox 1298 2470 1398 2507; x_wconf 87' lang='lat' dir='ltr'>parte</span> <span class='ocrx_word' id='word_1_909' title='bbox 1414 2464 1657 2501; x_wconf 85' lang='lat' dir='ltr'>conversionis</span> <span class='ocrx_word' id='word_1_910' title='bbox 1683 2466 1790 2502; x_wconf 86' lang='lat' dir='ltr'>liabet</span> <span class='ocrx_word' id='word_1_911' title='bbox 1820 2467 2057 2509; x_wconf 82' lang='lat' dir='ltr'>infinitatem;</span> <span class='ocrx_word' id='word_1_912' title='bbox 2087 2471 2120 2505; x_wconf 87' lang='grc'>8(</span> <span class='ocrx_word' id='word_1_913' title='bbox 2153 2470 2234 2509; x_wconf 83' lang='lat' dir='ltr'>ideo</span> 
     </span>
     <span class='ocr_line' id='line_1_153' title="bbox 1296 2510 2241 2567; baseline 0.016 -23"><span class='ocrx_word' id='word_1_914' title='bbox 1296 2523 1368 2546; x_wconf 86' lang='lat' dir='ltr'>non</span> <span class='ocrx_word' id='word_1_915' title='bbox 1382 2510 1533 2550; x_wconf 91' lang='lat' dir='ltr'>debetur</span> <span class='ocrx_word' id='word_1_916' title='bbox 1548 2517 1578 2550; x_wconf 89' lang='lat' dir='ltr'>ei</span> <span class='ocrx_word' id='word_1_917' title='bbox 1600 2529 1645 2552; x_wconf 85' lang='lat' dir='ltr'>ex</span> <span class='ocrx_word' id='word_1_918' title='bbox 1670 2517 1735 2552; x_wconf 79' lang='lat' dir='ltr'>hac</span> <span class='ocrx_word' id='word_1_919' title='bbox 1747 2528 1843 2564; x_wconf 85' lang='lat' dir='ltr'>parte</span> <span class='ocrx_word' id='word_1_920' title='bbox 1862 2531 1949 2567; x_wconf 67' lang='lat' dir='ltr'>pena</span> <span class='ocrx_word' id='word_1_921' title='bbox 1961 2517 2100 2557; x_wconf 84' lang='lat' dir='ltr'>infinita</span> <span class='ocrx_word' id='word_1_922' title='bbox 2117 2519 2241 2559; x_wconf 89' lang='lat' dir='ltr'>secun-</span> 
     </span>
     <span class='ocr_line' id='line_1_154' title="bbox 1297 2561 1656 2608; baseline 0.022 -12"><span class='ocrx_word' id='word_1_923' title='bbox 1297 2561 1379 2597; x_wconf 92' lang='lat' dir='ltr'>dum</span> <span class='ocrx_word' id='word_1_924' title='bbox 1397 2565 1630 2608; x_wconf 86' lang='lat' dir='ltr'>quantitatem</span> <span class='ocrx_word' id='word_1_925' title='bbox 1648 2593 1656 2603; x_wconf 89' lang='lat'><strong>.</strong></span> 
     </span>
    </p>

    <p class='ocr_par' dir='ltr' id='par_1_26' title="bbox 1293 2616 2241 3372">
     <span class='ocr_line' id='line_1_155' title="bbox 1399 2616 2240 2667; baseline 0.013 -18"><span class='ocrx_word' id='word_1_926' title='bbox 1399 2617 1493 2662; x_wconf 84' lang='lat' dir='ltr'>Qae</span> <span class='ocrx_word' id='word_1_927' title='bbox 1518 2616 1732 2663; x_wconf 84' lang='lat' dir='ltr'>responsiosi</span> <span class='ocrx_word' id='word_1_928' title='bbox 1757 2620 1979 2667; x_wconf 80' lang='lat' dir='ltr'>intelligatur</span> <span class='ocrx_word' id='word_1_929' title='bbox 2003 2619 2112 2667; x_wconf 84' lang='lat' dir='ltr'>juxta</span> <span class='ocrx_word' id='word_1_930' title='bbox 2145 2620 2240 2660; x_wconf 57' lang='lat' dir='ltr'>dista</span> 
     </span>
     <span class='ocr_line' id='line_1_156' title="bbox 1296 2667 2240 2716; baseline 0.008 -16"><span class='ocrx_word' id='word_1_931' title='bbox 1296 2673 1371 2701; x_wconf 81' lang='lat' dir='ltr'>art.</span> <span class='ocrx_word' id='word_1_932' title='bbox 1384 2670 1496 2711; x_wconf 73' lang='lat' dir='ltr'>primo</span> <span class='ocrx_word' id='word_1_933' title='bbox 1511 2667 1553 2705; x_wconf 58' lang='grc' dir='ltr'>(ς’</span> <span class='ocrx_word' id='word_1_934' title='bbox 1565 2667 1785 2716; x_wconf 65' lang='lat' dir='ltr'>pra-cedente</span> <span class='ocrx_word' id='word_1_935' title='bbox 1800 2697 1810 2712; x_wconf 88' lang='lat'><em>‚</em></span> <span class='ocrx_word' id='word_1_936' title='bbox 1822 2671 1868 2707; x_wconf 82' lang='lat' dir='ltr'>est</span> <span class='ocrx_word' id='word_1_937' title='bbox 1882 2672 2107 2708; x_wconf 88' lang='lat' dir='ltr'>concedenda</span> <span class='ocrx_word' id='word_1_938' title='bbox 2119 2698 2127 2707; x_wconf 87' lang='lat'><strong>.</strong></span> <span class='ocrx_word' id='word_1_939' title='bbox 2143 2669 2240 2708; x_wconf 80' lang='lat' dir='ltr'>Nam</span> 
     </span>
     <span class='ocr_line' id='line_1_157' title="bbox 1300 2717 2237 2769; baseline 0.009 -18"><span class='ocrx_word' id='word_1_940' title='bbox 1300 2727 1420 2751; x_wconf 85' lang='lat' dir='ltr'>revera</span> <span class='ocrx_word' id='word_1_941' title='bbox 1436 2724 1576 2753; x_wconf 80' lang='lat' dir='ltr'>tantum</span> <span class='ocrx_word' id='word_1_942' title='bbox 1594 2717 1637 2756; x_wconf 64' lang='grc' dir='ltr'>ὠ·</span> <span class='ocrx_word' id='word_1_943' title='bbox 1651 2730 1825 2768; x_wconf 77' lang='lat' dir='ltr'>quantum</span> <span class='ocrx_word' id='word_1_944' title='bbox 1843 2722 1901 2758; x_wconf 84' lang='lat' dir='ltr'>hie</span> <span class='ocrx_word' id='word_1_945' title='bbox 1929 2733 2000 2757; x_wconf 91' lang='lat' dir='ltr'>non</span> <span class='ocrx_word' id='word_1_946' title='bbox 2024 2723 2237 2769; x_wconf 82' lang='lat' dir='ltr'>exprimunt</span> 
     </span>
     <span class='ocr_line' id='line_1_158' title="bbox 1299 2767 2240 2820; baseline 0.01 -19"><span class='ocrx_word' id='word_1_947' title='bbox 1299 2767 1538 2812; x_wconf 71' lang='lat' dir='ltr'>:equalitatem</span> <span class='ocrx_word' id='word_1_948' title='bbox 1557 2771 1770 2816; x_wconf 88' lang='lat' dir='ltr'>quantitatis</span> <span class='ocrx_word' id='word_1_949' title='bbox 1788 2798 1798 2813; x_wconf 87' lang='lat'><em>,</em></span> <span class='ocrx_word' id='word_1_950' title='bbox 1815 2771 1869 2808; x_wconf 85' lang='lat' dir='ltr'>sed</span> <span class='ocrx_word' id='word_1_951' title='bbox 1882 2774 2128 2820; x_wconf 81' lang='lat' dir='ltr'>proportionis</span> <span class='ocrx_word' id='word_1_952' title='bbox 2145 2799 2155 2814; x_wconf 87' lang='lat'><strong>,</strong></span> <span class='ocrx_word' id='word_1_953' title='bbox 2170 2773 2240 2811; x_wconf 83' lang='lat' dir='ltr'>hoc</span> 
     </span>
     <span class='ocr_line' id='line_1_159' title="bbox 1297 2817 2237 2870; baseline 0.01 -19"><span class='ocrx_word' id='word_1_954' title='bbox 1297 2817 1344 2852; x_wconf 83' lang='lat' dir='ltr'>cst</span> <span class='ocrx_word' id='word_1_955' title='bbox 1362 2843 1372 2857; x_wconf 95' lang='lat'><em>,</em></span> <span class='ocrx_word' id='word_1_956' title='bbox 1399 2818 1461 2864; x_wconf 90' lang='lat' dir='ltr'>qui</span> <span class='ocrx_word' id='word_1_957' title='bbox 1478 2818 1557 2863; x_wconf 85' lang='lat' dir='ltr'>plus</span> <span class='ocrx_word' id='word_1_958' title='bbox 1573 2821 1773 2857; x_wconf 76' lang='lat' dir='ltr'>inordinate</span> <span class='ocrx_word' id='word_1_959' title='bbox 1791 2822 1822 2857; x_wconf 85' lang='lat' dir='ltr'>se</span> <span class='ocrx_word' id='word_1_960' title='bbox 1836 2823 1933 2868; x_wconf 80' lang='lat' dir='ltr'>geffit</span> <span class='ocrx_word' id='word_1_961' title='bbox 1959 2849 1969 2863; x_wconf 89' lang='lat'>‚</span> <span class='ocrx_word' id='word_1_962' title='bbox 1995 2835 2106 2870; x_wconf 90' lang='lat' dir='ltr'>quam</span> <span class='ocrx_word' id='word_1_963' title='bbox 2129 2825 2237 2868; x_wconf 80' lang='lat' dir='ltr'>alius,</span> 
     </span>
     <span class='ocr_line' id='line_1_160' title="bbox 1297 2865 2239 2921; baseline 0.011 -20"><span class='ocrx_word' id='word_1_964' title='bbox 1297 2867 1354 2902; x_wconf 88' lang='lat' dir='ltr'>ille</span> <span class='ocrx_word' id='word_1_965' title='bbox 1369 2865 1560 2905; x_wconf 85' lang='lat' dir='ltr'>secundum</span> <span class='ocrx_word' id='word_1_966' title='bbox 1575 2870 1717 2907; x_wconf 78' lang='lat' dir='ltr'>fimilem</span> <span class='ocrx_word' id='word_1_967' title='bbox 1738 2874 2007 2919; x_wconf 83' lang='lat' dir='ltr'>proportionem</span> <span class='ocrx_word' id='word_1_968' title='bbox 2027 2900 2037 2915; x_wconf 91' lang='lat'>‚</span> <span class='ocrx_word' id='word_1_969' title='bbox 2062 2875 2141 2921; x_wconf 87' lang='lat' dir='ltr'>plus</span> <span class='ocrx_word' id='word_1_970' title='bbox 2167 2877 2239 2911; x_wconf 84' lang='lat' dir='ltr'>alio</span> 
     </span>
     <span class='ocr_line' id='line_1_161' title="bbox 1299 2919 2238 2971; baseline 0.012 -20"><span class='ocrx_word' id='word_1_971' title='bbox 1299 2919 1467 2964; x_wconf 87' lang='lat' dir='ltr'>punietur</span> <span class='ocrx_word' id='word_1_972' title='bbox 1480 2944 1489 2953; x_wconf 85' lang='lat'><em>.</em></span> <span class='ocrx_word' id='word_1_973' title='bbox 1513 2920 1727 2966; x_wconf 80' lang='lat' dir='ltr'>Caeterum(</span> <span class='ocrx_word' id='word_1_974' title='bbox 1746 2934 1782 2958; x_wconf 92' lang='lat' dir='ltr'>ut</span> <span class='ocrx_word' id='word_1_975' title='bbox 1799 2923 1932 2963; x_wconf 62' lang='lat' dir='ltr'>distum</span> <span class='ocrx_word' id='word_1_976' title='bbox 1959 2923 2007 2959; x_wconf 84' lang='lat' dir='ltr'>est</span> <span class='ocrx_word' id='word_1_977' title='bbox 2023 2926 2119 2971; x_wconf 83' lang='lat' dir='ltr'>prius</span> <span class='ocrx_word' id='word_1_978' title='bbox 2136 2927 2238 2971; x_wconf 62' lang='lat' dir='ltr'>›cuh</span> 
     </span>
     <span class='ocr_line' id='line_1_162' title="bbox 1296 2967 2241 3021; baseline 0.011 -20"><span class='ocrx_word' id='word_1_979' title='bbox 1296 2979 1347 3013; x_wconf 81' lang='lat' dir='ltr'>pae</span> <span class='ocrx_word' id='word_1_980' title='bbox 1360 2967 1614 3016; x_wconf 84' lang='lat' dir='ltr'>correspondet</span> <span class='ocrx_word' id='word_1_981' title='bbox 1629 2983 1715 3017; x_wconf 72' lang='lat' dir='ltr'>pena</span> <span class='ocrx_word' id='word_1_982' title='bbox 1732 2972 1923 3009; x_wconf 88' lang='lat' dir='ltr'>secundum</span> <span class='ocrx_word' id='word_1_983' title='bbox 1939 2974 2151 3011; x_wconf 81' lang='lat' dir='ltr'>intensionm</span> <span class='ocrx_word' id='word_1_984' title='bbox 2178 2975 2241 3021; x_wconf 85' lang='lat' dir='ltr'>jn·</span> 
     </span>
     <span class='ocr_line' id='line_1_163' title="bbox 1296 3017 2237 3073; baseline 0.012 -22"><span class='ocrx_word' id='word_1_985' title='bbox 1296 3028 1354 3072; x_wconf 72' lang='lat'><em>.¹‘³</em></span> <span class='ocrx_word' id='word_1_986' title='bbox 1373 3017 1542 3064; x_wconf 66' lang='lat' dir='ltr'>justitiam</span> <span class='ocrx_word' id='word_1_987' title='bbox 1561 3021 1827 3059; x_wconf 72' lang='lat' dir='ltr'>distributivam</span> <span class='ocrx_word' id='word_1_988' title='bbox 1845 3050 1854 3059; x_wconf 82' lang='lat'><strong>.</strong></span> <span class='ocrx_word' id='word_1_989' title='bbox 1877 3028 2004 3073; x_wconf 79' lang='lat' dir='ltr'>Qre</span> <span class='ocrx_word' id='word_1_990' title='bbox 2017 3026 2106 3059; x_wconf 86' lang='lat' dir='ltr'>citra</span> <span class='ocrx_word' id='word_1_991' title='bbox 2124 3027 2237 3062; x_wconf 88' lang='lat' dir='ltr'>ullum</span> 
     </span>
     <span class='ocr_line' id='line_1_164' title="bbox 1295 3071 2240 3121; baseline 0.008 -19"><span class='ocrx_word' id='word_1_992' title='bbox 1295 3071 1549 3107; x_wconf 76' lang='lat' dir='ltr'>inconveniens</span> <span class='ocrx_word' id='word_1_993' title='bbox 1581 3074 1678 3109; x_wconf 88' lang='lat' dir='ltr'>Deus</span> <span class='ocrx_word' id='word_1_994' title='bbox 1706 3072 1815 3121; x_wconf 75' lang='lat' dir='ltr'>posset</span> <span class='ocrx_word' id='word_1_995' title='bbox 1842 3075 2002 3119; x_wconf 80' lang='lat' dir='ltr'>infligere</span> <span class='ocrx_word' id='word_1_996' title='bbox 2031 3085 2155 3120; x_wconf 63' lang='lat' dir='ltr'>penam</span> <span class='ocrx_word' id='word_1_997' title='bbox 2173 3077 2240 3110; x_wconf 88' lang='lat' dir='ltr'>ali-</span> 
     </span>
     <span class='ocr_line' id='line_1_165' title="bbox 1295 3121 2239 3170; baseline 0.01 -18"><span class='ocrx_word' id='word_1_998' title='bbox 1295 3131 1402 3164; x_wconf 72' lang='lat' dir='ltr'>quam</span> <span class='ocrx_word' id='word_1_999' title='bbox 1419 3146 1429 3161; x_wconf 91' lang='lat'>,</span> <span class='ocrx_word' id='word_1_1000' title='bbox 1458 3131 1539 3168; x_wconf 81' lang='lat' dir='ltr'>quae</span> <span class='ocrx_word' id='word_1_1001' title='bbox 1552 3121 1612 3157; x_wconf 83' lang='lat' dir='ltr'>etsi</span> <span class='ocrx_word' id='word_1_1002' title='bbox 1631 3136 1690 3170; x_wconf 89' lang='lat' dir='ltr'>per</span> <span class='ocrx_word' id='word_1_1003' title='bbox 1720 3135 1938 3160; x_wconf 83' lang='lat' dir='ltr'>momentum</span> <span class='ocrx_word' id='word_1_1004' title='bbox 1957 3124 2128 3165; x_wconf 83' lang='lat' dir='ltr'>duraret,</span> <span class='ocrx_word' id='word_1_1005' title='bbox 2158 3125 2239 3161; x_wconf 85' lang='lat' dir='ltr'>satis</span> 
     </span>
     <span class='ocr_line' id='line_1_166' title="bbox 1295 3167 2239 3217; baseline 0.007 -14"><span class='ocrx_word' id='word_1_1006' title='bbox 1295 3167 1516 3206; x_wconf 78' lang='lat' dir='ltr'>effetultioni</span> <span class='ocrx_word' id='word_1_1007' title='bbox 1538 3175 1674 3217; x_wconf 81' lang='lat' dir='ltr'>peccati</span> <span class='ocrx_word' id='word_1_1008' title='bbox 1695 3175 1880 3210; x_wconf 89' lang='lat' dir='ltr'>mortalis:</span> <span class='ocrx_word' id='word_1_1009' title='bbox 1910 3185 1974 3209; x_wconf 88' lang='lat' dir='ltr'>nec</span> <span class='ocrx_word' id='word_1_1010' title='bbox 1989 3173 2078 3212; x_wconf 90' lang='lat' dir='ltr'>forte</span> <span class='ocrx_word' id='word_1_1011' title='bbox 2095 3175 2239 3211; x_wconf 86' lang='lat' dir='ltr'>duratio</span> 
     </span>
     <span class='ocr_line' id='line_1_167' title="bbox 1293 3219 2238 3272; baseline 0.007 -17"><span class='ocrx_word' id='word_1_1012' title='bbox 1293 3231 1390 3266; x_wconf 70' lang='lat' dir='ltr'>pente</span> <span class='ocrx_word' id='word_1_1013' title='bbox 1407 3219 1500 3256; x_wconf 90' lang='lat' dir='ltr'>cadit</span> <span class='ocrx_word' id='word_1_1014' title='bbox 1517 3220 1579 3257; x_wconf 90' lang='lat' dir='ltr'>sub</span> <span class='ocrx_word' id='word_1_1015' title='bbox 1597 3221 1800 3266; x_wconf 79' lang='lat' dir='ltr'>demerit03</span> <span class='ocrx_word' id='word_1_1016' title='bbox 1832 3224 1888 3260; x_wconf 88' lang='lat' dir='ltr'>sed</span> <span class='ocrx_word' id='word_1_1017' title='bbox 1913 3226 2000 3270; x_wconf 79' lang='lat' dir='ltr'>quia</span> <span class='ocrx_word' id='word_1_1018' title='bbox 2028 3224 2238 3272; x_wconf 65' lang='lat' dir='ltr'>subjeetum</span> 
     </span>
     <span class='ocr_line' id='line_1_168' title="bbox 1299 3268 2240 3322; baseline 0.007 -18"><span class='ocrx_word' id='word_1_1019' title='bbox 1299 3280 1416 3305; x_wconf 85' lang='lat' dir='ltr'>manet</span> <span class='ocrx_word' id='word_1_1020' title='bbox 1437 3268 1570 3318; x_wconf 88' lang='lat' dir='ltr'>semper</span> <span class='ocrx_word' id='word_1_1021' title='bbox 1583 3269 1648 3310; x_wconf 87' lang='lat' dir='ltr'>sub</span> <span class='ocrx_word' id='word_1_1022' title='bbox 1662 3274 1769 3319; x_wconf 81' lang='lat' dir='ltr'>culpa</span> <span class='ocrx_word' id='word_1_1023' title='bbox 1788 3301 1798 3315; x_wconf 86' lang='lat'><strong>‚</strong></span> <span class='ocrx_word' id='word_1_1024' title='bbox 1812 3275 1920 3322; x_wconf 85' lang='lat' dir='ltr'>idque</span> <span class='ocrx_word' id='word_1_1025' title='bbox 1934 3287 1980 3311; x_wconf 84' lang='lat' dir='ltr'>ex</span> <span class='ocrx_word' id='word_1_1026' title='bbox 2006 3275 2128 3311; x_wconf 74' lang='lat' dir='ltr'>divina</span> <span class='ocrx_word' id='word_1_1027' title='bbox 2142 3276 2240 3312; x_wconf 85' lang='lat' dir='ltr'>ordi-</span> 
     </span>
     <span class='ocr_line' id='line_1_169' title="bbox 1298 3321 2240 3372; baseline 0.008 -17"><span class='ocrx_word' id='word_1_1028' title='bbox 1298 3321 1441 3356; x_wconf 85' lang='lat' dir='ltr'>natione</span> <span class='ocrx_word' id='word_1_1029' title='bbox 1459 3321 1515 3357; x_wconf 88' lang='lat' dir='ltr'>illa</span> <span class='ocrx_word' id='word_1_1030' title='bbox 1530 3347 1543 3364; x_wconf 87' lang='lat'><em>,</em></span> <span class='ocrx_word' id='word_1_1031' title='bbox 1557 3324 1620 3360; x_wconf 82' lang='lat' dir='ltr'>ubi</span> <span class='ocrx_word' id='word_1_1032' title='bbox 1634 3324 1812 3361; x_wconf 63' lang='lat' dir='ltr'>ceciderit</span> <span class='ocrx_word' id='word_1_1033' title='bbox 1827 3325 1964 3372; x_wconf 66' lang='lat' dir='ltr'>lignum</span> <span class='ocrx_word' id='word_1_1034' title='bbox 1980 3328 2033 3365; x_wconf 75' lang='lat' dir='ltr'>ibn·</span> <span class='ocrx_word' id='word_1_1035' title='bbox 2049 3330 2118 3363; x_wconf 77' lang='lat' dir='ltr'>erit</span> <span class='ocrx_word' id='word_1_1036' title='bbox 2132 3353 2141 3363; x_wconf 90' lang='lat'>.</span> <span class='ocrx_word' id='word_1_1037' title='bbox 2173 3328 2240 3363; x_wconf 80' lang='lat' dir='ltr'>Ec·</span> 
     </span>
    </p>

    <p class='ocr_par' dir='ltr' id='par_1_27' title="bbox 1292 3369 1440 3407">
     <span class='ocr_line' id='line_1_170' title="bbox 1292 3369 1440 3407; baseline -0.014 -1"><span class='ocrx_word' id='word_1_1038' title='bbox 1292 3369 1374 3407; x_wconf 89' lang='lat' dir='ltr'>cles.</span> <span class='ocrx_word' id='word_1_1039' title='bbox 1389 3373 1440 3407; x_wconf 81' lang='lat' dir='ltr'>xi.</span> 
     </span>
    </p>

    <p class='ocr_par' dir='ltr' id='par_1_28' title="bbox 1295 3423 2245 3771">
     <span class='ocr_line' id='line_1_171' title="bbox 1393 3423 2241 3474; baseline 0.007 -18"><span class='ocrx_word' id='word_1_1040' title='bbox 1393 3424 1632 3472; x_wconf 69' lang='lat' dir='ltr'>Quapropter</span> <span class='ocrx_word' id='word_1_1041' title='bbox 1644 3423 1687 3460; x_wconf 84' lang='lat' dir='ltr'>ad</span> <span class='ocrx_word' id='word_1_1042' title='bbox 1703 3436 1956 3471; x_wconf 86' lang='lat' dir='ltr'>argumentum</span> <span class='ocrx_word' id='word_1_1043' title='bbox 1974 3426 2241 3474; x_wconf 83' lang='lat' dir='ltr'>respondentes,</span> 
     </span>
     <span class='ocr_line' id='line_1_172' title="bbox 1295 3470 2241 3522; baseline 0.008 -17"><span class='ocrx_word' id='word_1_1044' title='bbox 1295 3470 1451 3507; x_wconf 89' lang='lat' dir='ltr'>dicimus</span> <span class='ocrx_word' id='word_1_1045' title='bbox 1470 3499 1478 3514; x_wconf 91' lang='lat'>‚</span> <span class='ocrx_word' id='word_1_1046' title='bbox 1495 3485 1621 3520; x_wconf 65' lang='lat' dir='ltr'>penam</span> <span class='ocrx_word' id='word_1_1047' title='bbox 1638 3475 1768 3522; x_wconf 85' lang='lat' dir='ltr'>utique</span> <span class='ocrx_word' id='word_1_1048' title='bbox 1786 3476 1853 3513; x_wconf 84' lang='lat' dir='ltr'>esse</span> <span class='ocrx_word' id='word_1_1049' title='bbox 1865 3478 2048 3514; x_wconf 81' lang='lat' dir='ltr'>extensive</span> <span class='ocrx_word' id='word_1_1050' title='bbox 2067 3476 2241 3513; x_wconf 82' lang='lat' dir='ltr'>infinitam</span> 
     </span>
     <span class='ocr_line' id='line_1_173' title="bbox 1296 3523 2243 3573; baseline 0.008 -19"><span class='ocrx_word' id='word_1_1051' title='bbox 1296 3532 1339 3554; x_wconf 84' lang='lat' dir='ltr'>eit</span> <span class='ocrx_word' id='word_1_1052' title='bbox 1352 3523 1472 3558; x_wconf 86' lang='lat' dir='ltr'>divina</span> <span class='ocrx_word' id='word_1_1053' title='bbox 1497 3524 1724 3561; x_wconf 88' lang='lat' dir='ltr'>ordinatione</span> <span class='ocrx_word' id='word_1_1054' title='bbox 1740 3553 1751 3569; x_wconf 95' lang='lat'>,</span> <span class='ocrx_word' id='word_1_1055' title='bbox 1776 3540 1848 3573; x_wconf 85' lang='lat' dir='ltr'>qua</span> <span class='ocrx_word' id='word_1_1056' title='bbox 1874 3526 1998 3564; x_wconf 86' lang='lat' dir='ltr'>statuti</span> <span class='ocrx_word' id='word_1_1057' title='bbox 2013 3541 2045 3564; x_wconf 89' lang='lat' dir='ltr'>m</span> <span class='ocrx_word' id='word_1_1058' title='bbox 2076 3527 2147 3568; x_wconf 87' lang='lat' dir='ltr'>est,</span> <span class='ocrx_word' id='word_1_1059' title='bbox 2168 3529 2243 3563; x_wconf 86' lang='lat' dir='ltr'>ani·</span> 
     </span>
     <span class='ocr_line' id='line_1_174' title="bbox 1299 3575 2241 3620; baseline 0.011 -15"><span class='ocrx_word' id='word_1_1060' title='bbox 1299 3583 1392 3607; x_wconf 85' lang='lat' dir='ltr'>mam</span> <span class='ocrx_word' id='word_1_1061' title='bbox 1427 3585 1611 3620; x_wconf 86' lang='lat' dir='ltr'>nunquam</span> <span class='ocrx_word' id='word_1_1062' title='bbox 1655 3575 1731 3611; x_wconf 87' lang='lat' dir='ltr'>fore</span> <span class='ocrx_word' id='word_1_1063' title='bbox 1771 3577 2059 3619; x_wconf 84' lang='lat' dir='ltr'>annihilandam;</span> <span class='ocrx_word' id='word_1_1064' title='bbox 2085 3590 2148 3613; x_wconf 81' lang='lat' dir='ltr'>nec</span> <span class='ocrx_word' id='word_1_1065' title='bbox 2185 3578 2241 3615; x_wconf 89' lang='lat' dir='ltr'>su-</span> 
     </span>
     <span class='ocr_line' id='line_1_175' title="bbox 1301 3622 2240 3673; baseline 0.009 -16"><span class='ocrx_word' id='word_1_1066' title='bbox 1301 3622 1512 3659; x_wconf 82' lang='lat' dir='ltr'>blevandam</span> <span class='ocrx_word' id='word_1_1067' title='bbox 1539 3637 1600 3672; x_wconf 86' lang='lat' dir='ltr'>pet</span> <span class='ocrx_word' id='word_1_1068' title='bbox 1641 3627 1948 3668; x_wconf 77' lang='lat' dir='ltr'>misericordiam3</span> <span class='ocrx_word' id='word_1_1069' title='bbox 1976 3642 2020 3665; x_wconf 80' lang='lat' dir='ltr'>ex</span> <span class='ocrx_word' id='word_1_1070' title='bbox 2046 3640 2121 3673; x_wconf 85' lang='lat' dir='ltr'>quo</span> <span class='ocrx_word' id='word_1_1071' title='bbox 2145 3631 2240 3665; x_wconf 89' lang='lat' dir='ltr'>enim</span> 
     </span>
     <span class='ocr_line' id='line_1_176' title="bbox 1301 3674 2243 3725; baseline 0.008 -17"><span class='ocrx_word' id='word_1_1072' title='bbox 1301 3674 1515 3719; x_wconf 86' lang='lat' dir='ltr'>contempsit</span> <span class='ocrx_word' id='word_1_1073' title='bbox 1531 3675 1593 3710; x_wconf 84' lang='lat' dir='ltr'>libi</span> <span class='ocrx_word' id='word_1_1074' title='bbox 1624 3676 1667 3710; x_wconf 89' lang='lat' dir='ltr'>ad</span> <span class='ocrx_word' id='word_1_1075' title='bbox 1694 3678 1924 3723; x_wconf 70' lang='lat' dir='ltr'>penitentium</span> <span class='ocrx_word' id='word_1_1076' title='bbox 1950 3678 2131 3725; x_wconf 72' lang='lat' dir='ltr'>praefixum</span> <span class='ocrx_word' id='word_1_1077' title='bbox 2158 3691 2243 3716; x_wconf 72' lang='lat' dir='ltr'>ttm.</span> 
     </span>
     <span class='ocr_line' id='line_1_177' title="bbox 1305 3722 2245 3771; baseline 0.007 -13"><span class='ocrx_word' id='word_1_1078' title='bbox 1305 3734 1371 3771; x_wconf 84' lang='lat' dir='ltr'>piis</span> <span class='ocrx_word' id='word_1_1079' title='bbox 1384 3749 1395 3765; x_wconf 88' lang='lat'>,</span> <span class='ocrx_word' id='word_1_1080' title='bbox 1424 3722 1516 3768; x_wconf 79' lang='lat' dir='ltr'>juste</span> <span class='ocrx_word' id='word_1_1081' title='bbox 1548 3724 1614 3761; x_wconf 77' lang='lat' dir='ltr'>suae</span> <span class='ocrx_word' id='word_1_1082' title='bbox 1632 3726 1781 3762; x_wconf 71' lang='lat' dir='ltr'>miseri-1:</span> <span class='ocrx_word' id='word_1_1083' title='bbox 1808 3729 1977 3765; x_wconf 65' lang='lat' dir='ltr'>derelieta</span> <span class='ocrx_word' id='word_1_1084' title='bbox 2006 3729 2053 3764; x_wconf 85' lang='lat' dir='ltr'>cst</span> <span class='ocrx_word' id='word_1_1085' title='bbox 2082 3731 2245 3765; x_wconf 72' lang='lat' dir='ltr'>involuta</span> 
     </span>
    </p>

    <p class='ocr_par' dir='ltr' id='par_1_29' title="bbox 1732 3778 2229 3818">
     <span class='ocr_line' id='line_1_178' title="bbox 1732 3778 2229 3818; baseline 0.01 -5"><span class='ocrx_word' id='word_1_1086' title='bbox 1732 3778 1764 3814; x_wconf 80' lang='lat' dir='ltr'>R</span> <span class='ocrx_word' id='word_1_1087' title='bbox 1793 3789 1809 3813; x_wconf 83' lang='lat' dir='ltr'>r</span> <span class='ocrx_word' id='word_1_1088' title='bbox 2107 3794 2229 3818; x_wconf 77' lang='lat' dir='ltr'>macu-</span> 
     </span>
    </p>
   </div>
   <div class='ocr_carea' id='block_1_17' title="bbox 2286 1383 2488 1609">
    <p class='ocr_par' dir='ltr' id='par_1_30' title="bbox 2286 1383 2488 1609">
     <span class='ocr_line' id='line_1_179' title="bbox 2336 1383 2487 1416; baseline 0.013 -2"><span class='ocrx_word' id='word_1_1089' title='bbox 2336 1383 2487 1416; x_wconf 78' lang='lat' dir='ltr'>Peccatum</span> 
     </span>
     <span class='ocr_line' id='line_1_180' title="bbox 2289 1425 2484 1461; baseline 0.015 -10"><span class='ocrx_word' id='word_1_1090' title='bbox 2289 1425 2400 1461; x_wconf 64' lang='lat' dir='ltr'>praecise</span> <span class='ocrx_word' id='word_1_1091' title='bbox 2418 1427 2484 1454; x_wconf 82' lang='lat' dir='ltr'>dici-</span> 
     </span>
     <span class='ocr_line' id='line_1_181' title="bbox 2289 1463 2486 1493; baseline 0.015 -4"><span class='ocrx_word' id='word_1_1092' title='bbox 2289 1470 2334 1490; x_wconf 80' lang='lat' dir='ltr'>tur</span> <span class='ocrx_word' id='word_1_1093' title='bbox 2352 1463 2486 1493; x_wconf 75' lang='lat' dir='ltr'>infinitum</span> 
     </span>
     <span class='ocr_line' id='line_1_182' title="bbox 2290 1503 2488 1538; baseline 0.01 -9"><span class='ocrx_word' id='word_1_1094' title='bbox 2290 1503 2357 1538; x_wconf 85' lang='lat' dir='ltr'>quia</span> <span class='ocrx_word' id='word_1_1095' title='bbox 2385 1505 2488 1532; x_wconf 84' lang='lat' dir='ltr'>avertit</span> 
     </span>
     <span class='ocr_line' id='line_1_183' title="bbox 2289 1539 2486 1571; baseline 0.025 -4"><span class='ocrx_word' id='word_1_1096' title='bbox 2289 1547 2303 1565; x_wconf 71' lang='lat' dir='ltr'>a</span> <span class='ocrx_word' id='word_1_1097' title='bbox 2326 1539 2403 1570; x_wconf 80' lang='lat' dir='ltr'>bono</span> <span class='ocrx_word' id='word_1_1098' title='bbox 2424 1543 2486 1571; x_wconf 78' lang='lat' dir='ltr'>infi-</span> 
     </span>
     <span class='ocr_line' id='line_1_184' title="bbox 2286 1580 2370 1609; baseline 0.024 -2"><span class='ocrx_word' id='word_1_1099' title='bbox 2286 1580 2348 1609; x_wconf 82' lang='lat' dir='ltr'>nito</span> <span class='ocrx_word' id='word_1_1100' title='bbox 2360 1596 2370 1605; x_wconf 88' lang='lat'><strong>·</strong></span> 
     </span>
    </p>
   </div>
  </div>
 </body>
</html>
