<?xml version="1.0" encoding="UTF-8"?>
<!DOCTYPE html PUBLIC "-//W3C//DTD XHTML 1.0 Transitional//EN"
    "http://www.w3.org/TR/xhtml1/DTD/xhtml1-transitional.dtd">
<html xmlns="http://www.w3.org/1999/xhtml" xml:lang="en" lang="en">
 <head>
  <title>
</title>
<meta http-equiv="Content-Type" content="text/html;charset=utf-8" />
  <meta name='ocr-system' content='tesseract 3.04.00' />
  <meta name='ocr-capabilities' content='ocr_page ocr_carea ocr_par ocr_line ocrx_word'/>
</head>
<body>
  <div class='ocr_page' id='page_1' title='image "./joannisdunsscoti03duns_0089.png"; bbox 0 0 2598 4012; ppageno 0'>
   <div class='ocr_carea' id='block_1_1' title="bbox 8 567 209 757">
    <p class='ocr_par' dir='ltr' id='par_1_1' title="bbox 8 567 209 676">
     <span class='ocr_line' id='line_1_1' title="bbox 8 567 206 606; baseline 0.02 -7"><span class='ocrx_word' id='word_1_1' title='bbox 8 569 36 600; x_wconf 61' lang='lat'>¹⁵·</span> <span class='ocrx_word' id='word_1_2' title='bbox 44 567 206 606; x_wconf 64' lang='lat' dir='ltr'>d·⁴2⁸q·¹4&#39;</span> 
     </span>
     <span class='ocr_line' id='line_1_2' title="bbox 8 615 97 636; baseline 0 0"><span class='ocrx_word' id='word_1_3' title='bbox 8 615 36 636; x_wconf 61' lang='grc' dir='ltr'>3ο</span> <span class='ocrx_word' id='word_1_4' title='bbox 51 616 97 636; x_wconf 71' lang='lat'>12·</span> 
     </span>
     <span class='ocr_line' id='line_1_3' title="bbox 8 640 209 676; baseline 0.015 -9"><span class='ocrx_word' id='word_1_5' title='bbox 8 640 209 676; x_wconf 60' lang='grc' dir='ltr'>ἰὀῃῙζιῙεῐιᾶιιςο</span> 
     </span>
    </p>

    <p class='ocr_par' dir='ltr' id='par_1_2' title="bbox 8 680 208 757">
     <span class='ocr_line' id='line_1_4' title="bbox 40 680 208 722; baseline 0.03 -11"><span class='ocrx_word' id='word_1_6' title='bbox 40 684 140 722; x_wconf 80' lang='lat' dir='ltr'>agister</span> <span class='ocrx_word' id='word_1_7' title='bbox 147 680 208 720; x_wconf 68' lang='lat' dir='ltr'>Ly·</span> 
     </span>
     <span class='ocr_line' id='line_1_5' title="bbox 8 731 127 757; baseline 0.034 -4"><span class='ocrx_word' id='word_1_8' title='bbox 8 746 17 753; x_wconf 88' lang='lat'><strong><em>.</em></strong></span> <span class='ocrx_word' id='word_1_9' title='bbox 39 731 99 756; x_wconf 64' lang='lat' dir='ltr'>ew</span> <span class='ocrx_word' id='word_1_10' title='bbox 116 740 127 757; x_wconf 76' lang='grc' dir='ltr'>ι</span> 
     </span>
    </p>
   </div>
   <div class='ocr_carea' id='block_1_2' title="bbox 6 1518 201 1631">
    <p class='ocr_par' dir='ltr' id='par_1_3' title="bbox 6 1518 201 1631">
     <span class='ocr_line' id='line_1_6' title="bbox 9 1518 199 1566; baseline 0.026 -18"><span class='ocrx_word' id='word_1_11' title='bbox 9 1527 35 1548; x_wconf 76' lang='lat'>1·</span> <span class='ocrx_word' id='word_1_12' title='bbox 45 1518 114 1566; x_wconf 70' lang='lat' dir='ltr'>d⁰‚3⁰</span> <span class='ocrx_word' id='word_1_13' title='bbox 129 1528 158 1562; x_wconf 66' lang='lat' dir='ltr'>q·</span> <span class='ocrx_word' id='word_1_14' title='bbox 169 1531 199 1559; x_wconf 68' lang='lat'>⁷·</span> 
     </span>
     <span class='ocr_line' id='line_1_7' title="bbox 6 1558 201 1601; baseline 0.026 -18"><span class='ocrx_word' id='word_1_15' title='bbox 6 1558 66 1590; x_wconf 61' lang='lat' dir='ltr'>§.In</span> <span class='ocrx_word' id='word_1_16' title='bbox 72 1560 123 1596; x_wconf 67' lang='lat' dir='ltr'>asta</span> <span class='ocrx_word' id='word_1_17' title='bbox 130 1571 201 1601; x_wconf 59' lang='lat' dir='ltr'>qug-</span> 
     </span>
     <span class='ocr_line' id='line_1_8' title="bbox 9 1595 108 1631; baseline 0.03 -6"><span class='ocrx_word' id='word_1_18' title='bbox 9 1595 85 1627; x_wconf 56' lang='lat' dir='ltr'>dione</span> <span class='ocrx_word' id='word_1_19' title='bbox 97 1618 108 1631; x_wconf 88' lang='lat'><strong>.</strong></span> 
     </span>
    </p>
   </div>
   <div class='ocr_carea' id='block_1_3' title="bbox 8 2038 207 2113">
    <p class='ocr_par' dir='ltr' id='par_1_4' title="bbox 8 2038 207 2113">
     <span class='ocr_line' id='line_1_9' title="bbox 11 2038 207 2085; baseline 0.005 -9"><span class='ocrx_word' id='word_1_20' title='bbox 11 2047 38 2076; x_wconf 82' lang='lat'>3·</span> <span class='ocrx_word' id='word_1_21' title='bbox 54 2038 85 2069; x_wconf 82' lang='lat' dir='ltr'>d·</span> <span class='ocrx_word' id='word_1_22' title='bbox 111 2047 165 2085; x_wconf 63' lang='lat'>³3·</span> <span class='ocrx_word' id='word_1_23' title='bbox 192 2044 207 2077; x_wconf 69' lang='lat' dir='ltr'>t</span> 
     </span>
     <span class='ocr_line' id='line_1_10' title="bbox 8 2079 207 2113; baseline 0.025 -6"><span class='ocrx_word' id='word_1_24' title='bbox 8 2079 207 2113; x_wconf 68' lang='lat' dir='ltr'>Adrasronem</span> 
     </span>
    </p>
   </div>
   <div class='ocr_carea' id='block_1_4' title="bbox 8 2574 204 2723">
    <p class='ocr_par' dir='ltr' id='par_1_5' title="bbox 8 2574 204 2723">
     <span class='ocr_line' id='line_1_11' title="bbox 8 2574 204 2614; baseline 0.005 -10"><span class='ocrx_word' id='word_1_25' title='bbox 8 2575 59 2605; x_wconf 78' lang='lat' dir='ltr'>Ubi</span> <span class='ocrx_word' id='word_1_26' title='bbox 85 2574 164 2614; x_wconf 76' lang='lat' dir='ltr'>supra</span> <span class='ocrx_word' id='word_1_27' title='bbox 178 2578 204 2609; x_wconf 74' lang='lat'>§-</span> 
     </span>
     <span class='ocr_line' id='line_1_12' title="bbox 9 2613 204 2654; baseline 0 -12"><span class='ocrx_word' id='word_1_28' title='bbox 9 2615 70 2643; x_wconf 70' lang='lat' dir='ltr'>Haec</span> <span class='ocrx_word' id='word_1_29' title='bbox 94 2613 183 2654; x_wconf 81' lang='lat' dir='ltr'>opinio</span> <span class='ocrx_word' id='word_1_30' title='bbox 195 2631 204 2642; x_wconf 82' lang='grc'><strong>.</strong></span> 
     </span>
     <span class='ocr_line' id='line_1_13' title="bbox 8 2652 203 2690; baseline 0 -8"><span class='ocrx_word' id='word_1_31' title='bbox 8 2653 44 2682; x_wconf 62' lang='lat' dir='ltr'>lV·</span> <span class='ocrx_word' id='word_1_32' title='bbox 55 2663 92 2682; x_wconf 81' lang='lat' dir='ltr'>ex</span> <span class='ocrx_word' id='word_1_33' title='bbox 105 2653 156 2690; x_wconf 74' lang='lat' dir='ltr'>ista</span> <span class='ocrx_word' id='word_1_34' title='bbox 167 2652 203 2682; x_wconf 78' lang='lat' dir='ltr'>li-</span> 
     </span>
     <span class='ocr_line' id='line_1_14' title="bbox 9 2698 89 2723; baseline 0.013 -1"><span class='ocrx_word' id='word_1_35' title='bbox 9 2698 68 2723; x_wconf 61' lang='grc'>9270</span> <span class='ocrx_word' id='word_1_36' title='bbox 79 2712 89 2723; x_wconf 76' lang='grc' dir='ltr'>ι</span> 
     </span>
    </p>
   </div>
   <div class='ocr_carea' id='block_1_5' title="bbox 9 2983 206 3092">
    <p class='ocr_par' dir='ltr' id='par_1_6' title="bbox 9 2983 206 3092">
     <span class='ocr_line' id='line_1_15' title="bbox 11 2983 204 3027; baseline 0.016 -14"><span class='ocrx_word' id='word_1_37' title='bbox 11 2983 75 3013; x_wconf 66' lang='lat' dir='ltr'>hd·</span> <span class='ocrx_word' id='word_1_38' title='bbox 89 2989 136 3016; x_wconf 64' lang='lat'>¹⁷·</span> <span class='ocrx_word' id='word_1_39' title='bbox 143 2989 188 3027; x_wconf 69' lang='lat' dir='ltr'>q·3</span> <span class='ocrx_word' id='word_1_40' title='bbox 196 3000 204 3010; x_wconf 77' lang='lat'>⁸</span> 
     </span>
     <span class='ocr_line' id='line_1_16' title="bbox 11 3022 206 3055; baseline 0.005 -5"><span class='ocrx_word' id='word_1_41' title='bbox 11 3025 36 3055; x_wconf 73' lang='lat'>§-</span> <span class='ocrx_word' id='word_1_42' title='bbox 83 3022 206 3051; x_wconf 70' lang='lat' dir='ltr'>‘Ponitur</span> 
     </span>
     <span class='ocr_line' id='line_1_17' title="bbox 9 3060 104 3092; baseline 0.011 -3"><span class='ocrx_word' id='word_1_43' title='bbox 9 3060 104 3092; x_wconf 70' lang='lat' dir='ltr'>Addit.</span> 
     </span>
    </p>
   </div>
   <div class='ocr_carea' id='block_1_6' title="bbox 10 3197 210 3352">
    <p class='ocr_par' dir='ltr' id='par_1_7' title="bbox 10 3197 210 3352">
     <span class='ocr_line' id='line_1_18' title="bbox 10 3197 208 3234; baseline 0.02 -7"><span class='ocrx_word' id='word_1_44' title='bbox 10 3208 42 3227; x_wconf 82' lang='lat'>2.</span> <span class='ocrx_word' id='word_1_45' title='bbox 61 3197 90 3228; x_wconf 71' lang='lat' dir='ltr'>d·</span> <span class='ocrx_word' id='word_1_46' title='bbox 114 3206 159 3234; x_wconf 71' lang='lat'>32·</span> <span class='ocrx_word' id='word_1_47' title='bbox 181 3201 208 3231; x_wconf 62' lang='lat'>§-</span> 
     </span>
     <span class='ocr_line' id='line_1_19' title="bbox 10 3237 208 3266; baseline 0 0"><span class='ocrx_word' id='word_1_48' title='bbox 10 3237 91 3266; x_wconf 69' lang='lat' dir='ltr'>Circa</span> <span class='ocrx_word' id='word_1_49' title='bbox 124 3237 208 3266; x_wconf 65' lang='lat' dir='ltr'>issam</span> 
     </span>
     <span class='ocr_line' id='line_1_20' title="bbox 10 3275 210 3304; baseline 0.005 -1"><span class='ocrx_word' id='word_1_50' title='bbox 10 3275 210 3304; x_wconf 62' lang='lat' dir='ltr'>&#39;’naeniam-V.</span> 
     </span>
     <span class='ocr_line' id='line_1_21' title="bbox 11 3313 210 3352; baseline 0.005 -9"><span class='ocrx_word' id='word_1_51' title='bbox 11 3314 78 3344; x_wconf 83' lang='lat' dir='ltr'><em>Dico</em></span> <span class='ocrx_word' id='word_1_52' title='bbox 97 3313 186 3352; x_wconf 72' lang='lat' dir='ltr'>{gitur</span> <span class='ocrx_word' id='word_1_53' title='bbox 196 3331 210 3343; x_wconf 67' lang='grc' dir='ltr'><strong>ο</strong></span> 
     </span>
    </p>
   </div>
   <div class='ocr_carea' id='block_1_7' title="bbox 687 90 1763 163">
    <p class='ocr_par' dir='ltr' id='par_1_8' title="bbox 687 90 1763 163">
     <span class='ocr_line' id='line_1_22' title="bbox 687 90 1763 163; baseline 0.005 -21"><span class='ocrx_word' id='word_1_54' title='bbox 687 93 847 143; x_wconf 82' lang='lat' dir='ltr'>Tomus</span> <span class='ocrx_word' id='word_1_55' title='bbox 880 90 964 142; x_wconf 85' lang='lat' dir='ltr'>m.</span> <span class='ocrx_word' id='word_1_56' title='bbox 993 95 1125 142; x_wconf 76' lang='lat' dir='ltr'>Part.</span> <span class='ocrx_word' id='word_1_57' title='bbox 1160 93 1199 141; x_wconf 88' lang='grc' dir='ltr'>Ῑ.</span> <span class='ocrx_word' id='word_1_58' title='bbox 1225 92 1420 163; x_wconf 54' lang='lat' dir='ltr'>Qnaestio</span> <span class='ocrx_word' id='word_1_59' title='bbox 1451 94 1535 143; x_wconf 91' lang='lat' dir='ltr'>IX.</span> <span class='ocrx_word' id='word_1_60' title='bbox 1567 99 1669 146; x_wconf 84' lang='lat' dir='ltr'>Art.</span> <span class='ocrx_word' id='word_1_61' title='bbox 1701 98 1763 147; x_wconf 86' lang='grc' dir='ltr'>ΙΙ.</span> 
     </span>
    </p>
   </div>
   <div class='ocr_carea' id='block_1_8' title="bbox 237 161 1201 1017">
    <p class='ocr_par' dir='ltr' id='par_1_9' title="bbox 239 161 1199 562">
     <span class='ocr_line' id='line_1_23' title="bbox 245 161 1198 206; baseline -0.007 0"><span class='ocrx_word' id='word_1_62' title='bbox 245 167 353 206; x_wconf 70' lang='lat' dir='ltr'>feffio</span> <span class='ocrx_word' id='word_1_63' title='bbox 369 166 573 203; x_wconf 58' lang='lat' dir='ltr'>Intellectus</span> <span class='ocrx_word' id='word_1_64' title='bbox 585 188 599 206; x_wconf 88' lang='lat'><strong>,</strong></span> <span class='ocrx_word' id='word_1_65' title='bbox 622 163 831 198; x_wconf 84' lang='lat' dir='ltr'>continetur</span> <span class='ocrx_word' id='word_1_66' title='bbox 845 161 911 198; x_wconf 89' lang='lat' dir='ltr'>sub</span> <span class='ocrx_word' id='word_1_67' title='bbox 926 162 1119 199; x_wconf 74' lang='lat' dir='ltr'>univers-alt</span> <span class='ocrx_word' id='word_1_68' title='bbox 1133 164 1198 199; x_wconf 90' lang='lat' dir='ltr'>bo·</span> 
     </span>
     <span class='ocr_line' id='line_1_24' title="bbox 242 210 1199 266; baseline -0.008 -11"><span class='ocrx_word' id='word_1_69' title='bbox 242 233 290 258; x_wconf 85' lang='lat' dir='ltr'>no</span> <span class='ocrx_word' id='word_1_70' title='bbox 338 229 376 255; x_wconf 92' lang='lat' dir='ltr'>ut</span> <span class='ocrx_word' id='word_1_71' title='bbox 393 216 577 266; x_wconf 87' lang='lat' dir='ltr'>quoddam</span> <span class='ocrx_word' id='word_1_72' title='bbox 591 213 728 248; x_wconf 87' lang='lat' dir='ltr'>bonum</span> <span class='ocrx_word' id='word_1_73' title='bbox 746 212 962 259; x_wconf 73' lang='lat' dir='ltr'>particulare</span> <span class='ocrx_word' id='word_1_74' title='bbox 976 238 985 248; x_wconf 91' lang='lat'><strong>.</strong></span> <span class='ocrx_word' id='word_1_75' title='bbox 999 210 1072 248; x_wconf 86' lang='lat' dir='ltr'>Sed</span> <span class='ocrx_word' id='word_1_76' title='bbox 1086 225 1199 261; x_wconf 86' lang='lat' dir='ltr'>quan.</span> 
     </span>
     <span class='ocr_line' id='line_1_25' title="bbox 241 247 1199 311; baseline -0.007 -3"><span class='ocrx_word' id='word_1_77' title='bbox 241 247 319 308; x_wconf 72' lang='lat' dir='ltr'>tum</span> <span class='ocrx_word' id='word_1_78' title='bbox 333 269 377 305; x_wconf 79' lang='lat' dir='ltr'>ad</span> <span class='ocrx_word' id='word_1_79' title='bbox 389 262 720 305; x_wconf 84' lang='lat' dir='ltr'>determinationem</span> <span class='ocrx_word' id='word_1_80' title='bbox 733 261 836 298; x_wconf 66' lang='lat' dir='ltr'>aetus</span> <span class='ocrx_word' id='word_1_81' title='bbox 848 287 860 303; x_wconf 94' lang='lat'><em>‚</em></span> <span class='ocrx_word' id='word_1_82' title='bbox 881 275 963 310; x_wconf 82' lang='lat' dir='ltr'>quae</span> <span class='ocrx_word' id='word_1_83' title='bbox 976 261 1026 299; x_wconf 89' lang='lat' dir='ltr'>est</span> <span class='ocrx_word' id='word_1_84' title='bbox 1039 273 1085 298; x_wconf 89' lang='lat' dir='ltr'>ex</span> <span class='ocrx_word' id='word_1_85' title='bbox 1100 276 1199 311; x_wconf 85' lang='lat' dir='ltr'>parte</span> 
     </span>
     <span class='ocr_line' id='line_1_26' title="bbox 240 312 1198 368; baseline -0.004 -13"><span class='ocrx_word' id='word_1_86' title='bbox 240 320 380 368; x_wconf 57' lang='lat' dir='ltr'>objecti</span> <span class='ocrx_word' id='word_1_87' title='bbox 394 346 407 362; x_wconf 95' lang='lat'>,</span> <span class='ocrx_word' id='word_1_88' title='bbox 430 312 632 353; x_wconf 62' lang='lat' dir='ltr'>intellectus</span> <span class='ocrx_word' id='word_1_89' title='bbox 645 322 767 348; x_wconf 86' lang='lat' dir='ltr'>movet</span> <span class='ocrx_word' id='word_1_90' title='bbox 792 312 1018 349; x_wconf 86' lang='lat' dir='ltr'>voluntatem</span> <span class='ocrx_word' id='word_1_91' title='bbox 1032 338 1044 356; x_wconf 91' lang='lat'>‚</span> <span class='ocrx_word' id='word_1_92' title='bbox 1059 316 1144 359; x_wconf 86' lang='lat' dir='ltr'>quia</span> <span class='ocrx_word' id='word_1_93' title='bbox 1162 316 1198 351; x_wconf 75' lang='lat'>8&lt;</span> 
     </span>
     <span class='ocr_line' id='line_1_27' title="bbox 239 360 1198 421; baseline -0.009 -11"><span class='ocrx_word' id='word_1_94' title='bbox 239 372 356 421; x_wconf 83' lang='lat' dir='ltr'>ipsum</span> <span class='ocrx_word' id='word_1_95' title='bbox 367 372 502 406; x_wconf 86' lang='lat' dir='ltr'>bonum</span> <span class='ocrx_word' id='word_1_96' title='bbox 512 362 796 412; x_wconf 75' lang='lat' dir='ltr'>apprehenditur</span> <span class='ocrx_word' id='word_1_97' title='bbox 805 360 1005 400; x_wconf 87' lang='lat' dir='ltr'>secundum</span> <span class='ocrx_word' id='word_1_98' title='bbox 1014 365 1198 409; x_wconf 84' lang='lat' dir='ltr'>quandam</span> 
     </span>
     <span class='ocr_line' id='line_1_28' title="bbox 241 412 1197 464; baseline 0 -13"><span class='ocrx_word' id='word_1_99' title='bbox 241 423 418 459; x_wconf 63' lang='lat' dir='ltr'>„tionem</span> <span class='ocrx_word' id='word_1_100' title='bbox 439 414 625 464; x_wconf 82' lang='lat' dir='ltr'>specialem</span> <span class='ocrx_word' id='word_1_101' title='bbox 651 412 948 462; x_wconf 85' lang='lat' dir='ltr'>comprehensam</span> <span class='ocrx_word' id='word_1_102' title='bbox 961 412 1026 450; x_wconf 88' lang='lat' dir='ltr'>sub</span> <span class='ocrx_word' id='word_1_103' title='bbox 1047 417 1197 454; x_wconf 87' lang='lat' dir='ltr'>univer·</span> 
     </span>
     <span class='ocr_line' id='line_1_29' title="bbox 240 463 1199 513; baseline -0.006 -2"><span class='ocrx_word' id='word_1_104' title='bbox 240 474 304 511; x_wconf 87' lang='lat' dir='ltr'>sali</span> <span class='ocrx_word' id='word_1_105' title='bbox 315 470 452 508; x_wconf 81' lang='lat' dir='ltr'>ratione</span> <span class='ocrx_word' id='word_1_106' title='bbox 466 467 542 503; x_wconf 90' lang='lat' dir='ltr'>veri</span> <span class='ocrx_word' id='word_1_107' title='bbox 554 490 568 511; x_wconf 92' lang='lat'>‚</span> <span class='ocrx_word' id='word_1_108' title='bbox 590 465 624 501; x_wconf 70' lang='grc'>8(</span> <span class='ocrx_word' id='word_1_109' title='bbox 640 465 686 501; x_wconf 82' lang='lat' dir='ltr'>fic</span> <span class='ocrx_word' id='word_1_110' title='bbox 696 474 797 513; x_wconf 85' lang='lat' dir='ltr'>patet</span> <span class='ocrx_word' id='word_1_111' title='bbox 807 464 906 511; x_wconf 91' lang='lat' dir='ltr'>quod</span> <span class='ocrx_word' id='word_1_112' title='bbox 916 476 989 500; x_wconf 89' lang='lat' dir='ltr'>non</span> <span class='ocrx_word' id='word_1_113' title='bbox 1005 463 1055 501; x_wconf 90' lang='lat' dir='ltr'>est</span> <span class='ocrx_word' id='word_1_114' title='bbox 1069 465 1199 505; x_wconf 67' lang='lat' dir='ltr'>idem.»</span> 
     </span>
     <span class='ocr_line' id='line_1_30' title="bbox 241 514 946 562; baseline -0.011 -3"><span class='ocrx_word' id='word_1_115' title='bbox 241 531 390 562; x_wconf 88' lang='lat' dir='ltr'>movens</span> <span class='ocrx_word' id='word_1_116' title='bbox 405 519 442 555; x_wconf 89' lang='lat'>&amp;</span> <span class='ocrx_word' id='word_1_117' title='bbox 455 526 596 554; x_wconf 90' lang='lat' dir='ltr'>motum</span> <span class='ocrx_word' id='word_1_118' title='bbox 610 514 807 552; x_wconf 87' lang='lat' dir='ltr'>secundum</span> <span class='ocrx_word' id='word_1_119' title='bbox 823 515 919 552; x_wconf 91' lang='lat' dir='ltr'>idem</span> <span class='ocrx_word' id='word_1_120' title='bbox 937 540 946 551; x_wconf 89' lang='lat'><strong>.</strong></span> 
     </span>
    </p>

    <p class='ocr_par' dir='ltr' id='par_1_10' title="bbox 237 565 1201 1017">
     <span class='ocr_line' id='line_1_31' title="bbox 343 565 1198 617; baseline -0.002 -10"><span class='ocrx_word' id='word_1_121' title='bbox 343 569 466 608; x_wconf 81' lang='lat' dir='ltr'>Aliter</span> <span class='ocrx_word' id='word_1_122' title='bbox 481 566 681 617; x_wconf 86' lang='lat' dir='ltr'>respondeo</span> <span class='ocrx_word' id='word_1_123' title='bbox 693 567 739 603; x_wconf 79' lang='lat' dir='ltr'>fic</span> <span class='ocrx_word' id='word_1_124' title='bbox 756 578 849 605; x_wconf 86' lang='lat' dir='ltr'>:non</span> <span class='ocrx_word' id='word_1_125' title='bbox 860 565 910 603; x_wconf 88' lang='lat' dir='ltr'>est</span> <span class='ocrx_word' id='word_1_126' title='bbox 923 567 1198 614; x_wconf 78' lang='lat' dir='ltr'>inconveniens,</span> 
     </span>
     <span class='ocr_line' id='line_1_32' title="bbox 243 617 1201 668; baseline -0.006 -6"><span class='ocrx_word' id='word_1_127' title='bbox 243 623 310 662; x_wconf 74' lang='lat' dir='ltr'>effe</span> <span class='ocrx_word' id='word_1_128' title='bbox 327 621 503 658; x_wconf 89' lang='lat' dir='ltr'>circulum</span> <span class='ocrx_word' id='word_1_129' title='bbox 514 619 580 656; x_wconf 89' lang='lat' dir='ltr'>ubi</span> <span class='ocrx_word' id='word_1_130' title='bbox 590 617 695 654; x_wconf 85' lang='lat' dir='ltr'>causa</span> <span class='ocrx_word' id='word_1_131' title='bbox 711 617 872 668; x_wconf 88' lang='lat' dir='ltr'>superior</span> <span class='ocrx_word' id='word_1_132' title='bbox 886 628 961 653; x_wconf 89' lang='lat' dir='ltr'>non</span> <span class='ocrx_word' id='word_1_133' title='bbox 971 618 1020 654; x_wconf 91' lang='lat' dir='ltr'>est</span> <span class='ocrx_word' id='word_1_134' title='bbox 1035 619 1201 668; x_wconf 71' lang='lat' dir='ltr'>{implici-</span> 
     </span>
     <span class='ocr_line' id='line_1_33' title="bbox 242 668 1198 716; baseline -0.005 -3"><span class='ocrx_word' id='word_1_135' title='bbox 242 687 297 713; x_wconf 89' lang='lat' dir='ltr'>ter</span> <span class='ocrx_word' id='word_1_136' title='bbox 313 669 503 709; x_wconf 76' lang='lat' dir='ltr'>necessaria</span> <span class='ocrx_word' id='word_1_137' title='bbox 516 696 529 713; x_wconf 90' lang='lat'><em>‚</em></span> <span class='ocrx_word' id='word_1_138' title='bbox 557 668 613 706; x_wconf 89' lang='lat' dir='ltr'>sed</span> <span class='ocrx_word' id='word_1_139' title='bbox 629 669 884 716; x_wconf 80' lang='lat' dir='ltr'>contingenter</span> <span class='ocrx_word' id='word_1_140' title='bbox 898 670 1085 706; x_wconf 84' lang='lat' dir='ltr'>concurrit</span> <span class='ocrx_word' id='word_1_141' title='bbox 1112 682 1198 709; x_wconf 88' lang='lat' dir='ltr'>cum</span> 
     </span>
     <span class='ocr_line' id='line_1_34' title="bbox 241 717 1199 769; baseline -0.005 -6"><span class='ocrx_word' id='word_1_142' title='bbox 241 722 432 765; x_wconf 82' lang='lat' dir='ltr'>inferiori,</span> <span class='ocrx_word' id='word_1_143' title='bbox 457 723 491 759; x_wconf 65' lang='lat'>8&lt;</span> <span class='ocrx_word' id='word_1_144' title='bbox 506 719 619 769; x_wconf 89' lang='lat' dir='ltr'>potest</span> <span class='ocrx_word' id='word_1_145' title='bbox 631 717 782 757; x_wconf 67' lang='lat' dir='ltr'>effeflus</span> <span class='ocrx_word' id='word_1_146' title='bbox 807 719 988 756; x_wconf 86' lang='lat' dir='ltr'>inferioris</span> <span class='ocrx_word' id='word_1_147' title='bbox 1013 719 1082 757; x_wconf 87' lang='lat' dir='ltr'>esse</span> <span class='ocrx_word' id='word_1_148' title='bbox 1096 722 1199 761; x_wconf 51' lang='lat' dir='ltr'>fine⁴</span> 
     </span>
     <span class='ocr_line' id='line_1_35' title="bbox 239 769 1199 819; baseline -0.007 -4"><span class='ocrx_word' id='word_1_149' title='bbox 239 777 302 815; x_wconf 82' lang='lat' dir='ltr'>illa</span> <span class='ocrx_word' id='word_1_150' title='bbox 324 786 338 810; x_wconf 88' lang='lat'>.·</span> <span class='ocrx_word' id='word_1_151' title='bbox 359 773 418 811; x_wconf 90' lang='lat' dir='ltr'>Sic</span> <span class='ocrx_word' id='word_1_152' title='bbox 432 783 554 809; x_wconf 86' lang='lat' dir='ltr'>autem</span> <span class='ocrx_word' id='word_1_153' title='bbox 569 769 619 808; x_wconf 86' lang='lat' dir='ltr'>est</span> <span class='ocrx_word' id='word_1_154' title='bbox 633 770 670 806; x_wconf 90' lang='lat' dir='ltr'>in</span> <span class='ocrx_word' id='word_1_155' title='bbox 682 770 867 819; x_wconf 87' lang='lat' dir='ltr'>propofito</span> <span class='ocrx_word' id='word_1_156' title='bbox 882 783 893 807; x_wconf 71' lang='grc' dir='ltr'>ι</span> <span class='ocrx_word' id='word_1_157' title='bbox 910 770 1077 810; x_wconf 83' lang='lat' dir='ltr'>voluntas</span> <span class='ocrx_word' id='word_1_158' title='bbox 1103 775 1199 811; x_wconf 79' lang='lat' dir='ltr'>enim</span> 
     </span>
     <span class='ocr_line' id='line_1_36' title="bbox 240 820 1200 866; baseline -0.003 -4"><span class='ocrx_word' id='word_1_159' title='bbox 240 838 314 866; x_wconf 85' lang='lat' dir='ltr'>non</span> <span class='ocrx_word' id='word_1_160' title='bbox 328 824 380 860; x_wconf 86' lang='lat' dir='ltr'>est</span> <span class='ocrx_word' id='word_1_161' title='bbox 396 823 502 860; x_wconf 84' lang='lat' dir='ltr'>causa</span> <span class='ocrx_word' id='word_1_162' title='bbox 519 820 712 859; x_wconf 83' lang='lat' dir='ltr'>neceffaria</span> <span class='ocrx_word' id='word_1_163' title='bbox 725 821 979 858; x_wconf 66' lang='lat' dir='ltr'>intelleetionis</span> <span class='ocrx_word' id='word_1_164' title='bbox 992 848 1001 857; x_wconf 91' lang='lat'>.</span> <span class='ocrx_word' id='word_1_165' title='bbox 1033 824 1073 859; x_wconf 88' lang='lat' dir='ltr'>ln</span> <span class='ocrx_word' id='word_1_166' title='bbox 1086 825 1200 861; x_wconf 84' lang='lat' dir='ltr'>caufis</span> 
     </span>
     <span class='ocr_line' id='line_1_37' title="bbox 239 871 1199 917; baseline -0.002 -4"><span class='ocrx_word' id='word_1_167' title='bbox 239 887 331 916; x_wconf 73' lang='lat' dir='ltr'>vero</span> <span class='ocrx_word' id='word_1_168' title='bbox 343 874 587 917; x_wconf 87' lang='lat' dir='ltr'>naturalibus,</span> <span class='ocrx_word' id='word_1_169' title='bbox 607 873 640 910; x_wconf 74' lang='grc'>8(</span> <span class='ocrx_word' id='word_1_170' title='bbox 658 871 860 909; x_wconf 78' lang='lat' dir='ltr'>necessariis</span> <span class='ocrx_word' id='word_1_171' title='bbox 873 873 1020 908; x_wconf 87' lang='lat' dir='ltr'>omnino</span> <span class='ocrx_word' id='word_1_172' title='bbox 1034 873 1111 911; x_wconf 88' lang='lat' dir='ltr'>fieri</span> <span class='ocrx_word' id='word_1_173' title='bbox 1126 889 1199 913; x_wconf 89' lang='lat' dir='ltr'>non</span> 
     </span>
     <span class='ocr_line' id='line_1_38' title="bbox 238 921 1199 978; baseline 0.001 -15"><span class='ocrx_word' id='word_1_174' title='bbox 238 925 381 978; x_wconf 81' lang='lat' dir='ltr'>potest,</span> <span class='ocrx_word' id='word_1_175' title='bbox 401 936 442 963; x_wconf 90' lang='lat' dir='ltr'>ut</span> <span class='ocrx_word' id='word_1_176' title='bbox 455 927 548 963; x_wconf 88' lang='lat' dir='ltr'>idem</span> <span class='ocrx_word' id='word_1_177' title='bbox 560 921 727 974; x_wconf 67' lang='lat' dir='ltr'>tespet‘tu</span> <span class='ocrx_word' id='word_1_178' title='bbox 751 921 916 972; x_wconf 82' lang='lat' dir='ltr'>ejusdem</span> <span class='ocrx_word' id='word_1_179' title='bbox 942 922 982 960; x_wconf 86' lang='lat' dir='ltr'>lit</span> <span class='ocrx_word' id='word_1_180' title='bbox 997 936 1148 964; x_wconf 77' lang='lat' dir='ltr'>movens</span> <span class='ocrx_word' id='word_1_181' title='bbox 1163 929 1199 966; x_wconf 76' lang='lat' dir='ltr'>St</span> 
     </span>
     <span class='ocr_line' id='line_1_39' title="bbox 237 987 405 1017; baseline -0.012 0"><span class='ocrx_word' id='word_1_182' title='bbox 237 987 380 1017; x_wconf 78' lang='lat' dir='ltr'>motum</span> <span class='ocrx_word' id='word_1_183' title='bbox 392 1001 405 1015; x_wconf 85' lang='lat'><strong>.</strong></span> 
     </span>
    </p>
   </div>
   <div class='ocr_carea' id='block_1_9' title="bbox 411 1074 1024 1120">
    <p class='ocr_par' dir='ltr' id='par_1_11' title="bbox 411 1074 1024 1120">
     <span class='ocr_line' id='line_1_40' title="bbox 411 1074 1024 1120; baseline -0.002 -5"><span class='ocrx_word' id='word_1_184' title='bbox 411 1074 920 1120; x_wconf 65' lang='lat' dir='ltr'>Anrrchvs</span> <span class='ocrx_word' id='word_1_185' title='bbox 972 1076 1024 1115; x_wconf 83' lang='lat'>11.</span> 
     </span>
    </p>
   </div>
   <div class='ocr_carea' id='block_1_10' title="bbox 332 1179 1104 1268">
    <p class='ocr_par' dir='ltr' id='par_1_12' title="bbox 332 1179 1104 1268">
     <span class='ocr_line' id='line_1_41' title="bbox 332 1179 1104 1267; baseline 0.003 -51"><span class='ocrx_word' id='word_1_186' title='bbox 332 1180 474 1221; x_wconf 80' lang='lat' dir='ltr'>Utrum</span> <span class='ocrx_word' id='word_1_187' title='bbox 488 1180 657 1267; x_wconf 54' lang='grc' dir='ltr'>νοΙυηῐῗς</span> <span class='ocrx_word' id='word_1_188' title='bbox 669 1187 863 1267; x_wconf 62' lang='lat' dir='ltr'>tpoveatur</span> <span class='ocrx_word' id='word_1_189' title='bbox 877 1179 926 1216; x_wconf 81' lang='lat' dir='ltr'>ab</span> <span class='ocrx_word' id='word_1_190' title='bbox 937 1181 1104 1230; x_wconf 80' lang='lat' dir='ltr'>appetitu</span> 
     </span>
     <span class='ocr_line' id='line_1_42' title="bbox 636 1238 803 1268; baseline -0.018 -2"><span class='ocrx_word' id='word_1_191' title='bbox 636 1240 678 1267; x_wconf 87' lang='lat' dir='ltr'>en</span> <span class='ocrx_word' id='word_1_192' title='bbox 694 1238 803 1268; x_wconf 79' lang='lat' dir='ltr'>tttvo.</span> 
     </span>
    </p>
   </div>
   <div class='ocr_carea' id='block_1_11' title="bbox 364 1332 1062 1433">
    <p class='ocr_par' dir='ltr' id='par_1_13' title="bbox 364 1332 1062 1433">
     <span class='ocr_line' id='line_1_43' title="bbox 364 1332 1062 1379; baseline -0.004 -6"><span class='ocrx_word' id='word_1_193' title='bbox 364 1333 500 1373; x_wconf 63' lang='lat' dir='ltr'>Doaeor</span> <span class='ocrx_word' id='word_1_194' title='bbox 510 1332 574 1372; x_wconf 84' lang='lat' dir='ltr'>Io&#39;c.</span> <span class='ocrx_word' id='word_1_195' title='bbox 587 1333 629 1371; x_wconf 62' lang='grc' dir='ltr'>ἑκ</span> <span class='ocrx_word' id='word_1_196' title='bbox 641 1343 755 1379; x_wconf 77' lang='lat' dir='ltr'>marg.</span> <span class='ocrx_word' id='word_1_197' title='bbox 769 1335 831 1369; x_wconf 82' lang='lat' dir='ltr'>cit.</span> <span class='ocrx_word' id='word_1_198' title='bbox 851 1332 894 1369; x_wconf 79' lang='lat' dir='ltr'>S.</span> <span class='ocrx_word' id='word_1_199' title='bbox 913 1333 1062 1370; x_wconf 71' lang='lat' dir='ltr'>Thomas</span> 
     </span>
     <span class='ocr_line' id='line_1_44' title="bbox 554 1393 882 1433; baseline 0 -12"><span class='ocrx_word' id='word_1_200' title='bbox 554 1395 587 1422; x_wconf 88' lang='lat'>1.</span> <span class='ocrx_word' id='word_1_201' title='bbox 603 1394 637 1421; x_wconf 84' lang='lat'>2.</span> <span class='ocrx_word' id='word_1_202' title='bbox 654 1395 738 1433; x_wconf 88' lang='lat' dir='ltr'><em>q.9.</em></span> <span class='ocrx_word' id='word_1_203' title='bbox 755 1393 825 1421; x_wconf 80' lang='lat' dir='ltr'>art.</span> <span class='ocrx_word' id='word_1_204' title='bbox 845 1394 882 1421; x_wconf 79' lang='lat'>2.</span> 
     </span>
    </p>
   </div>
   <div class='ocr_carea' id='block_1_12' title="bbox 237 1478 1204 3760">
    <p class='ocr_par' dir='ltr' id='par_1_14' title="bbox 241 1478 1202 1578">
     <span class='ocr_line' id='line_1_45' title="bbox 241 1478 1202 1578; baseline -0.002 -55"><span class='ocrx_word' id='word_1_205' title='bbox 241 1478 292 1578; x_wconf 48' lang='grc' dir='ltr'>’ς</span> <span class='ocrx_word' id='word_1_206' title='bbox 303 1482 346 1558; x_wconf 65' lang='lat' dir='ltr'><em>r</em></span> <span class='ocrx_word' id='word_1_207' title='bbox 363 1485 490 1524; x_wconf 84' lang='lat' dir='ltr'>ldetur</span> <span class='ocrx_word' id='word_1_208' title='bbox 502 1485 582 1523; x_wconf 85' lang='lat' dir='ltr'>fieri</span> <span class='ocrx_word' id='word_1_209' title='bbox 597 1497 668 1523; x_wconf 88' lang='lat' dir='ltr'>non</span> <span class='ocrx_word' id='word_1_210' title='bbox 687 1485 784 1536; x_wconf 82' lang='lat' dir='ltr'>poffe</span> <span class='ocrx_word' id='word_1_211' title='bbox 795 1512 807 1528; x_wconf 91' lang='lat'>‚</span> <span class='ocrx_word' id='word_1_212' title='bbox 824 1496 864 1522; x_wconf 91' lang='lat' dir='ltr'>ut</span> <span class='ocrx_word' id='word_1_213' title='bbox 879 1488 925 1524; x_wconf 78' lang='lat' dir='ltr'>ab</span> <span class='ocrx_word' id='word_1_214' title='bbox 942 1484 1109 1536; x_wconf 79' lang='lat' dir='ltr'>appetitu</span> <span class='ocrx_word' id='word_1_215' title='bbox 1123 1482 1202 1521; x_wconf 82' lang='lat' dir='ltr'>sen·</span> 
     </span>
    </p>

    <p class='ocr_par' dir='ltr' id='par_1_15' title="bbox 240 1536 1204 2035">
     <span class='ocr_line' id='line_1_46' title="bbox 374 1536 1202 1574; baseline -0.004 0"><span class='ocrx_word' id='word_1_216' title='bbox 374 1537 483 1574; x_wconf 86' lang='lat' dir='ltr'>fitivo</span> <span class='ocrx_word' id='word_1_217' title='bbox 497 1538 668 1573; x_wconf 78' lang='lat' dir='ltr'>voluntas</span> <span class='ocrx_word' id='word_1_218' title='bbox 689 1549 883 1574; x_wconf 81' lang='lat' dir='ltr'>moveatur</span> <span class='ocrx_word' id='word_1_219' title='bbox 899 1564 908 1573; x_wconf 90' lang='lat'><strong><em>.</em></strong></span> <span class='ocrx_word' id='word_1_220' title='bbox 922 1537 1062 1574; x_wconf 78' lang='lat' dir='ltr'>Etenim</span> <span class='ocrx_word' id='word_1_221' title='bbox 1075 1536 1202 1574; x_wconf 85' lang='lat' dir='ltr'>secun·</span> 
     </span>
     <span class='ocr_line' id='line_1_47' title="bbox 240 1586 1204 1630; baseline 0 -7"><span class='ocrx_word' id='word_1_222' title='bbox 240 1589 330 1623; x_wconf 83' lang='lat' dir='ltr'>dum</span> <span class='ocrx_word' id='word_1_223' title='bbox 350 1586 599 1628; x_wconf 78' lang='lat' dir='ltr'>Augustinum</span> <span class='ocrx_word' id='word_1_224' title='bbox 622 1597 678 1619; x_wconf 83' lang='lat'>12.</span> <span class='ocrx_word' id='word_1_225' title='bbox 695 1586 798 1630; x_wconf 89' lang='lat' dir='ltr'>super</span> <span class='ocrx_word' id='word_1_226' title='bbox 815 1587 945 1626; x_wconf 83' lang='lat' dir='ltr'>Genes.</span> <span class='ocrx_word' id='word_1_227' title='bbox 967 1600 998 1624; x_wconf 90' lang='lat' dir='ltr'>c.</span> <span class='ocrx_word' id='word_1_228' title='bbox 1019 1591 1072 1624; x_wconf 75' lang='lat'>¹6,</span> <span class='ocrx_word' id='word_1_229' title='bbox 1091 1588 1204 1626; x_wconf 76' lang='lat' dir='ltr'>Omni</span> 
     </span>
     <span class='ocr_line' id='line_1_48' title="bbox 243 1631 1201 1682; baseline 0.009 -17"><span class='ocrx_word' id='word_1_230' title='bbox 243 1637 337 1672; x_wconf 64' lang='lat' dir='ltr'>enim</span> <span class='ocrx_word' id='word_1_231' title='bbox 354 1631 451 1669; x_wconf 81' lang='lat' dir='ltr'>modo</span> <span class='ocrx_word' id='word_1_232' title='bbox 460 1632 685 1680; x_wconf 79' lang='lat' dir='ltr'>praestantiar</span> <span class='ocrx_word' id='word_1_233' title='bbox 699 1634 749 1677; x_wconf 77' lang='lat' dir='ltr'>est</span> <span class='ocrx_word' id='word_1_234' title='bbox 762 1645 819 1669; x_wconf 77' lang='lat' dir='ltr'>rer</span> <span class='ocrx_word' id='word_1_235' title='bbox 836 1660 845 1674; x_wconf 94' lang='lat'>,</span> <span class='ocrx_word' id='word_1_236' title='bbox 876 1647 951 1682; x_wconf 80' lang='lat' dir='ltr'>quae</span> <span class='ocrx_word' id='word_1_237' title='bbox 955 1637 1048 1680; x_wconf 78' lang='lat' dir='ltr'>facit</span> <span class='ocrx_word' id='word_1_238' title='bbox 1101 1639 1201 1674; x_wconf 50' lang='lat' dir='ltr'>illa„</span> 
     </span>
     <span class='ocr_line' id='line_1_49' title="bbox 248 1680 1203 1731; baseline 0.005 -13"><span class='ocrx_word' id='word_1_239' title='bbox 248 1696 289 1723; x_wconf 77' lang='lat' dir='ltr'>re</span> <span class='ocrx_word' id='word_1_240' title='bbox 302 1710 314 1727; x_wconf 94' lang='lat'>‚</span> <span class='ocrx_word' id='word_1_241' title='bbox 340 1682 385 1719; x_wconf 85' lang='lat' dir='ltr'>de</span> <span class='ocrx_word' id='word_1_242' title='bbox 398 1694 469 1730; x_wconf 81' lang='lat' dir='ltr'>qua</span> <span class='ocrx_word' id='word_1_243' title='bbox 474 1680 573 1726; x_wconf 82' lang='lat' dir='ltr'>facit</span> <span class='ocrx_word' id='word_1_244' title='bbox 584 1708 596 1723; x_wconf 90' lang='lat'><strong>,</strong></span> <span class='ocrx_word' id='word_1_245' title='bbox 619 1693 681 1717; x_wconf 81' lang='lat' dir='ltr'>nec</span> <span class='ocrx_word' id='word_1_246' title='bbox 692 1681 764 1717; x_wconf 80' lang='lat' dir='ltr'>ullo</span> <span class='ocrx_word' id='word_1_247' title='bbox 788 1683 886 1719; x_wconf 69' lang='lat' dir='ltr'>modo</span> <span class='ocrx_word' id='word_1_248' title='bbox 896 1683 1123 1731; x_wconf 55' lang='lat' dir='ltr'>praestantius</span> <span class='ocrx_word' id='word_1_249' title='bbox 1146 1688 1203 1723; x_wconf 70' lang='lat' dir='ltr'>eft</span> 
     </span>
     <span class='ocr_line' id='line_1_50' title="bbox 243 1730 1200 1782; baseline 0.006 -17"><span class='ocrx_word' id='word_1_250' title='bbox 243 1730 510 1782; x_wconf 68' lang='lat' dir='ltr'>corpas-spiritu</span> <span class='ocrx_word' id='word_1_251' title='bbox 525 1757 536 1772; x_wconf 92' lang='lat'><strong>,</strong></span> <span class='ocrx_word' id='word_1_252' title='bbox 562 1731 793 1778; x_wconf 54' lang='lat' dir='ltr'>“mospirims</span> <span class='ocrx_word' id='word_1_253' title='bbox 807 1742 947 1778; x_wconf 72' lang='lat' dir='ltr'>corpore</span> <span class='ocrx_word' id='word_1_254' title='bbox 962 1762 969 1770; x_wconf 90' lang='lat'><strong><em>.</em></strong></span> <span class='ocrx_word' id='word_1_255' title='bbox 987 1737 1026 1772; x_wconf 91' lang='lat' dir='ltr'>Si</span> <span class='ocrx_word' id='word_1_256' title='bbox 1043 1748 1200 1774; x_wconf 82' lang='lat' dir='ltr'>autem...</span> 
     </span>
     <span class='ocr_line' id='line_1_51' title="bbox 242 1780 1199 1828; baseline -0.001 -7"><span class='ocrx_word' id='word_1_257' title='bbox 242 1784 300 1821; x_wconf 90' lang='lat' dir='ltr'>sen</span> <span class='ocrx_word' id='word_1_258' title='bbox 307 1783 431 1819; x_wconf 84' lang='lat' dir='ltr'>litivus</span> <span class='ocrx_word' id='word_1_259' title='bbox 441 1780 624 1828; x_wconf 86' lang='lat' dir='ltr'>appetitus</span> <span class='ocrx_word' id='word_1_260' title='bbox 635 1782 862 1816; x_wconf 82' lang='lat' dir='ltr'>voluntatem</span> <span class='ocrx_word' id='word_1_261' title='bbox 879 1794 1054 1823; x_wconf 66' lang='lat' dir='ltr'>moveret,</span> <span class='ocrx_word' id='word_1_262' title='bbox 1066 1788 1199 1828; x_wconf 78' lang='lat' dir='ltr'>utique</span> 
     </span>
     <span class='ocr_line' id='line_1_52' title="bbox 242 1830 1200 1879; baseline -0.006 -7"><span class='ocrx_word' id='word_1_263' title='bbox 242 1833 326 1872; x_wconf 78' lang='lat' dir='ltr'>esset</span> <span class='ocrx_word' id='word_1_264' title='bbox 341 1831 566 1879; x_wconf 81' lang='lat' dir='ltr'>comparatio</span> <span class='ocrx_word' id='word_1_265' title='bbox 578 1832 718 1875; x_wconf 85' lang='lat' dir='ltr'>agentis</span> <span class='ocrx_word' id='word_1_266' title='bbox 748 1830 791 1866; x_wconf 85' lang='lat' dir='ltr'>ad</span> <span class='ocrx_word' id='word_1_267' title='bbox 813 1830 946 1879; x_wconf 80' lang='lat' dir='ltr'>passum</span> <span class='ocrx_word' id='word_1_268' title='bbox 967 1845 978 1872; x_wconf 83' lang='lat'><em>3</em></span> <span class='ocrx_word' id='word_1_269' title='bbox 1009 1842 1092 1867; x_wconf 82' lang='lat' dir='ltr'>cum</span> <span class='ocrx_word' id='word_1_270' title='bbox 1108 1843 1200 1877; x_wconf 79' lang='lat' dir='ltr'>ergo</span> 
     </span>
     <span class='ocr_line' id='line_1_53' title="bbox 242 1881 1200 1930; baseline -0.003 -8"><span class='ocrx_word' id='word_1_271' title='bbox 242 1885 417 1922; x_wconf 85' lang='lat' dir='ltr'>voluntas</span> <span class='ocrx_word' id='word_1_272' title='bbox 433 1883 546 1927; x_wconf 85' lang='lat' dir='ltr'>longo</span> <span class='ocrx_word' id='word_1_273' title='bbox 558 1881 751 1917; x_wconf 75' lang='lat' dir='ltr'>intervallo</span> <span class='ocrx_word' id='word_1_274' title='bbox 767 1881 907 1928; x_wconf 85' lang='lat' dir='ltr'>praestat</span> <span class='ocrx_word' id='word_1_275' title='bbox 920 1882 1095 1930; x_wconf 70' lang='lat' dir='ltr'>appetitui</span> <span class='ocrx_word' id='word_1_276' title='bbox 1121 1881 1200 1919; x_wconf 88' lang='lat' dir='ltr'>sen·</span> 
     </span>
     <span class='ocr_line' id='line_1_54' title="bbox 241 1931 1201 1981; baseline -0.004 -8"><span class='ocrx_word' id='word_1_277' title='bbox 241 1934 351 1973; x_wconf 79' lang='lat' dir='ltr'>fitivo</span> <span class='ocrx_word' id='word_1_278' title='bbox 367 1931 589 1970; x_wconf 90' lang='lat' dir='ltr'>sentiendum</span> <span class='ocrx_word' id='word_1_279' title='bbox 604 1944 675 1968; x_wconf 87' lang='lat' dir='ltr'>non</span> <span class='ocrx_word' id='word_1_280' title='bbox 691 1931 741 1969; x_wconf 77' lang='lat' dir='ltr'>est</span> <span class='ocrx_word' id='word_1_281' title='bbox 756 1933 866 1981; x_wconf 79' lang='lat' dir='ltr'>ipsam</span> <span class='ocrx_word' id='word_1_282' title='bbox 891 1936 935 1969; x_wconf 85' lang='lat' dir='ltr'>ab</span> <span class='ocrx_word' id='word_1_283' title='bbox 949 1933 1113 1981; x_wconf 85' lang='lat' dir='ltr'>potentia</span> <span class='ocrx_word' id='word_1_284' title='bbox 1139 1944 1201 1970; x_wconf 89' lang='lat' dir='ltr'>or-</span> 
     </span>
     <span class='ocr_line' id='line_1_55' title="bbox 241 1984 830 2035; baseline -0.003 -13"><span class='ocrx_word' id='word_1_285' title='bbox 241 1987 369 2035; x_wconf 81' lang='lat' dir='ltr'>ganica</span> <span class='ocrx_word' id='word_1_286' title='bbox 381 2008 395 2029; x_wconf 90' lang='lat'>,</span> <span class='ocrx_word' id='word_1_287' title='bbox 422 1985 457 2021; x_wconf 74' lang='lat'>8&lt;</span> <span class='ocrx_word' id='word_1_288' title='bbox 472 1984 645 2020; x_wconf 85' lang='lat' dir='ltr'>materiali</span> <span class='ocrx_word' id='word_1_289' title='bbox 662 1986 801 2020; x_wconf 74' lang='lat' dir='ltr'>moveri</span> <span class='ocrx_word' id='word_1_290' title='bbox 820 2010 830 2020; x_wconf 86' lang='lat'><em>.</em></span> 
     </span>
    </p>

    <p class='ocr_par' dir='ltr' id='par_1_16' title="bbox 237 2032 1201 2545">
     <span class='ocr_line' id='line_1_56' title="bbox 345 2032 1201 2086; baseline 0.004 -15"><span class='ocrx_word' id='word_1_291' title='bbox 345 2034 548 2077; x_wconf 84' lang='lat' dir='ltr'>Praeterea‚</span> <span class='ocrx_word' id='word_1_292' title='bbox 572 2032 772 2083; x_wconf 70' lang='lat' dir='ltr'>Appetitas</span> <span class='ocrx_word' id='word_1_293' title='bbox 786 2035 971 2072; x_wconf 78' lang='lat' dir='ltr'>senfitivus</span> <span class='ocrx_word' id='word_1_294' title='bbox 998 2035 1108 2071; x_wconf 76' lang='lat' dir='ltr'>habet</span> <span class='ocrx_word' id='word_1_295' title='bbox 1133 2047 1201 2086; x_wconf 86' lang='lat' dir='ltr'>pro</span> 
     </span>
     <span class='ocr_line' id='line_1_57' title="bbox 240 2086 1196 2135; baseline -0.001 -10"><span class='ocrx_word' id='word_1_296' title='bbox 240 2086 388 2135; x_wconf 67' lang='lat' dir='ltr'>objeao</span> <span class='ocrx_word' id='word_1_297' title='bbox 403 2088 539 2122; x_wconf 90' lang='lat' dir='ltr'>bonum</span> <span class='ocrx_word' id='word_1_298' title='bbox 555 2112 566 2127; x_wconf 93' lang='lat'>,</span> <span class='ocrx_word' id='word_1_299' title='bbox 583 2096 625 2122; x_wconf 79' lang='lat' dir='ltr'>nt</span> <span class='ocrx_word' id='word_1_300' title='bbox 642 2099 738 2123; x_wconf 92' lang='lat' dir='ltr'>nunc</span> <span class='ocrx_word' id='word_1_301' title='bbox 751 2089 886 2122; x_wconf 82' lang='lat' dir='ltr'>bonum</span> <span class='ocrx_word' id='word_1_302' title='bbox 905 2115 913 2127; x_wconf 83' lang='grc'>,</span> <span class='ocrx_word' id='word_1_303' title='bbox 938 2100 1064 2134; x_wconf 81' lang='lat' dir='ltr'>nempe</span> <span class='ocrx_word' id='word_1_304' title='bbox 1078 2087 1196 2133; x_wconf 85' lang='lat' dir='ltr'>fingu-</span> 
     </span>
     <span class='ocr_line' id='line_1_58' title="bbox 239 2136 1199 2176; baseline -0.001 0"><span class='ocrx_word' id='word_1_305' title='bbox 239 2140 313 2176; x_wconf 88' lang='lat' dir='ltr'>lare</span> <span class='ocrx_word' id='word_1_306' title='bbox 325 2137 493 2174; x_wconf 63' lang='lat' dir='ltr'>affectum</span> <span class='ocrx_word' id='word_1_307' title='bbox 506 2136 776 2175; x_wconf 82' lang='lat' dir='ltr'>conditionibus</span> <span class='ocrx_word' id='word_1_308' title='bbox 795 2139 1199 2175; x_wconf 77' lang='lat' dir='ltr'>individnantibuszvo-</span> 
     </span>
     <span class='ocr_line' id='line_1_59' title="bbox 239 2187 1197 2234; baseline 0.001 -7"><span class='ocrx_word' id='word_1_309' title='bbox 239 2190 391 2227; x_wconf 84' lang='lat' dir='ltr'>luntatis</span> <span class='ocrx_word' id='word_1_310' title='bbox 404 2199 523 2224; x_wconf 87' lang='lat' dir='ltr'>autem</span> <span class='ocrx_word' id='word_1_311' title='bbox 538 2187 727 2234; x_wconf 63' lang='lat' dir='ltr'>objeetum</span> <span class='ocrx_word' id='word_1_312' title='bbox 739 2189 787 2225; x_wconf 88' lang='lat' dir='ltr'>est</span> <span class='ocrx_word' id='word_1_313' title='bbox 801 2191 934 2226; x_wconf 83' lang='lat' dir='ltr'>bonum</span> <span class='ocrx_word' id='word_1_314' title='bbox 953 2189 1135 2226; x_wconf 86' lang='lat' dir='ltr'>ostensum</span> <span class='ocrx_word' id='word_1_315' title='bbox 1152 2192 1197 2228; x_wconf 89' lang='lat' dir='ltr'>ab</span> 
     </span>
     <span class='ocr_line' id='line_1_60' title="bbox 237 2239 1196 2286; baseline 0 -8"><span class='ocrx_word' id='word_1_316' title='bbox 237 2239 543 2286; x_wconf 63' lang='lat' dir='ltr'>intellestmquod</span> <span class='ocrx_word' id='word_1_317' title='bbox 553 2239 602 2275; x_wconf 90' lang='lat' dir='ltr'>est</span> <span class='ocrx_word' id='word_1_318' title='bbox 615 2239 753 2276; x_wconf 81' lang='lat' dir='ltr'>bonum</span> <span class='ocrx_word' id='word_1_319' title='bbox 768 2239 1047 2282; x_wconf 70' lang='lat' dir='ltr'>universaleJeu</span> <span class='ocrx_word' id='word_1_320' title='bbox 1060 2242 1196 2278; x_wconf 91' lang='lat' dir='ltr'>bonum</span> 
     </span>
     <span class='ocr_line' id='line_1_61' title="bbox 238 2290 1197 2340; baseline 0.001 -13"><span class='ocrx_word' id='word_1_321' title='bbox 238 2291 446 2340; x_wconf 77' lang='lat' dir='ltr'>{impliciter</span> <span class='ocrx_word' id='word_1_322' title='bbox 474 2316 484 2326; x_wconf 90' lang='lat'>.</span> <span class='ocrx_word' id='word_1_323' title='bbox 513 2290 610 2326; x_wconf 87' lang='lat' dir='ltr'>Cum</span> <span class='ocrx_word' id='word_1_324' title='bbox 639 2291 750 2336; x_wconf 89' lang='lat' dir='ltr'>igitur</span> <span class='ocrx_word' id='word_1_325' title='bbox 779 2292 870 2328; x_wconf 81' lang='lat' dir='ltr'>nulli</span> <span class='ocrx_word' id='word_1_326' title='bbox 897 2294 1065 2339; x_wconf 78' lang='lat' dir='ltr'>potentiae</span> <span class='ocrx_word' id='word_1_327' title='bbox 1092 2293 1197 2329; x_wconf 71' lang='lat' dir='ltr'>liceat</span> 
     </span>
     <span class='ocr_line' id='line_1_62' title="bbox 238 2340 1198 2391; baseline 0.002 -13"><span class='ocrx_word' id='word_1_328' title='bbox 238 2342 359 2380; x_wconf 67' lang='lat' dir='ltr'>astum</span> <span class='ocrx_word' id='word_1_329' title='bbox 374 2340 478 2378; x_wconf 88' lang='lat' dir='ltr'>suum</span> <span class='ocrx_word' id='word_1_330' title='bbox 491 2341 684 2379; x_wconf 82' lang='lat' dir='ltr'>extendere</span> <span class='ocrx_word' id='word_1_331' title='bbox 697 2343 790 2380; x_wconf 73' lang='lat' dir='ltr'>ultra</span> <span class='ocrx_word' id='word_1_332' title='bbox 804 2343 934 2379; x_wconf 78' lang='lat' dir='ltr'>limites</span> <span class='ocrx_word' id='word_1_333' title='bbox 945 2344 1082 2391; x_wconf 87' lang='lat' dir='ltr'>proprii</span> <span class='ocrx_word' id='word_1_334' title='bbox 1094 2345 1198 2390; x_wconf 82' lang='lat' dir='ltr'>obje-</span> 
     </span>
     <span class='ocr_line' id='line_1_63' title="bbox 238 2392 1196 2442; baseline -0.001 -11"><span class='ocrx_word' id='word_1_335' title='bbox 238 2394 287 2431; x_wconf 72' lang='grc' dir='ltr'>ἕὶί</span> <span class='ocrx_word' id='word_1_336' title='bbox 302 2417 315 2437; x_wconf 89' lang='grc'>,</span> <span class='ocrx_word' id='word_1_337' title='bbox 347 2405 417 2429; x_wconf 89' lang='lat' dir='ltr'>non</span> <span class='ocrx_word' id='word_1_338' title='bbox 432 2395 565 2440; x_wconf 90' lang='lat' dir='ltr'>poterit</span> <span class='ocrx_word' id='word_1_339' title='bbox 581 2392 770 2442; x_wconf 71' lang='lat' dir='ltr'>senfirivus</span> <span class='ocrx_word' id='word_1_340' title='bbox 801 2396 985 2441; x_wconf 53' lang='lat' dir='ltr'>appetitus</span> <span class='ocrx_word' id='word_1_341' title='bbox 1017 2405 1196 2430; x_wconf 48' lang='lat' dir='ltr'>movere..</span> 
     </span>
     <span class='ocr_line' id='line_1_64' title="bbox 239 2442 1198 2493; baseline 0.001 -14"><span class='ocrx_word' id='word_1_342' title='bbox 239 2445 466 2480; x_wconf 83' lang='lat' dir='ltr'>voluntatem</span> <span class='ocrx_word' id='word_1_343' title='bbox 482 2469 492 2485; x_wconf 89' lang='lat'>,</span> <span class='ocrx_word' id='word_1_344' title='bbox 507 2442 615 2490; x_wconf 89' lang='lat' dir='ltr'>cujus</span> <span class='ocrx_word' id='word_1_345' title='bbox 629 2444 814 2492; x_wconf 70' lang='lat' dir='ltr'>objeSium</span> <span class='ocrx_word' id='word_1_346' title='bbox 833 2445 1039 2493; x_wconf 69' lang='lat' dir='ltr'>{itt-pliciter</span> <span class='ocrx_word' id='word_1_347' title='bbox 1055 2445 1198 2481; x_wconf 86' lang='lat' dir='ltr'>excedit</span> 
     </span>
     <span class='ocr_line' id='line_1_65' title="bbox 239 2493 1200 2545; baseline -0.001 -13"><span class='ocrx_word' id='word_1_348' title='bbox 239 2494 278 2532; x_wconf 86' lang='lat' dir='ltr'>id</span> <span class='ocrx_word' id='word_1_349' title='bbox 295 2521 307 2538; x_wconf 95' lang='lat'><strong>,</strong></span> <span class='ocrx_word' id='word_1_350' title='bbox 339 2495 377 2531; x_wconf 87' lang='lat' dir='ltr'>in</span> <span class='ocrx_word' id='word_1_351' title='bbox 391 2493 491 2542; x_wconf 85' lang='lat' dir='ltr'>quod</span> <span class='ocrx_word' id='word_1_352' title='bbox 507 2507 570 2543; x_wconf 87' lang='lat' dir='ltr'>per</span> <span class='ocrx_word' id='word_1_353' title='bbox 585 2495 618 2531; x_wconf 89' lang='lat' dir='ltr'>se</span> <span class='ocrx_word' id='word_1_354' title='bbox 631 2496 747 2533; x_wconf 79' lang='lat' dir='ltr'>tendit</span> <span class='ocrx_word' id='word_1_355' title='bbox 778 2498 962 2545; x_wconf 83' lang='lat' dir='ltr'>appetitus</span> <span class='ocrx_word' id='word_1_356' title='bbox 991 2496 1176 2533; x_wconf 81' lang='lat' dir='ltr'>sensitivus</span> <span class='ocrx_word' id='word_1_357' title='bbox 1190 2521 1200 2531; x_wconf 90' lang='lat'><strong>.</strong></span> 
     </span>
    </p>

    <p class='ocr_par' dir='ltr' id='par_1_17' title="bbox 239 2545 1201 2947">
     <span class='ocr_line' id='line_1_66' title="bbox 343 2545 1201 2595; baseline 0 -13"><span class='ocrx_word' id='word_1_358' title='bbox 343 2546 519 2582; x_wconf 81' lang='lat' dir='ltr'>Praeterea</span> <span class='ocrx_word' id='word_1_359' title='bbox 533 2573 545 2588; x_wconf 93' lang='lat'><em>,</em></span> <span class='ocrx_word' id='word_1_360' title='bbox 577 2546 760 2585; x_wconf 77' lang='lat' dir='ltr'>Voluntas</span> <span class='ocrx_word' id='word_1_361' title='bbox 775 2558 894 2584; x_wconf 88' lang='lat' dir='ltr'>movet</span> <span class='ocrx_word' id='word_1_362' title='bbox 908 2551 1108 2595; x_wconf 79' lang='lat' dir='ltr'>appetitum</span> <span class='ocrx_word' id='word_1_363' title='bbox 1123 2545 1201 2583; x_wconf 83' lang='lat' dir='ltr'>sen-</span> 
     </span>
     <span class='ocr_line' id='line_1_67' title="bbox 242 2595 1200 2646; baseline 0.003 -13"><span class='ocrx_word' id='word_1_364' title='bbox 242 2595 386 2633; x_wconf 79' lang='lat' dir='ltr'>sitivum</span> <span class='ocrx_word' id='word_1_365' title='bbox 404 2609 416 2637; x_wconf 92' lang='lat'>;</span> <span class='ocrx_word' id='word_1_366' title='bbox 442 2597 473 2632; x_wconf 88' lang='lat' dir='ltr'>is</span> <span class='ocrx_word' id='word_1_367' title='bbox 486 2598 578 2634; x_wconf 86' lang='lat' dir='ltr'>enim</span> <span class='ocrx_word' id='word_1_368' title='bbox 595 2600 781 2646; x_wconf 80' lang='lat' dir='ltr'>appetitus</span> <span class='ocrx_word' id='word_1_369' title='bbox 807 2599 867 2634; x_wconf 75' lang='lat' dir='ltr'>etii</span> <span class='ocrx_word' id='word_1_370' title='bbox 901 2612 961 2645; x_wconf 84' lang='lat' dir='ltr'>per</span> <span class='ocrx_word' id='word_1_371' title='bbox 990 2601 1200 2636; x_wconf 72' lang='lat' dir='ltr'>rationem-0</span> 
     </span>
     <span class='ocr_line' id='line_1_68' title="bbox 243 2646 1200 2695; baseline 0.003 -13"><span class='ocrx_word' id='word_1_372' title='bbox 243 2647 385 2683; x_wconf 90' lang='lat' dir='ltr'>minime</span> <span class='ocrx_word' id='word_1_373' title='bbox 398 2646 655 2693; x_wconf 85' lang='lat' dir='ltr'>persuadeatur</span> <span class='ocrx_word' id='word_1_374' title='bbox 672 2677 681 2691; x_wconf 91' lang='lat'><em>‚</em></span> <span class='ocrx_word' id='word_1_375' title='bbox 708 2652 934 2695; x_wconf 79' lang='lat' dir='ltr'>obtemperat</span> <span class='ocrx_word' id='word_1_376' title='bbox 962 2650 1200 2686; x_wconf 72' lang='lat' dir='ltr'>nihilominus</span> 
     </span>
     <span class='ocr_line' id='line_1_69' title="bbox 245 2697 1199 2749; baseline 0.004 -18"><span class='ocrx_word' id='word_1_377' title='bbox 245 2697 373 2734; x_wconf 80' lang='lat' dir='ltr'>rationi</span> <span class='ocrx_word' id='word_1_378' title='bbox 390 2697 799 2744; x_wconf 77' lang='lat' dir='ltr'>praecipienti‚nwvetttt</span> <span class='ocrx_word' id='word_1_379' title='bbox 815 2700 925 2744; x_wconf 84' lang='lat' dir='ltr'>igitur</span> <span class='ocrx_word' id='word_1_380' title='bbox 937 2714 997 2747; x_wconf 82' lang='lat' dir='ltr'>per</span> <span class='ocrx_word' id='word_1_381' title='bbox 1010 2702 1199 2749; x_wconf 72' lang='lat' dir='ltr'>imperium</span> 
     </span>
     <span class='ocr_line' id='line_1_70' title="bbox 245 2747 1182 2793; baseline 0.005 -11"><span class='ocrx_word' id='word_1_382' title='bbox 245 2747 472 2787; x_wconf 86' lang='lat' dir='ltr'>voluntatis;</span> <span class='ocrx_word' id='word_1_383' title='bbox 496 2759 585 2792; x_wconf 83' lang='lat' dir='ltr'>ergo</span> <span class='ocrx_word' id='word_1_384' title='bbox 601 2749 746 2785; x_wconf 80' lang='lat' dir='ltr'>viciffim</span> <span class='ocrx_word' id='word_1_385' title='bbox 766 2748 842 2793; x_wconf 64' lang='lat' dir='ltr'>ipsa</span> <span class='ocrx_word' id='word_1_386' title='bbox 858 2752 1022 2786; x_wconf 83' lang='lat' dir='ltr'>voluntas</span> <span class='ocrx_word' id='word_1_387' title='bbox 1040 2765 1109 2789; x_wconf 90' lang='lat' dir='ltr'>non</span> <span class='ocrx_word' id='word_1_388' title='bbox 1123 2764 1182 2787; x_wconf 93' lang='lat' dir='ltr'>mo</span> 
     </span>
     <span class='ocr_line' id='line_1_71' title="bbox 245 2797 1198 2849; baseline 0.004 -15"><span class='ocrx_word' id='word_1_389' title='bbox 245 2809 353 2834; x_wconf 86' lang='lat' dir='ltr'>vetur</span> <span class='ocrx_word' id='word_1_390' title='bbox 370 2798 415 2833; x_wconf 83' lang='lat' dir='ltr'>ab</span> <span class='ocrx_word' id='word_1_391' title='bbox 427 2799 587 2846; x_wconf 89' lang='lat' dir='ltr'>appetitu</span> <span class='ocrx_word' id='word_1_392' title='bbox 601 2797 790 2842; x_wconf 81' lang='lat' dir='ltr'>sensi-ivo,</span> <span class='ocrx_word' id='word_1_393' title='bbox 817 2812 934 2849; x_wconf 84' lang='lat' dir='ltr'>neque</span> <span class='ocrx_word' id='word_1_394' title='bbox 948 2815 1070 2849; x_wconf 86' lang='lat' dir='ltr'>parere</span> <span class='ocrx_word' id='word_1_395' title='bbox 1086 2805 1118 2840; x_wconf 90' lang='lat' dir='ltr'>ei</span> <span class='ocrx_word' id='word_1_396' title='bbox 1134 2815 1198 2838; x_wconf 81' lang='lat' dir='ltr'>vo-</span> 
     </span>
     <span class='ocr_line' id='line_1_72' title="bbox 242 2850 1199 2900; baseline 0.005 -15"><span class='ocrx_word' id='word_1_397' title='bbox 242 2850 363 2885; x_wconf 86' lang='lat' dir='ltr'>luntas</span> <span class='ocrx_word' id='word_1_398' title='bbox 377 2850 579 2895; x_wconf 66' lang='lat' dir='ltr'>cogitur-,ut</span> <span class='ocrx_word' id='word_1_399' title='bbox 592 2850 664 2899; x_wconf 90' lang='lat' dir='ltr'>ipse</span> <span class='ocrx_word' id='word_1_400' title='bbox 679 2850 871 2889; x_wconf 69' lang='lat' dir='ltr'>necessario</span> <span class='ocrx_word' id='word_1_401' title='bbox 884 2851 1054 2900; x_wconf 84' lang='lat' dir='ltr'>sequatur</span> <span class='ocrx_word' id='word_1_402' title='bbox 1068 2855 1199 2890; x_wconf 79' lang='lat' dir='ltr'>volun-</span> 
     </span>
     <span class='ocr_line' id='line_1_73' title="bbox 239 2900 555 2947; baseline -0.003 -10"><span class='ocrx_word' id='word_1_403' title='bbox 239 2910 257 2937; x_wconf 81' lang='lat' dir='ltr'>t</span> <span class='ocrx_word' id='word_1_404' title='bbox 282 2900 327 2936; x_wconf 86' lang='lat' dir='ltr'>tis</span> <span class='ocrx_word' id='word_1_405' title='bbox 340 2900 528 2947; x_wconf 88' lang='lat' dir='ltr'>imperium</span> <span class='ocrx_word' id='word_1_406' title='bbox 546 2926 555 2936; x_wconf 85' lang='lat'>.</span> 
     </span>
    </p>

    <p class='ocr_par' dir='ltr' id='par_1_18' title="bbox 237 2950 1199 3152">
     <span class='ocr_line' id='line_1_74' title="bbox 348 2950 1199 3003; baseline 0.007 -17"><span class='ocrx_word' id='word_1_407' title='bbox 348 2950 504 2994; x_wconf 88' lang='lat' dir='ltr'>Contra,</span> <span class='ocrx_word' id='word_1_408' title='bbox 518 2951 578 2988; x_wconf 88' lang='lat' dir='ltr'>Ad</span> <span class='ocrx_word' id='word_1_409' title='bbox 605 2953 758 2991; x_wconf 78' lang='lat' dir='ltr'>Roman.</span> <span class='ocrx_word' id='word_1_410' title='bbox 777 2965 813 3001; x_wconf 84' lang='lat'>7.</span> <span class='ocrx_word' id='word_1_411' title='bbox 833 2954 953 2991; x_wconf 75' lang='lat' dir='ltr'>Video</span> <span class='ocrx_word' id='word_1_412' title='bbox 966 2956 1199 3003; x_wconf 77' lang='lat' dir='ltr'>autem,(in-</span> 
     </span>
     <span class='ocr_line' id='line_1_75' title="bbox 243 3000 1199 3052; baseline 0.009 -15"><span class='ocrx_word' id='word_1_413' title='bbox 243 3001 326 3049; x_wconf 75' lang='lat' dir='ltr'>quit</span> <span class='ocrx_word' id='word_1_414' title='bbox 339 3000 474 3039; x_wconf 80' lang='lat' dir='ltr'>Paulus</span> <span class='ocrx_word' id='word_1_415' title='bbox 489 3002 632 3051; x_wconf 81' lang='lat' dir='ltr'>)uliam</span> <span class='ocrx_word' id='word_1_416' title='bbox 645 3003 753 3051; x_wconf 84' lang='lat' dir='ltr'>legem</span> <span class='ocrx_word' id='word_1_417' title='bbox 765 3011 804 3042; x_wconf 80' lang='lat' dir='ltr'>in</span> <span class='ocrx_word' id='word_1_418' title='bbox 819 3008 946 3043; x_wconf 75' lang='lat' dir='ltr'>membr</span> <span class='ocrx_word' id='word_1_419' title='bbox 953 3007 985 3042; x_wconf 78' lang='grc' dir='ltr'>ὶς</span> <span class='ocrx_word' id='word_1_420' title='bbox 997 3009 1079 3044; x_wconf 78' lang='lat' dir='ltr'>meis</span> <span class='ocrx_word' id='word_1_421' title='bbox 1093 3016 1199 3052; x_wconf 77' lang='lat' dir='ltr'>repu-</span> 
     </span>
     <span class='ocr_line' id='line_1_76' title="bbox 237 3052 1198 3103; baseline 0.007 -18"><span class='ocrx_word' id='word_1_422' title='bbox 237 3061 409 3098; x_wconf 77' lang='lat' dir='ltr'>gnantem</span> <span class='ocrx_word' id='word_1_423' title='bbox 427 3052 495 3097; x_wconf 64' lang='lat' dir='ltr'>legi</span> <span class='ocrx_word' id='word_1_424' title='bbox 509 3056 636 3090; x_wconf 75' lang='lat' dir='ltr'>mentis</span> <span class='ocrx_word' id='word_1_425' title='bbox 651 3067 733 3091; x_wconf 77' lang='lat' dir='ltr'>meae</span> <span class='ocrx_word' id='word_1_426' title='bbox 747 3056 790 3095; x_wconf 64' lang='grc' dir='ltr'>ἐν</span> <span class='ocrx_word' id='word_1_427' title='bbox 803 3059 1046 3103; x_wconf 78' lang='lat' dir='ltr'>capti-vantem</span> <span class='ocrx_word' id='word_1_428' title='bbox 1056 3070 1110 3095; x_wconf 83' lang='lat' dir='ltr'>me</span> <span class='ocrx_word' id='word_1_429' title='bbox 1124 3059 1198 3096; x_wconf 50' lang='lat' dir='ltr'>in„</span> 
     </span>
     <span class='ocr_line' id='line_1_77' title="bbox 244 3102 1010 3152; baseline 0.005 -13"><span class='ocrx_word' id='word_1_430' title='bbox 244 3103 321 3149; x_wconf 83' lang='lat' dir='ltr'>lege</span> <span class='ocrx_word' id='word_1_431' title='bbox 332 3104 471 3150; x_wconf 68' lang='lat' dir='ltr'>peccati</span> <span class='ocrx_word' id='word_1_432' title='bbox 487 3131 497 3146; x_wconf 97' lang='lat'>,</span> <span class='ocrx_word' id='word_1_433' title='bbox 521 3116 597 3152; x_wconf 83' lang='lat' dir='ltr'>quae</span> <span class='ocrx_word' id='word_1_434' title='bbox 612 3102 708 3150; x_wconf 83' lang='lat' dir='ltr'>estin</span> <span class='ocrx_word' id='word_1_435' title='bbox 725 3109 890 3143; x_wconf 78' lang='lat' dir='ltr'>membris</span> <span class='ocrx_word' id='word_1_436' title='bbox 903 3109 987 3144; x_wconf 79' lang='lat' dir='ltr'>meir</span> <span class='ocrx_word' id='word_1_437' title='bbox 1000 3133 1010 3143; x_wconf 83' lang='lat'><strong>.</strong></span> 
     </span>
    </p>

    <p class='ocr_par' dir='ltr' id='par_1_19' title="bbox 246 3152 1200 3609">
     <span class='ocr_line' id='line_1_78' title="bbox 349 3152 1198 3200; baseline 0.007 -12"><span class='ocrx_word' id='word_1_438' title='bbox 349 3152 565 3200; x_wconf 86' lang='lat' dir='ltr'>Respondeo</span> <span class='ocrx_word' id='word_1_439' title='bbox 580 3154 774 3193; x_wconf 83' lang='lat' dir='ltr'>dicendum</span> <span class='ocrx_word' id='word_1_440' title='bbox 790 3184 799 3200; x_wconf 93' lang='lat'><strong><em>,</em></strong></span> <span class='ocrx_word' id='word_1_441' title='bbox 825 3157 1060 3195; x_wconf 81' lang='lat' dir='ltr'>Voluntatem</span> <span class='ocrx_word' id='word_1_442' title='bbox 1074 3171 1198 3196; x_wconf 85' lang='lat' dir='ltr'>revera</span> 
     </span>
     <span class='ocr_line' id='line_1_79' title="bbox 248 3204 1199 3255; baseline 0.007 -17"><span class='ocrx_word' id='word_1_443' title='bbox 248 3204 618 3253; x_wconf 85' lang='lat' dir='ltr'>moveriabappetitu</span> <span class='ocrx_word' id='word_1_444' title='bbox 634 3205 802 3243; x_wconf 77' lang='lat' dir='ltr'>senfitivo</span> <span class='ocrx_word' id='word_1_445' title='bbox 817 3232 826 3242; x_wconf 92' lang='lat'><strong>.</strong></span> <span class='ocrx_word' id='word_1_446' title='bbox 848 3208 903 3243; x_wconf 77' lang='lat' dir='ltr'>Ad</span> <span class='ocrx_word' id='word_1_447' title='bbox 916 3207 1024 3255; x_wconf 86' lang='lat' dir='ltr'>cujus</span> <span class='ocrx_word' id='word_1_448' title='bbox 1050 3209 1199 3247; x_wconf 80' lang='lat' dir='ltr'>eviden-</span> 
     </span>
     <span class='ocr_line' id='line_1_80' title="bbox 247 3253 1200 3308; baseline 0.007 -19"><span class='ocrx_word' id='word_1_449' title='bbox 247 3255 331 3290; x_wconf 87' lang='lat' dir='ltr'>tiam</span> <span class='ocrx_word' id='word_1_450' title='bbox 344 3253 525 3291; x_wconf 87' lang='lat' dir='ltr'>sciendum</span> <span class='ocrx_word' id='word_1_451' title='bbox 542 3283 552 3299; x_wconf 94' lang='lat'>,</span> <span class='ocrx_word' id='word_1_452' title='bbox 574 3269 620 3293; x_wconf 88' lang='lat' dir='ltr'>ex</span> <span class='ocrx_word' id='word_1_453' title='bbox 632 3269 708 3302; x_wconf 86' lang='lat' dir='ltr'>quo</span> <span class='ocrx_word' id='word_1_454' title='bbox 723 3271 787 3307; x_wconf 87' lang='lat' dir='ltr'>per</span> <span class='ocrx_word' id='word_1_455' title='bbox 799 3258 1079 3296; x_wconf 70' lang='lat' dir='ltr'>inobedientiam</span> <span class='ocrx_word' id='word_1_456' title='bbox 1093 3273 1126 3308; x_wconf 79' lang='lat' dir='ltr'>pt</span> <span class='ocrx_word' id='word_1_457' title='bbox 1137 3261 1200 3296; x_wconf 91' lang='lat' dir='ltr'>imi</span> 
     </span>
     <span class='ocr_line' id='line_1_81' title="bbox 249 3304 1198 3358; baseline 0.006 -18"><span class='ocrx_word' id='word_1_458' title='bbox 249 3304 405 3341; x_wconf 88' lang='lat' dir='ltr'>hominis</span> <span class='ocrx_word' id='word_1_459' title='bbox 432 3306 610 3342; x_wconf 75' lang='lat' dir='ltr'>amifimus</span> <span class='ocrx_word' id='word_1_460' title='bbox 626 3306 800 3353; x_wconf 85' lang='lat' dir='ltr'>justitiam</span> <span class='ocrx_word' id='word_1_461' title='bbox 828 3310 1068 3355; x_wconf 84' lang='lat' dir='ltr'>originalem,</span> <span class='ocrx_word' id='word_1_462' title='bbox 1091 3323 1198 3358; x_wconf 85' lang='lat' dir='ltr'>appe-</span> 
     </span>
     <span class='ocr_line' id='line_1_82' title="bbox 246 3356 1199 3408; baseline 0.007 -18"><span class='ocrx_word' id='word_1_463' title='bbox 246 3357 336 3391; x_wconf 87' lang='lat' dir='ltr'>titus</span> <span class='ocrx_word' id='word_1_464' title='bbox 364 3356 608 3393; x_wconf 70' lang='lat' dir='ltr'>intelleffivus</span> <span class='ocrx_word' id='word_1_465' title='bbox 640 3360 755 3395; x_wconf 79' lang='lat' dir='ltr'>veluti</span> <span class='ocrx_word' id='word_1_466' title='bbox 782 3361 885 3395; x_wconf 84' lang='lat' dir='ltr'>navis</span> <span class='ocrx_word' id='word_1_467' title='bbox 913 3360 949 3396; x_wconf 88' lang='lat' dir='ltr'>vi</span> <span class='ocrx_word' id='word_1_468' title='bbox 977 3361 1199 3408; x_wconf 83' lang='lat' dir='ltr'>tempestatis</span> 
     </span>
     <span class='ocr_line' id='line_1_83' title="bbox 249 3405 1198 3456; baseline 0.006 -15"><span class='ocrx_word' id='word_1_469' title='bbox 249 3405 394 3443; x_wconf 67' lang='lat' dir='ltr'>difieao</span> <span class='ocrx_word' id='word_1_470' title='bbox 407 3408 657 3452; x_wconf 81' lang='lat' dir='ltr'>gubernaculo</span> <span class='ocrx_word' id='word_1_471' title='bbox 675 3437 684 3450; x_wconf 93' lang='lat'>‚</span> <span class='ocrx_word' id='word_1_472' title='bbox 710 3411 743 3445; x_wconf 72' lang='lat'>8&lt;</span> <span class='ocrx_word' id='word_1_473' title='bbox 762 3422 878 3456; x_wconf 84' lang='lat' dir='ltr'>equus</span> <span class='ocrx_word' id='word_1_474' title='bbox 892 3411 1008 3448; x_wconf 58' lang='lat' dir='ltr'>staffilo</span> <span class='ocrx_word' id='word_1_475' title='bbox 1023 3412 1198 3456; x_wconf 60' lang='lat' dir='ltr'>fraenofilt</span> 
     </span>
     <span class='ocr_line' id='line_1_84' title="bbox 250 3456 1200 3513; baseline 0.006 -21"><span class='ocrx_word' id='word_1_476' title='bbox 250 3456 489 3505; x_wconf 84' lang='lat' dir='ltr'>exemplificat</span> <span class='ocrx_word' id='word_1_477' title='bbox 505 3457 627 3494; x_wconf 85' lang='lat' dir='ltr'>Ansel.</span> <span class='ocrx_word' id='word_1_478' title='bbox 644 3459 687 3495; x_wconf 79' lang='lat' dir='ltr'>de</span> <span class='ocrx_word' id='word_1_479' title='bbox 699 3458 846 3509; x_wconf 79' lang='lat' dir='ltr'>Concep.</span> <span class='ocrx_word' id='word_1_480' title='bbox 860 3463 970 3508; x_wconf 82' lang='lat' dir='ltr'>Virg.</span> <span class='ocrx_word' id='word_1_481' title='bbox 983 3471 1058 3510; x_wconf 79' lang='lat' dir='ltr'>cap.</span> <span class='ocrx_word' id='word_1_482' title='bbox 1073 3473 1107 3507; x_wconf 85' lang='lat'>5.</span> <span class='ocrx_word' id='word_1_483' title='bbox 1119 3472 1140 3513; x_wconf 87' lang='lat'><em>)</em></span> <span class='ocrx_word' id='word_1_484' title='bbox 1158 3462 1200 3498; x_wconf 84' lang='lat' dir='ltr'>fi-</span> 
     </span>
     <span class='ocr_line' id='line_1_85' title="bbox 251 3505 1199 3559; baseline 0.007 -17"><span class='ocrx_word' id='word_1_485' title='bbox 251 3507 287 3542; x_wconf 91' lang='lat' dir='ltr'>bi</span> <span class='ocrx_word' id='word_1_486' title='bbox 312 3507 472 3544; x_wconf 81' lang='lat' dir='ltr'>dimisl‘us</span> <span class='ocrx_word' id='word_1_487' title='bbox 495 3505 649 3545; x_wconf 64' lang='lat' dir='ltr'>effrenis</span> <span class='ocrx_word' id='word_1_488' title='bbox 674 3509 798 3559; x_wconf 83' lang='lat' dir='ltr'>suapte</span> <span class='ocrx_word' id='word_1_489' title='bbox 821 3523 942 3547; x_wconf 70' lang='lat' dir='ltr'>natura</span> <span class='ocrx_word' id='word_1_490' title='bbox 985 3525 1120 3559; x_wconf 83' lang='lat' dir='ltr'>pronus</span> <span class='ocrx_word' id='word_1_491' title='bbox 1147 3512 1199 3549; x_wconf 87' lang='lat' dir='ltr'>est</span> 
     </span>
     <span class='ocr_line' id='line_1_86' title="bbox 251 3556 1199 3609; baseline 0.011 -19"><span class='ocrx_word' id='word_1_492' title='bbox 251 3556 453 3594; x_wconf 84' lang='lat' dir='ltr'>inordinate</span> <span class='ocrx_word' id='word_1_493' title='bbox 466 3558 706 3596; x_wconf 66' lang='lat' dir='ltr'>condelefitari</span> <span class='ocrx_word' id='word_1_494' title='bbox 722 3563 897 3609; x_wconf 86' lang='lat' dir='ltr'>appetitui</span> <span class='ocrx_word' id='word_1_495' title='bbox 914 3563 1080 3600; x_wconf 73' lang='lat' dir='ltr'>senfirivo</span> <span class='ocrx_word' id='word_1_496' title='bbox 1097 3591 1107 3606; x_wconf 92' lang='lat'>,</span> <span class='ocrx_word' id='word_1_497' title='bbox 1138 3563 1199 3600; x_wconf 81' lang='lat' dir='ltr'>cui</span> 
     </span>
    </p>

    <p class='ocr_par' dir='ltr' id='par_1_20' title="bbox 252 3606 1203 3760">
     <span class='ocr_line' id='line_1_87' title="bbox 252 3606 1200 3653; baseline 0.009 -12"><span class='ocrx_word' id='word_1_498' title='bbox 252 3606 489 3653; x_wconf 82' lang='lat' dir='ltr'>conjungitur</span> <span class='ocrx_word' id='word_1_499' title='bbox 506 3635 516 3650; x_wconf 94' lang='lat'><strong>,</strong></span> <span class='ocrx_word' id='word_1_500' title='bbox 542 3619 624 3645; x_wconf 90' lang='lat' dir='ltr'>toto</span> <span class='ocrx_word' id='word_1_501' title='bbox 636 3621 771 3648; x_wconf 91' lang='lat' dir='ltr'>conatu</span> <span class='ocrx_word' id='word_1_502' title='bbox 795 3611 956 3648; x_wconf 82' lang='lat' dir='ltr'>tendenti</span> <span class='ocrx_word' id='word_1_503' title='bbox 974 3615 1009 3648; x_wconf 86' lang='lat' dir='ltr'>in</span> <span class='ocrx_word' id='word_1_504' title='bbox 1040 3614 1200 3650; x_wconf 82' lang='lat' dir='ltr'>{ibicon-</span> 
     </span>
     <span class='ocr_line' id='line_1_88' title="bbox 253 3658 1203 3709; baseline 0.008 -19"><span class='ocrx_word' id='word_1_505' title='bbox 253 3658 429 3693; x_wconf 81' lang='lat' dir='ltr'>venientia</span> <span class='ocrx_word' id='word_1_506' title='bbox 446 3671 459 3699; x_wconf 89' lang='lat'>;</span> <span class='ocrx_word' id='word_1_507' title='bbox 483 3658 518 3692; x_wconf 90' lang='lat' dir='ltr'>id</span> <span class='ocrx_word' id='word_1_508' title='bbox 531 3661 623 3695; x_wconf 89' lang='lat' dir='ltr'>enim</span> <span class='ocrx_word' id='word_1_509' title='bbox 641 3687 653 3703; x_wconf 95' lang='lat'><em>‚</em></span> <span class='ocrx_word' id='word_1_510' title='bbox 682 3673 759 3709; x_wconf 92' lang='lat' dir='ltr'>quo</span> <span class='ocrx_word' id='word_1_511' title='bbox 774 3664 1012 3699; x_wconf 86' lang='lat' dir='ltr'>coercebatur</span> <span class='ocrx_word' id='word_1_512' title='bbox 1027 3689 1038 3705; x_wconf 91' lang='lat'><em>,</em></span> <span class='ocrx_word' id='word_1_513' title='bbox 1065 3677 1110 3700; x_wconf 88' lang='lat' dir='ltr'>ne</span> <span class='ocrx_word' id='word_1_514' title='bbox 1139 3665 1203 3699; x_wconf 90' lang='lat' dir='ltr'>im-</span> 
     </span>
     <span class='ocr_line' id='line_1_89' title="bbox 253 3704 1200 3760; baseline 0.013 -20"><span class='ocrx_word' id='word_1_515' title='bbox 253 3704 433 3742; x_wconf 79' lang='lat' dir='ltr'>moderate</span> <span class='ocrx_word' id='word_1_516' title='bbox 445 3709 686 3746; x_wconf 69' lang='lat' dir='ltr'>obleetaretur</span> <span class='ocrx_word' id='word_1_517' title='bbox 702 3712 737 3747; x_wconf 90' lang='lat' dir='ltr'>in</span> <span class='ocrx_word' id='word_1_518' title='bbox 751 3713 808 3750; x_wconf 84' lang='lat' dir='ltr'>his</span> <span class='ocrx_word' id='word_1_519' title='bbox 824 3739 836 3755; x_wconf 91' lang='lat'><strong><em>,</em></strong></span> <span class='ocrx_word' id='word_1_520' title='bbox 868 3725 885 3747; x_wconf 83' lang='lat' dir='ltr'>a</span> <span class='ocrx_word' id='word_1_521' title='bbox 898 3714 1033 3760; x_wconf 66' lang='lat' dir='ltr'>quibvs</span> <span class='ocrx_word' id='word_1_522' title='bbox 1044 3714 1200 3751; x_wconf 86' lang='lat' dir='ltr'>trahitur</span> 
     </span>
    </p>
   </div>
   <div class='ocr_carea' id='block_1_13' title="bbox 255 3754 1202 3843">
    <p class='ocr_par' dir='ltr' id='par_1_21' title="bbox 255 3754 1202 3843">
     <span class='ocr_line' id='line_1_90' title="bbox 255 3754 1202 3812; baseline 0.012 -22"><span class='ocrx_word' id='word_1_523' title='bbox 255 3754 442 3791; x_wconf 80' lang='lat' dir='ltr'>senfitinns</span> <span class='ocrx_word' id='word_1_524' title='bbox 457 3759 744 3807; x_wconf 81' lang='lat' dir='ltr'>appetitus,jam</span> <span class='ocrx_word' id='word_1_525' title='bbox 764 3763 828 3800; x_wconf 84' lang='lat' dir='ltr'>fibi</span> <span class='ocrx_word' id='word_1_526' title='bbox 845 3762 974 3812; x_wconf 75' lang='lat' dir='ltr'>ptaesto</span> <span class='ocrx_word' id='word_1_527' title='bbox 985 3775 1057 3802; x_wconf 88' lang='lat' dir='ltr'>non</span> <span class='ocrx_word' id='word_1_528' title='bbox 1074 3763 1143 3807; x_wconf 83' lang='lat' dir='ltr'>est3</span> <span class='ocrx_word' id='word_1_529' title='bbox 1155 3775 1202 3801; x_wconf 81' lang='lat' dir='ltr'>ex</span> 
     </span>
     <span class='ocr_line' id='line_1_91' title="bbox 358 3805 536 3843; baseline 0.028 -4"><span class='ocrx_word' id='word_1_530' title='bbox 358 3805 451 3840; x_wconf 77' lang='lat' dir='ltr'>Tam.</span> <span class='ocrx_word' id='word_1_531' title='bbox 466 3806 536 3843; x_wconf 86' lang='lat'><em>111.</em></span> 
     </span>
    </p>
   </div>
   <div class='ocr_carea' id='block_1_14' title="bbox 1267 131 2236 1586">
    <p class='ocr_par' dir='ltr' id='par_1_22' title="bbox 1267 131 2234 1320">
     <span class='ocr_line' id='line_1_92' title="bbox 1274 131 2224 225; baseline 0.02 -28"><span class='ocrx_word' id='word_1_532' title='bbox 1274 175 1319 200; x_wconf 86' lang='lat' dir='ltr'>eo</span> <span class='ocrx_word' id='word_1_533' title='bbox 1330 165 1439 210; x_wconf 69' lang='lat' dir='ltr'>igitur</span> <span class='ocrx_word' id='word_1_534' title='bbox 1452 162 1492 199; x_wconf 86' lang='lat' dir='ltr'>fit</span> <span class='ocrx_word' id='word_1_535' title='bbox 1502 189 1514 205; x_wconf 94' lang='lat'>,</span> <span class='ocrx_word' id='word_1_536' title='bbox 1528 176 1568 200; x_wconf 91' lang='lat' dir='ltr'>ut</span> <span class='ocrx_word' id='word_1_537' title='bbox 1581 166 1723 202; x_wconf 84' lang='lat' dir='ltr'>dicatur</span> <span class='ocrx_word' id='word_1_538' title='bbox 1733 170 1777 204; x_wconf 89' lang='lat' dir='ltr'>ab</span> <span class='ocrx_word' id='word_1_539' title='bbox 1791 168 1958 209; x_wconf 68' lang='lat' dir='ltr'>senfititvo</span> <span class='ocrx_word' id='word_1_540' title='bbox 1972 131 2224 225; x_wconf 64' lang='lat' dir='ltr'>appetitu5rn0-</span> 
     </span>
     <span class='ocr_line' id='line_1_93' title="bbox 1274 216 2222 271; baseline 0.019 -22"><span class='ocrx_word' id='word_1_541' title='bbox 1274 216 1467 251; x_wconf 87' lang='lat' dir='ltr'>veri.Nam</span> <span class='ocrx_word' id='word_1_542' title='bbox 1479 216 1784 260; x_wconf 83' lang='lat' dir='ltr'>quemadmodum</span> <span class='ocrx_word' id='word_1_543' title='bbox 1797 222 1998 262; x_wconf 64' lang='lat' dir='ltr'>intelleffhts</span> <span class='ocrx_word' id='word_1_544' title='bbox 2011 227 2124 268; x_wconf 81' lang='lat' dir='ltr'>sensui</span> <span class='ocrx_word' id='word_1_545' title='bbox 2137 248 2222 271; x_wconf 89' lang='lat' dir='ltr'>con-</span> 
     </span>
     <span class='ocr_line' id='line_1_94' title="bbox 1271 261 2223 324; baseline 0.015 -25"><span class='ocrx_word' id='word_1_546' title='bbox 1271 261 1424 310; x_wconf 67' lang='lat' dir='ltr'>junaus</span> <span class='ocrx_word' id='word_1_547' title='bbox 1440 273 1546 299; x_wconf 84' lang='lat' dir='ltr'>natus</span> <span class='ocrx_word' id='word_1_548' title='bbox 1574 265 1623 299; x_wconf 91' lang='lat' dir='ltr'>est</span> <span class='ocrx_word' id='word_1_549' title='bbox 1638 265 1836 311; x_wconf 86' lang='lat' dir='ltr'>intelligere</span> <span class='ocrx_word' id='word_1_550' title='bbox 1868 272 2039 314; x_wconf 66' lang='lat' dir='ltr'>sensibilia</span> <span class='ocrx_word' id='word_1_551' title='bbox 2055 306 2067 324; x_wconf 84' lang='lat'><strong>,</strong></span> <span class='ocrx_word' id='word_1_552' title='bbox 2096 284 2142 319; x_wconf 66' lang='lat' dir='ltr'>{ta</span> <span class='ocrx_word' id='word_1_553' title='bbox 2159 298 2223 320; x_wconf 73' lang='lat' dir='ltr'>vo-</span> 
     </span>
     <span class='ocr_line' id='line_1_95' title="bbox 1272 313 2223 374; baseline 0.027 -26"><span class='ocrx_word' id='word_1_554' title='bbox 1272 314 1394 350; x_wconf 81' lang='lat' dir='ltr'>luntas</span> <span class='ocrx_word' id='word_1_555' title='bbox 1408 315 1588 360; x_wconf 82' lang='lat' dir='ltr'>appetitui</span> <span class='ocrx_word' id='word_1_556' title='bbox 1600 313 1770 353; x_wconf 85' lang='lat' dir='ltr'>senfitiuo</span> <span class='ocrx_word' id='word_1_557' title='bbox 1787 320 1979 367; x_wconf 65' lang='lat' dir='ltr'>conjunaa</span> <span class='ocrx_word' id='word_1_558' title='bbox 1997 342 2078 367; x_wconf 77' lang='lat' dir='ltr'>nata</span> <span class='ocrx_word' id='word_1_559' title='bbox 2109 334 2158 370; x_wconf 88' lang='lat' dir='ltr'>est</span> <span class='ocrx_word' id='word_1_560' title='bbox 2172 338 2223 374; x_wconf 78' lang='lat' dir='ltr'>illi</span> 
     </span>
     <span class='ocr_line' id='line_1_96' title="bbox 1272 361 2220 424; baseline 0.019 -24"><span class='ocrx_word' id='word_1_561' title='bbox 1272 361 1512 400; x_wconf 66' lang='lat' dir='ltr'>condeleftari</span> <span class='ocrx_word' id='word_1_562' title='bbox 1527 391 1538 407; x_wconf 91' lang='lat'>‚</span> <span class='ocrx_word' id='word_1_563' title='bbox 1567 364 1700 402; x_wconf 84' lang='lat' dir='ltr'>adeout</span> <span class='ocrx_word' id='word_1_564' title='bbox 1714 367 1789 416; x_wconf 86' lang='lat' dir='ltr'>ipsa</span> <span class='ocrx_word' id='word_1_565' title='bbox 1808 375 1986 413; x_wconf 82' lang='lat' dir='ltr'>annitente</span> <span class='ocrx_word' id='word_1_566' title='bbox 2012 384 2220 424; x_wconf 52' lang='lat' dir='ltr'>retrahet-2,</span> 
     </span>
     <span class='ocr_line' id='line_1_97' title="bbox 1271 415 2223 483; baseline 0.025 -35"><span class='ocrx_word' id='word_1_567' title='bbox 1271 415 1471 462; x_wconf 79' lang='lat' dir='ltr'>appetitum</span> <span class='ocrx_word' id='word_1_568' title='bbox 1486 441 1497 456; x_wconf 95' lang='lat'><strong><em>,</em></strong></span> <span class='ocrx_word' id='word_1_569' title='bbox 1524 427 1567 451; x_wconf 90' lang='lat' dir='ltr'>ne</span> <span class='ocrx_word' id='word_1_570' title='bbox 1585 418 1785 456; x_wconf 84' lang='lat' dir='ltr'>inordinate</span> <span class='ocrx_word' id='word_1_571' title='bbox 1799 420 1933 462; x_wconf 86' lang='lat' dir='ltr'>feratur</span> <span class='ocrx_word' id='word_1_572' title='bbox 1946 432 1981 466; x_wconf 89' lang='lat' dir='ltr'>in</span> <span class='ocrx_word' id='word_1_573' title='bbox 1998 445 2037 468; x_wconf 85' lang='lat' dir='ltr'>ea</span> <span class='ocrx_word' id='word_1_574' title='bbox 2051 461 2062 476; x_wconf 92' lang='lat'>,</span> <span class='ocrx_word' id='word_1_575' title='bbox 2088 438 2223 483; x_wconf 73' lang='lat' dir='ltr'>quibus</span> 
     </span>
     <span class='ocr_line' id='line_1_98' title="bbox 1267 464 2224 534; baseline 0.026 -36"><span class='ocrx_word' id='word_1_576' title='bbox 1267 464 1488 508; x_wconf 57' lang='lat' dir='ltr'>obleetatuss</span> <span class='ocrx_word' id='word_1_577' title='bbox 1501 477 1626 502; x_wconf 89' lang='lat' dir='ltr'>contra</span> <span class='ocrx_word' id='word_1_578' title='bbox 1645 472 1825 517; x_wconf 80' lang='lat' dir='ltr'>propriam</span> <span class='ocrx_word' id='word_1_579' title='bbox 1840 475 2108 521; x_wconf 81' lang='lat' dir='ltr'>inclinationem</span> <span class='ocrx_word' id='word_1_580' title='bbox 2124 500 2224 534; x_wconf 52' lang='lat' dir='ltr'>agen</span> 
     </span>
     <span class='ocr_line' id='line_1_99' title="bbox 1270 516 2224 577; baseline 0.023 -24"><span class='ocrx_word' id='word_1_581' title='bbox 1270 518 1307 553; x_wconf 91' lang='lat' dir='ltr'>in</span> <span class='ocrx_word' id='word_1_582' title='bbox 1320 527 1364 552; x_wconf 90' lang='lat' dir='ltr'>eo</span> <span class='ocrx_word' id='word_1_583' title='bbox 1377 516 1472 552; x_wconf 83' lang='lat' dir='ltr'>enim</span> <span class='ocrx_word' id='word_1_584' title='bbox 1489 518 1521 553; x_wconf 72' lang='lat' dir='ltr'>S&lt;</span> <span class='ocrx_word' id='word_1_585' title='bbox 1535 516 1608 565; x_wconf 78' lang='lat' dir='ltr'>ips-a</span> <span class='ocrx_word' id='word_1_586' title='bbox 1622 518 1868 560; x_wconf 74' lang='lat' dir='ltr'>difficultatem</span> <span class='ocrx_word' id='word_1_587' title='bbox 1882 533 2082 577; x_wconf 83' lang='lat' dir='ltr'>experitur,</span> <span class='ocrx_word' id='word_1_588' title='bbox 2102 539 2132 573; x_wconf 70' lang='grc' dir='ltr'>ἃ</span> <span class='ocrx_word' id='word_1_589' title='bbox 2147 539 2224 576; x_wconf 82' lang='lat' dir='ltr'>sen·</span> 
     </span>
     <span class='ocr_line' id='line_1_100' title="bbox 1271 568 2223 632; baseline 0.018 -30"><span class='ocrx_word' id='word_1_590' title='bbox 1271 568 1398 605; x_wconf 88' lang='lat' dir='ltr'>fitiuus</span> <span class='ocrx_word' id='word_1_591' title='bbox 1423 569 1605 616; x_wconf 83' lang='lat' dir='ltr'>appetitus</span> <span class='ocrx_word' id='word_1_592' title='bbox 1617 570 1759 608; x_wconf 82' lang='lat' dir='ltr'>tristitia</span> <span class='ocrx_word' id='word_1_593' title='bbox 1789 575 1942 616; x_wconf 88' lang='lat' dir='ltr'>afficitur</span> <span class='ocrx_word' id='word_1_594' title='bbox 1959 609 1968 623; x_wconf 94' lang='lat'>‚</span> <span class='ocrx_word' id='word_1_595' title='bbox 1995 585 2131 632; x_wconf 73' lang='lat' dir='ltr'>quippe</span> <span class='ocrx_word' id='word_1_596' title='bbox 2161 593 2223 626; x_wconf 71' lang='lat' dir='ltr'>cui</span> 
     </span>
     <span class='ocr_line' id='line_1_101' title="bbox 1271 617 2223 675; baseline 0.023 -22"><span class='ocrx_word' id='word_1_597' title='bbox 1271 618 1328 656; x_wconf 86' lang='lat' dir='ltr'>vis</span> <span class='ocrx_word' id='word_1_598' title='bbox 1342 617 1519 655; x_wconf 87' lang='lat' dir='ltr'>inferatur</span> <span class='ocrx_word' id='word_1_599' title='bbox 1535 645 1543 653; x_wconf 95' lang='lat'><strong><em>.</em></strong></span> <span class='ocrx_word' id='word_1_600' title='bbox 1560 620 1632 656; x_wconf 79' lang='lat' dir='ltr'>Sed</span> <span class='ocrx_word' id='word_1_601' title='bbox 1649 634 1717 658; x_wconf 91' lang='lat' dir='ltr'>non</span> <span class='ocrx_word' id='word_1_602' title='bbox 1731 637 1920 673; x_wconf 85' lang='lat' dir='ltr'>propterea</span> <span class='ocrx_word' id='word_1_603' title='bbox 1936 644 2052 668; x_wconf 81' lang='lat' dir='ltr'>tamen</span> <span class='ocrx_word' id='word_1_604' title='bbox 2068 636 2113 671; x_wconf 80' lang='lat' dir='ltr'>fic</span> <span class='ocrx_word' id='word_1_605' title='bbox 2131 638 2223 675; x_wconf 82' lang='lat' dir='ltr'>dire-</span> 
     </span>
     <span class='ocr_line' id='line_1_102' title="bbox 1274 668 2225 731; baseline 0.025 -30"><span class='ocrx_word' id='word_1_606' title='bbox 1274 668 1330 716; x_wconf 61' lang='grc' dir='ltr'>ἃς</span> <span class='ocrx_word' id='word_1_607' title='bbox 1342 670 1511 706; x_wconf 76' lang='lat' dir='ltr'>voluntas</span> <span class='ocrx_word' id='word_1_608' title='bbox 1528 673 1573 707; x_wconf 86' lang='lat' dir='ltr'>ab</span> <span class='ocrx_word' id='word_1_609' title='bbox 1590 670 1760 711; x_wconf 82' lang='lat' dir='ltr'>senfitiuo</span> <span class='ocrx_word' id='word_1_610' title='bbox 1775 683 1934 725; x_wconf 65' lang='lat' dir='ltr'>appetitu</span> <span class='ocrx_word' id='word_1_611' title='bbox 1948 696 2115 722; x_wconf 89' lang='lat' dir='ltr'>mouetur</span> <span class='ocrx_word' id='word_1_612' title='bbox 2131 716 2141 731; x_wconf 80' lang='grc'>,</span> <span class='ocrx_word' id='word_1_613' title='bbox 2153 701 2191 724; x_wconf 84' lang='lat' dir='ltr'>ut</span> <span class='ocrx_word' id='word_1_614' title='bbox 2207 703 2225 724; x_wconf 88' lang='lat' dir='ltr'>e</span> 
     </span>
     <span class='ocr_line' id='line_1_103' title="bbox 1273 720 2226 781; baseline 0.018 -23"><span class='ocrx_word' id='word_1_615' title='bbox 1273 720 1534 768; x_wconf 82' lang='lat' dir='ltr'>conuersoipsa</span> <span class='ocrx_word' id='word_1_616' title='bbox 1552 724 1649 769; x_wconf 83' lang='lat' dir='ltr'>cogit</span> <span class='ocrx_word' id='word_1_617' title='bbox 1665 724 1764 762; x_wconf 86' lang='lat' dir='ltr'>illum</span> <span class='ocrx_word' id='word_1_618' title='bbox 1780 727 1840 765; x_wconf 83' lang='lat' dir='ltr'>fibi</span> <span class='ocrx_word' id='word_1_619' title='bbox 1867 735 2116 781; x_wconf 83' lang='lat' dir='ltr'>obtemperare</span> <span class='ocrx_word' id='word_1_620' title='bbox 2131 766 2139 776; x_wconf 78' lang='grc'>,</span> <span class='ocrx_word' id='word_1_621' title='bbox 2166 740 2226 775; x_wconf 85' lang='lat' dir='ltr'>sed</span> 
     </span>
     <span class='ocr_line' id='line_1_104' title="bbox 1273 771 2228 829; baseline 0.02 -22"><span class='ocrx_word' id='word_1_622' title='bbox 1273 772 1387 818; x_wconf 87' lang='lat' dir='ltr'>magis</span> <span class='ocrx_word' id='word_1_623' title='bbox 1402 771 1574 809; x_wconf 65' lang='lat' dir='ltr'>indirecte</span> <span class='ocrx_word' id='word_1_624' title='bbox 1590 801 1602 816; x_wconf 92' lang='lat'><em>,</em></span> <span class='ocrx_word' id='word_1_625' title='bbox 1627 787 1808 818; x_wconf 84' lang='lat' dir='ltr'>quatenus</span> <span class='ocrx_word' id='word_1_626' title='bbox 1825 783 2042 829; x_wconf 80' lang='lat' dir='ltr'>praeostenfis</span> <span class='ocrx_word' id='word_1_627' title='bbox 2055 790 2228 825; x_wconf 84' lang='lat' dir='ltr'>volunta·</span> 
     </span>
     <span class='ocr_line' id='line_1_105' title="bbox 1273 824 2227 887; baseline 0.019 -28"><span class='ocrx_word' id='word_1_628' title='bbox 1273 825 1300 860; x_wconf 88' lang='lat' dir='ltr'>ti</span> <span class='ocrx_word' id='word_1_629' title='bbox 1313 825 1355 859; x_wconf 87' lang='lat' dir='ltr'>iis</span> <span class='ocrx_word' id='word_1_630' title='bbox 1368 848 1379 864; x_wconf 93' lang='lat'>,</span> <span class='ocrx_word' id='word_1_631' title='bbox 1392 824 1428 860; x_wconf 93' lang='lat' dir='ltr'>in</span> <span class='ocrx_word' id='word_1_632' title='bbox 1445 825 1581 871; x_wconf 89' lang='lat' dir='ltr'>quibus</span> <span class='ocrx_word' id='word_1_633' title='bbox 1593 829 1774 874; x_wconf 86' lang='lat' dir='ltr'>appetitus</span> <span class='ocrx_word' id='word_1_634' title='bbox 1785 829 1976 870; x_wconf 59' lang='lat' dir='ltr'>senfitfuus</span> <span class='ocrx_word' id='word_1_635' title='bbox 1988 837 2051 874; x_wconf 84' lang='lat' dir='ltr'>fibi</span> <span class='ocrx_word' id='word_1_636' title='bbox 2067 843 2227 887; x_wconf 83' lang='lat' dir='ltr'>compla-</span> 
     </span>
     <span class='ocr_line' id='line_1_106' title="bbox 1275 876 2228 939; baseline 0.021 -31"><span class='ocrx_word' id='word_1_637' title='bbox 1275 885 1331 910; x_wconf 81' lang='lat' dir='ltr'>crt</span> <span class='ocrx_word' id='word_1_638' title='bbox 1348 901 1358 917; x_wconf 94' lang='lat'>‚</span> <span class='ocrx_word' id='word_1_639' title='bbox 1383 885 1493 921; x_wconf 86' lang='lat' dir='ltr'>atque</span> <span class='ocrx_word' id='word_1_640' title='bbox 1510 876 1685 923; x_wconf 79' lang='lat' dir='ltr'>consequi</span> <span class='ocrx_word' id='word_1_641' title='bbox 1706 880 1740 915; x_wconf 74' lang='lat'>8&lt;</span> <span class='ocrx_word' id='word_1_642' title='bbox 1760 883 1868 927; x_wconf 85' lang='lat' dir='ltr'>potiri</span> <span class='ocrx_word' id='word_1_643' title='bbox 1883 887 2009 923; x_wconf 87' lang='lat' dir='ltr'>nititur</span> <span class='ocrx_word' id='word_1_644' title='bbox 2026 914 2037 930; x_wconf 87' lang='lat'><strong>,</strong></span> <span class='ocrx_word' id='word_1_645' title='bbox 2061 890 2095 925; x_wconf 77' lang='lat' dir='ltr'>Sc</span> <span class='ocrx_word' id='word_1_646' title='bbox 2124 889 2228 939; x_wconf 61' lang='lat' dir='ltr'>ipsa..</span> 
     </span>
     <span class='ocr_line' id='line_1_107' title="bbox 1274 924 2231 987; baseline 0.017 -27"><span class='ocrx_word' id='word_1_647' title='bbox 1274 924 1545 962; x_wconf 63' lang='lat' dir='ltr'>condelectatur</span> <span class='ocrx_word' id='word_1_648' title='bbox 1562 927 1596 962; x_wconf 90' lang='lat' dir='ltr'>in</span> <span class='ocrx_word' id='word_1_649' title='bbox 1613 940 1741 965; x_wconf 87' lang='lat' dir='ltr'>eorum</span> <span class='ocrx_word' id='word_1_650' title='bbox 1758 932 1991 979; x_wconf 70' lang='lat' dir='ltr'>obje&amp;orum</span> <span class='ocrx_word' id='word_1_651' title='bbox 2009 938 2231 987; x_wconf 76' lang='lat' dir='ltr'>affequutio-</span> 
     </span>
     <span class='ocr_line' id='line_1_108' title="bbox 1273 976 2231 1035; baseline 0.018 -24"><span class='ocrx_word' id='word_1_652' title='bbox 1273 988 1320 1012; x_wconf 88' lang='lat' dir='ltr'>ne</span> <span class='ocrx_word' id='word_1_653' title='bbox 1336 1002 1346 1018; x_wconf 93' lang='lat'><strong><em>,</em></strong></span> <span class='ocrx_word' id='word_1_654' title='bbox 1365 977 1399 1013; x_wconf 75' lang='lat'>8&lt;</span> <span class='ocrx_word' id='word_1_655' title='bbox 1415 987 1515 1012; x_wconf 84' lang='lat' dir='ltr'>totus</span> <span class='ocrx_word' id='word_1_656' title='bbox 1530 976 1640 1013; x_wconf 85' lang='lat' dir='ltr'>homo</span> <span class='ocrx_word' id='word_1_657' title='bbox 1653 978 1803 1019; x_wconf 88' lang='lat' dir='ltr'>subinde</span> <span class='ocrx_word' id='word_1_658' title='bbox 1817 984 1985 1024; x_wconf 68' lang='lat' dir='ltr'>delee&#39;tari</span> <span class='ocrx_word' id='word_1_659' title='bbox 1999 990 2231 1035; x_wconf 76' lang='lat' dir='ltr'>intelligitur:</span> 
     </span>
     <span class='ocr_line' id='line_1_109' title="bbox 1276 1027 2231 1079; baseline 0.021 -19"><span class='ocrx_word' id='word_1_660' title='bbox 1276 1027 1416 1063; x_wconf 78' lang='lat' dir='ltr'>ratione</span> <span class='ocrx_word' id='word_1_661' title='bbox 1430 1028 1539 1074; x_wconf 84' lang='lat' dir='ltr'>igitur</span> <span class='ocrx_word' id='word_1_662' title='bbox 1554 1027 1784 1075; x_wconf 62' lang='lat' dir='ltr'>objectorum</span> <span class='ocrx_word' id='word_1_663' title='bbox 1800 1037 1984 1075; x_wconf 84' lang='lat' dir='ltr'>voluntati</span> <span class='ocrx_word' id='word_1_664' title='bbox 2004 1035 2231 1079; x_wconf 81' lang='lat' dir='ltr'>ostensorum</span> 
     </span>
     <span class='ocr_line' id='line_1_110' title="bbox 1276 1075 2233 1140; baseline 0.02 -29"><span class='ocrx_word' id='word_1_665' title='bbox 1276 1088 1341 1126; x_wconf 85' lang='lat' dir='ltr'>per</span> <span class='ocrx_word' id='word_1_666' title='bbox 1356 1075 1562 1115; x_wconf 79' lang='lat' dir='ltr'>senfitiuum</span> <span class='ocrx_word' id='word_1_667' title='bbox 1576 1083 1778 1128; x_wconf 84' lang='lat' dir='ltr'>appetitum</span> <span class='ocrx_word' id='word_1_668' title='bbox 1795 1085 1852 1121; x_wconf 82' lang='lat' dir='ltr'>illa</span> <span class='ocrx_word' id='word_1_669' title='bbox 1865 1088 1997 1127; x_wconf 79' lang='lat' dir='ltr'>dicitur</span> <span class='ocrx_word' id='word_1_670' title='bbox 2009 1093 2054 1128; x_wconf 90' lang='lat' dir='ltr'>ab</span> <span class='ocrx_word' id='word_1_671' title='bbox 2067 1095 2233 1140; x_wconf 85' lang='lat' dir='ltr'>appetitu</span> 
     </span>
     <span class='ocr_line' id='line_1_111' title="bbox 1276 1130 2231 1180; baseline 0.018 -18"><span class='ocrx_word' id='word_1_672' title='bbox 1276 1130 1445 1170; x_wconf 84' lang='lat' dir='ltr'>moueri,</span> <span class='ocrx_word' id='word_1_673' title='bbox 1470 1141 1592 1165; x_wconf 81' lang='lat' dir='ltr'>reuera</span> <span class='ocrx_word' id='word_1_674' title='bbox 1613 1141 1733 1168; x_wconf 86' lang='lat' dir='ltr'>tamen</span> <span class='ocrx_word' id='word_1_675' title='bbox 1758 1147 1926 1176; x_wconf 88' lang='lat' dir='ltr'>mouetur</span> <span class='ocrx_word' id='word_1_676' title='bbox 1955 1143 1989 1176; x_wconf 61' lang='grc' dir='ltr'>ἃ</span> <span class='ocrx_word' id='word_1_677' title='bbox 2007 1144 2162 1180; x_wconf 82' lang='lat' dir='ltr'>allicitur</span> <span class='ocrx_word' id='word_1_678' title='bbox 2186 1146 2231 1179; x_wconf 88' lang='lat' dir='ltr'>ab</span> 
     </span>
     <span class='ocr_line' id='line_1_112' title="bbox 1274 1177 2233 1235; baseline 0.02 -22"><span class='ocrx_word' id='word_1_679' title='bbox 1274 1178 1359 1227; x_wconf 83' lang='lat' dir='ltr'>ipfis</span> <span class='ocrx_word' id='word_1_680' title='bbox 1372 1177 1526 1226; x_wconf 72' lang='lat' dir='ltr'>objeffis</span> <span class='ocrx_word' id='word_1_681' title='bbox 1538 1183 1714 1229; x_wconf 83' lang='lat' dir='ltr'>appetitui</span> <span class='ocrx_word' id='word_1_682' title='bbox 1727 1190 2029 1230; x_wconf 84' lang='lat' dir='ltr'>conuenientibus</span> <span class='ocrx_word' id='word_1_683' title='bbox 2045 1221 2055 1235; x_wconf 88' lang='lat'><strong>‚</strong></span> <span class='ocrx_word' id='word_1_684' title='bbox 2087 1195 2182 1230; x_wconf 70' lang='lat' dir='ltr'>unde</span> <span class='ocrx_word' id='word_1_685' title='bbox 2196 1196 2233 1232; x_wconf 74' lang='lat' dir='ltr'>Se</span> 
     </span>
     <span class='ocr_line' id='line_1_113' title="bbox 1275 1230 2234 1293; baseline 0.021 -29"><span class='ocrx_word' id='word_1_686' title='bbox 1275 1231 1457 1279; x_wconf 83' lang='lat' dir='ltr'>appetitus</span> <span class='ocrx_word' id='word_1_687' title='bbox 1471 1230 1543 1278; x_wconf 87' lang='lat' dir='ltr'>ipse</span> <span class='ocrx_word' id='word_1_688' title='bbox 1559 1234 1592 1270; x_wconf 71' lang='lat'>8&lt;</span> <span class='ocrx_word' id='word_1_689' title='bbox 1610 1236 1779 1271; x_wconf 84' lang='lat' dir='ltr'>voluntas</span> <span class='ocrx_word' id='word_1_690' title='bbox 1795 1263 1807 1279; x_wconf 93' lang='lat'><em>‚</em></span> <span class='ocrx_word' id='word_1_691' title='bbox 1826 1239 1859 1276; x_wconf 78' lang='lat'>8&lt;</span> <span class='ocrx_word' id='word_1_692' title='bbox 1878 1251 1980 1279; x_wconf 83' lang='lat' dir='ltr'>totus</span> <span class='ocrx_word' id='word_1_693' title='bbox 1996 1246 2153 1293; x_wconf 78' lang='lat' dir='ltr'>denique</span> <span class='ocrx_word' id='word_1_694' title='bbox 2165 1245 2234 1282; x_wconf 84' lang='lat' dir='ltr'>ho·</span> 
     </span>
     <span class='ocr_line' id='line_1_114' title="bbox 1274 1282 1578 1320; baseline 0.013 -4"><span class='ocrx_word' id='word_1_695' title='bbox 1274 1292 1338 1316; x_wconf 85' lang='lat' dir='ltr'>mo</span> <span class='ocrx_word' id='word_1_696' title='bbox 1349 1282 1553 1319; x_wconf 70' lang='lat' dir='ltr'>oblectatur</span> <span class='ocrx_word' id='word_1_697' title='bbox 1568 1309 1578 1320; x_wconf 90' lang='lat'><strong>.</strong></span> 
     </span>
    </p>

    <p class='ocr_par' dir='ltr' id='par_1_23' title="bbox 1277 1333 2236 1586">
     <span class='ocr_line' id='line_1_115' title="bbox 1383 1333 2233 1391; baseline 0.015 -21"><span class='ocrx_word' id='word_1_698' title='bbox 1383 1333 1442 1369; x_wconf 89' lang='lat' dir='ltr'>Ad</span> <span class='ocrx_word' id='word_1_699' title='bbox 1459 1346 1668 1378; x_wconf 79' lang='lat' dir='ltr'>argumenta</span> <span class='ocrx_word' id='word_1_700' title='bbox 1682 1364 1692 1380; x_wconf 90' lang='lat'><em>‚</em></span> <span class='ocrx_word' id='word_1_701' title='bbox 1715 1340 1775 1377; x_wconf 82' lang='lat' dir='ltr'>Ad</span> <span class='ocrx_word' id='word_1_702' title='bbox 1794 1343 1948 1386; x_wconf 79' lang='lat' dir='ltr'>primum</span> <span class='ocrx_word' id='word_1_703' title='bbox 1965 1344 2164 1391; x_wconf 78' lang='lat' dir='ltr'>respondeo</span> <span class='ocrx_word' id='word_1_704' title='bbox 2181 1348 2233 1382; x_wconf 91' lang='lat' dir='ltr'>in-</span> 
     </span>
     <span class='ocr_line' id='line_1_116' title="bbox 1277 1383 2234 1442; baseline 0.015 -22"><span class='ocrx_word' id='word_1_705' title='bbox 1277 1383 1448 1421; x_wconf 69' lang='lat' dir='ltr'>haerendo</span> <span class='ocrx_word' id='word_1_706' title='bbox 1466 1384 1638 1424; x_wconf 79' lang='lat' dir='ltr'>solutioni</span> <span class='ocrx_word' id='word_1_707' title='bbox 1654 1393 2045 1440; x_wconf 71' lang='lat' dir='ltr'>articulipraecedencix</span> <span class='ocrx_word' id='word_1_708' title='bbox 2063 1425 2074 1440; x_wconf 91' lang='lat'><em>,</em></span> <span class='ocrx_word' id='word_1_709' title='bbox 2089 1396 2234 1442; x_wconf 63' lang='lat' dir='ltr'>objecta</span> 
     </span>
     <span class='ocr_line' id='line_1_117' title="bbox 1278 1434 2236 1485; baseline 0.015 -15"><span class='ocrx_word' id='word_1_710' title='bbox 1278 1447 1342 1484; x_wconf 90' lang='lat' dir='ltr'>per</span> <span class='ocrx_word' id='word_1_711' title='bbox 1358 1434 1560 1471; x_wconf 75' lang='lat' dir='ltr'>senfiriuum</span> <span class='ocrx_word' id='word_1_712' title='bbox 1574 1441 1773 1483; x_wconf 86' lang='lat' dir='ltr'>appetitum</span> <span class='ocrx_word' id='word_1_713' title='bbox 1787 1443 1982 1481; x_wconf 86' lang='lat' dir='ltr'>defiderata</span> <span class='ocrx_word' id='word_1_714' title='bbox 1999 1460 2069 1483; x_wconf 91' lang='lat' dir='ltr'>non</span> <span class='ocrx_word' id='word_1_715' title='bbox 2085 1449 2236 1485; x_wconf 77' lang='lat' dir='ltr'>influere</span> 
     </span>
     <span class='ocr_line' id='line_1_118' title="bbox 1277 1485 2235 1536; baseline 0.014 -14"><span class='ocrx_word' id='word_1_716' title='bbox 1277 1485 1445 1522; x_wconf 60' lang='lat' dir='ltr'>effeta-ine</span> <span class='ocrx_word' id='word_1_717' title='bbox 1461 1487 1495 1521; x_wconf 74' lang='lat' dir='ltr'>in</span> <span class='ocrx_word' id='word_1_718' title='bbox 1513 1487 1725 1527; x_wconf 75' lang='lat' dir='ltr'>volitionem</span> <span class='ocrx_word' id='word_1_719' title='bbox 1745 1520 1754 1534; x_wconf 93' lang='lat'>‚</span> <span class='ocrx_word' id='word_1_720' title='bbox 1787 1493 1846 1530; x_wconf 88' lang='lat' dir='ltr'>sed</span> <span class='ocrx_word' id='word_1_721' title='bbox 1865 1495 2034 1534; x_wconf 86' lang='lat' dir='ltr'>inseruire</span> <span class='ocrx_word' id='word_1_722' title='bbox 2049 1499 2235 1536; x_wconf 71' lang='lat' dir='ltr'>voluntati</span> 
     </span>
     <span class='ocr_line' id='line_1_119' title="bbox 1279 1537 2235 1586; baseline 0.016 -14"><span class='ocrx_word' id='word_1_723' title='bbox 1279 1547 1452 1584; x_wconf 77' lang='lat' dir='ltr'>tanquam</span> <span class='ocrx_word' id='word_1_724' title='bbox 1471 1537 1680 1577; x_wconf 72' lang='lat' dir='ltr'>occasiones</span> <span class='ocrx_word' id='word_1_725' title='bbox 1696 1544 1749 1578; x_wconf 87' lang='lat' dir='ltr'>vel</span> <span class='ocrx_word' id='word_1_726' title='bbox 1766 1546 1992 1583; x_wconf 59' lang='lat' dir='ltr'>conditiones</span> <span class='ocrx_word' id='word_1_727' title='bbox 2010 1550 2157 1585; x_wconf 85' lang='lat' dir='ltr'>volendi</span> <span class='ocrx_word' id='word_1_728' title='bbox 2174 1549 2235 1586; x_wconf 91' lang='lat' dir='ltr'>sua</span> 
     </span>
    </p>
   </div>
   <div class='ocr_carea' id='block_1_15' title="bbox 1282 1586 2236 1636">
    <p class='ocr_par' dir='ltr' id='par_1_24' title="bbox 1282 1586 2236 1636">
     <span class='ocr_line' id='line_1_120' title="bbox 1282 1586 2236 1636; baseline 0.013 -12"><span class='ocrx_word' id='word_1_729' title='bbox 1282 1586 1405 1636; x_wconf 89' lang='lat' dir='ltr'>sponte</span> <span class='ocrx_word' id='word_1_730' title='bbox 1416 1595 1499 1635; x_wconf 73' lang='lat' dir='ltr'>qu‘ae</span> <span class='ocrx_word' id='word_1_731' title='bbox 1517 1592 1690 1636; x_wconf 82' lang='lat' dir='ltr'>appetitui</span> <span class='ocrx_word' id='word_1_732' title='bbox 1708 1595 1875 1632; x_wconf 78' lang='lat' dir='ltr'>lenfitino</span> <span class='ocrx_word' id='word_1_733' title='bbox 1895 1596 1974 1634; x_wconf 73' lang='lat' dir='ltr'>fiint</span> <span class='ocrx_word' id='word_1_734' title='bbox 1999 1601 2154 1636; x_wconf 84' lang='lat' dir='ltr'>allatura</span> <span class='ocrx_word' id='word_1_735' title='bbox 2171 1612 2236 1636; x_wconf 86' lang='lat' dir='ltr'>vo-</span> 
     </span>
    </p>
   </div>
   <div class='ocr_carea' id='block_1_16' title="bbox 1279 1638 2299 1688">
    <p class='ocr_par' dir='ltr' id='par_1_25' title="bbox 1279 1638 2299 1688">
     <span class='ocr_line' id='line_1_121' title="bbox 1279 1638 2299 1688; baseline 0.019 -18"><span class='ocrx_word' id='word_1_736' title='bbox 1279 1638 1455 1684; x_wconf 82' lang='lat' dir='ltr'>luptatem</span> <span class='ocrx_word' id='word_1_737' title='bbox 1470 1650 1484 1678; x_wconf 73' lang='lat'>⁶,</span> <span class='ocrx_word' id='word_1_738' title='bbox 1512 1640 1594 1677; x_wconf 88' lang='lat' dir='ltr'>inde</span> <span class='ocrx_word' id='word_1_739' title='bbox 1609 1651 1726 1679; x_wconf 84' lang='lat' dir='ltr'>tamen</span> <span class='ocrx_word' id='word_1_740' title='bbox 1745 1645 1839 1683; x_wconf 64' lang='lat' dir='ltr'>reete</span> <span class='ocrx_word' id='word_1_741' title='bbox 1854 1648 1924 1684; x_wconf 86' lang='lat' dir='ltr'>dici</span> <span class='ocrx_word' id='word_1_742' title='bbox 1939 1652 2076 1687; x_wconf 87' lang='lat' dir='ltr'>moueri</span> <span class='ocrx_word' id='word_1_743' title='bbox 2102 1653 2146 1688; x_wconf 85' lang='lat' dir='ltr'>ab</span> <span class='ocrx_word' id='word_1_744' title='bbox 2162 1652 2236 1688; x_wconf 87' lang='lat' dir='ltr'>sen·</span> <span class='ocrx_word' id='word_1_745' title='bbox 2292 1676 2299 1684; x_wconf 92' lang='lat'>-</span> 
     </span>
    </p>
   </div>
   <div class='ocr_carea' id='block_1_17' title="bbox 1278 1687 2238 1793">
    <p class='ocr_par' dir='ltr' id='par_1_26' title="bbox 1278 1687 2238 1793">
     <span class='ocr_line' id='line_1_122' title="bbox 1278 1687 2238 1745; baseline 0.021 -25"><span class='ocrx_word' id='word_1_746' title='bbox 1278 1687 1384 1723; x_wconf 80' lang='lat' dir='ltr'>fitiuo</span> <span class='ocrx_word' id='word_1_747' title='bbox 1396 1690 1560 1734; x_wconf 87' lang='lat' dir='ltr'>appetitu</span> <span class='ocrx_word' id='word_1_748' title='bbox 1578 1716 1590 1731; x_wconf 88' lang='lat'><em>‚</em></span> <span class='ocrx_word' id='word_1_749' title='bbox 1607 1693 1693 1736; x_wconf 84' lang='lat' dir='ltr'>quia</span> <span class='ocrx_word' id='word_1_750' title='bbox 1709 1706 1768 1736; x_wconf 84' lang='lat' dir='ltr'>per</span> <span class='ocrx_word' id='word_1_751' title='bbox 1787 1696 1883 1731; x_wconf 82' lang='lat' dir='ltr'>bunc</span> <span class='ocrx_word' id='word_1_752' title='bbox 1900 1699 1950 1733; x_wconf 90' lang='lat' dir='ltr'>illi</span> <span class='ocrx_word' id='word_1_753' title='bbox 1966 1700 2238 1745; x_wconf 60' lang='lat' dir='ltr'>preostendun·</span> 
     </span>
     <span class='ocr_line' id='line_1_123' title="bbox 1279 1737 2024 1793; baseline 0.017 -21"><span class='ocrx_word' id='word_1_754' title='bbox 1279 1748 1338 1772; x_wconf 90' lang='lat' dir='ltr'>tur</span> <span class='ocrx_word' id='word_1_755' title='bbox 1349 1738 1399 1772; x_wconf 90' lang='lat' dir='ltr'>ob</span> <span class='ocrx_word' id='word_1_756' title='bbox 1416 1737 1560 1773; x_wconf 83' lang='lat' dir='ltr'>causam</span> <span class='ocrx_word' id='word_1_757' title='bbox 1573 1740 1612 1774; x_wconf 76' lang='lat' dir='ltr'>&#39;in</span> <span class='ocrx_word' id='word_1_758' title='bbox 1639 1741 1822 1779; x_wconf 75' lang='lat' dir='ltr'>Saturione</span> <span class='ocrx_word' id='word_1_759' title='bbox 1834 1749 1999 1793; x_wconf 81' lang='lat' dir='ltr'>expressa</span> <span class='ocrx_word' id='word_1_760' title='bbox 2013 1771 2024 1785; x_wconf 86' lang='lat'>.</span> 
     </span>
    </p>
   </div>
   <div class='ocr_carea' id='block_1_18' title="bbox 1378 1786 2251 1846">
    <p class='ocr_par' dir='ltr' id='par_1_27' title="bbox 1378 1786 2251 1846">
     <span class='ocr_line' id='line_1_124' title="bbox 1378 1786 2251 1846; baseline 0.022 -24"><span class='ocrx_word' id='word_1_761' title='bbox 1378 1786 1439 1822; x_wconf 86' lang='lat' dir='ltr'>Ad</span> <span class='ocrx_word' id='word_1_762' title='bbox 1457 1787 1653 1825; x_wconf 83' lang='lat' dir='ltr'>secundum</span> <span class='ocrx_word' id='word_1_763' title='bbox 1667 1792 1858 1830; x_wconf 82' lang='lat' dir='ltr'>dicendum</span> <span class='ocrx_word' id='word_1_764' title='bbox 1872 1822 1885 1838; x_wconf 86' lang='lat'><strong>,</strong></span> <span class='ocrx_word' id='word_1_765' title='bbox 1901 1799 2087 1846; x_wconf 79' lang='lat' dir='ltr'>Qamuis</span> <span class='ocrx_word' id='word_1_766' title='bbox 2102 1803 2251 1840; x_wconf 74' lang='lat' dir='ltr'>intelle·-</span> 
     </span>
    </p>
   </div>
   <div class='ocr_carea' id='block_1_19' title="bbox 1276 1829 2239 2399">
    <p class='ocr_par' dir='ltr' id='par_1_28' title="bbox 1276 1829 2239 2399">
     <span class='ocr_line' id='line_1_125' title="bbox 1278 1829 2238 1899; baseline 0.028 -35"><span class='ocrx_word' id='word_1_767' title='bbox 1278 1829 1355 1866; x_wconf 69' lang='lat' dir='ltr'>&amp;ui</span> <span class='ocrx_word' id='word_1_768' title='bbox 1367 1834 1491 1887; x_wconf 38' lang='lat' dir='ltr'>noostro</span> <span class='ocrx_word' id='word_1_769' title='bbox 1502 1845 1548 1869; x_wconf 83' lang='lat' dir='ltr'>ex</span> <span class='ocrx_word' id='word_1_770' title='bbox 1564 1847 1692 1873; x_wconf 83' lang='lat' dir='ltr'>natura</span> <span class='ocrx_word' id='word_1_771' title='bbox 1709 1851 1881 1886; x_wconf 83' lang='lat' dir='ltr'>potentiae</span> <span class='ocrx_word' id='word_1_772' title='bbox 1910 1850 1996 1884; x_wconf 79' lang='lat' dir='ltr'>nihil</span> <span class='ocrx_word' id='word_1_773' title='bbox 2025 1853 2238 1899; x_wconf 63' lang='lat' dir='ltr'>at&#39;aequetut</span> 
     </span>
     <span class='ocr_line' id='line_1_126' title="bbox 1277 1881 2239 1940; baseline 0.029 -27"><span class='ocrx_word' id='word_1_774' title='bbox 1277 1881 1518 1927; x_wconf 57' lang='lat' dir='ltr'>utobjeffutm</span> <span class='ocrx_word' id='word_1_775' title='bbox 1531 1910 1544 1926; x_wconf 88' lang='lat'>‚</span> <span class='ocrx_word' id='word_1_776' title='bbox 1567 1887 1966 1933; x_wconf 81' lang='lat' dir='ltr'>nificommuniffimum</span> <span class='ocrx_word' id='word_1_777' title='bbox 1982 1903 2081 1937; x_wconf 89' lang='lat' dir='ltr'>omni</span> <span class='ocrx_word' id='word_1_778' title='bbox 2108 1904 2239 1940; x_wconf 86' lang='lat' dir='ltr'>intelli·</span> 
     </span>
     <span class='ocr_line' id='line_1_127' title="bbox 1278 1932 2238 1993; baseline 0.028 -26"><span class='ocrx_word' id='word_1_779' title='bbox 1278 1932 1380 1980; x_wconf 84' lang='lat' dir='ltr'>gibili</span> <span class='ocrx_word' id='word_1_780' title='bbox 1396 1934 1538 1970; x_wconf 86' lang='lat' dir='ltr'>ratione</span> <span class='ocrx_word' id='word_1_781' title='bbox 1550 1961 1562 1978; x_wconf 82' lang='lat'>‚</span> <span class='ocrx_word' id='word_1_782' title='bbox 1593 1937 1830 1979; x_wconf 78' lang='lat' dir='ltr'>nihilominus</span> <span class='ocrx_word' id='word_1_783' title='bbox 1842 1956 1977 1984; x_wconf 86' lang='lat' dir='ltr'>attenta</span> <span class='ocrx_word' id='word_1_784' title='bbox 1994 1952 2238 1993; x_wconf 56' lang='lat' dir='ltr'>conditione-2</span> 
     </span>
     <span class='ocr_line' id='line_1_128' title="bbox 1279 1981 2238 2051; baseline 0.025 -33"><span class='ocrx_word' id='word_1_785' title='bbox 1279 1981 1460 2032; x_wconf 63' lang='lat' dir='ltr'>presentis</span> <span class='ocrx_word' id='word_1_786' title='bbox 1476 1985 1587 2024; x_wconf 87' lang='lat' dir='ltr'>status</span> <span class='ocrx_word' id='word_1_787' title='bbox 1605 1993 1816 2031; x_wconf 79' lang='lat' dir='ltr'>naturaliter</span> <span class='ocrx_word' id='word_1_788' title='bbox 1828 1997 1930 2035; x_wconf 88' lang='lat' dir='ltr'>aliter</span> <span class='ocrx_word' id='word_1_789' title='bbox 1946 2001 2147 2051; x_wconf 88' lang='lat' dir='ltr'>intelligere</span> <span class='ocrx_word' id='word_1_790' title='bbox 2165 2018 2238 2043; x_wconf 87' lang='lat' dir='ltr'>non</span> 
     </span>
     <span class='ocr_line' id='line_1_129' title="bbox 1278 2033 2237 2100; baseline 0.026 -31"><span class='ocrx_word' id='word_1_791' title='bbox 1278 2033 1395 2085; x_wconf 83' lang='lat' dir='ltr'>potest</span> <span class='ocrx_word' id='word_1_792' title='bbox 1408 2062 1421 2079; x_wconf 92' lang='lat'><em>,</em></span> <span class='ocrx_word' id='word_1_793' title='bbox 1447 2047 1557 2084; x_wconf 86' lang='lat' dir='ltr'>quam</span> <span class='ocrx_word' id='word_1_794' title='bbox 1569 2051 1736 2079; x_wconf 86' lang='lat' dir='ltr'>cont-enta</span> <span class='ocrx_word' id='word_1_795' title='bbox 1750 2043 1814 2082; x_wconf 90' lang='lat' dir='ltr'>sub</span> <span class='ocrx_word' id='word_1_796' title='bbox 1829 2049 1948 2095; x_wconf 87' lang='lat' dir='ltr'>primo</span> <span class='ocrx_word' id='word_1_797' title='bbox 1970 2050 2051 2099; x_wconf 84' lang='lat' dir='ltr'>ejus</span> <span class='ocrx_word' id='word_1_798' title='bbox 2081 2056 2237 2100; x_wconf 75' lang='lat' dir='ltr'>metina,</span> 
     </span>
     <span class='ocr_line' id='line_1_130' title="bbox 1277 2085 2239 2152; baseline 0.023 -31"><span class='ocrx_word' id='word_1_799' title='bbox 1277 2085 1381 2134; x_wconf 87' lang='lat' dir='ltr'>quod</span> <span class='ocrx_word' id='word_1_800' title='bbox 1392 2086 1442 2124; x_wconf 87' lang='lat' dir='ltr'>est</span> <span class='ocrx_word' id='word_1_801' title='bbox 1454 2089 1617 2136; x_wconf 86' lang='lat' dir='ltr'>quiditas</span> <span class='ocrx_word' id='word_1_802' title='bbox 1630 2095 1679 2130; x_wconf 91' lang='lat' dir='ltr'>rei</span> <span class='ocrx_word' id='word_1_803' title='bbox 1694 2093 1920 2143; x_wconf 53' lang='lat' dir='ltr'>sensibilis&amp;</span> <span class='ocrx_word' id='word_1_804' title='bbox 1940 2103 2022 2140; x_wconf 84' lang='lat' dir='ltr'>ideo</span> <span class='ocrx_word' id='word_1_805' title='bbox 2034 2104 2143 2152; x_wconf 79' lang='lat' dir='ltr'>cuj&#39;us</span> <span class='ocrx_word' id='word_1_806' title='bbox 2157 2108 2239 2144; x_wconf 89' lang='lat' dir='ltr'>uni·</span> 
     </span>
     <span class='ocr_line' id='line_1_131' title="bbox 1279 2135 2238 2206; baseline 0.023 -33"><span class='ocrx_word' id='word_1_807' title='bbox 1279 2135 1418 2175; x_wconf 77' lang='lat' dir='ltr'>uersale</span> <span class='ocrx_word' id='word_1_808' title='bbox 1449 2139 1685 2189; x_wconf 80' lang='lat' dir='ltr'>specu.latur-,</span> <span class='ocrx_word' id='word_1_809' title='bbox 1711 2145 1792 2193; x_wconf 83' lang='lat' dir='ltr'>ejus</span> <span class='ocrx_word' id='word_1_810' title='bbox 1817 2150 1996 2199; x_wconf 84' lang='lat' dir='ltr'>fingulare</span> <span class='ocrx_word' id='word_1_811' title='bbox 2044 2157 2238 2206; x_wconf 81' lang='lat' dir='ltr'>phantaliae</span> 
     </span>
     <span class='ocr_line' id='line_1_132' title="bbox 1276 2188 2238 2257; baseline 0.025 -34"><span class='ocrx_word' id='word_1_812' title='bbox 1276 2188 1498 2227; x_wconf 86' lang='lat' dir='ltr'>obuersetur</span> <span class='ocrx_word' id='word_1_813' title='bbox 1527 2204 1703 2241; x_wconf 85' lang='lat' dir='ltr'>oportet·</span> <span class='ocrx_word' id='word_1_814' title='bbox 1729 2200 1895 2238; x_wconf 81' lang='lat' dir='ltr'>Potentia</span> <span class='ocrx_word' id='word_1_815' title='bbox 1924 2205 2047 2252; x_wconf 87' lang='lat' dir='ltr'>itaque</span> <span class='ocrx_word' id='word_1_816' title='bbox 2074 2207 2238 2257; x_wconf 82' lang='lat' dir='ltr'>superior</span> 
     </span>
     <span class='ocr_line' id='line_1_133' title="bbox 1277 2243 2238 2307; baseline 0.025 -33"><span class='ocrx_word' id='word_1_817' title='bbox 1277 2251 1453 2289; x_wconf 79' lang='lat' dir='ltr'>operatur</span> <span class='ocrx_word' id='word_1_818' title='bbox 1467 2243 1561 2279; x_wconf 84' lang='lat' dir='ltr'>circa</span> <span class='ocrx_word' id='word_1_819' title='bbox 1578 2245 1670 2284; x_wconf 86' lang='lat' dir='ltr'>idem</span> <span class='ocrx_word' id='word_1_820' title='bbox 1685 2274 1697 2290; x_wconf 92' lang='lat'>‚</span> <span class='ocrx_word' id='word_1_821' title='bbox 1726 2252 1820 2287; x_wconf 91' lang='lat' dir='ltr'>circa</span> <span class='ocrx_word' id='word_1_822' title='bbox 1832 2254 1931 2300; x_wconf 86' lang='lat' dir='ltr'>quod</span> <span class='ocrx_word' id='word_1_823' title='bbox 1945 2256 2093 2295; x_wconf 82' lang='lat' dir='ltr'>inferior</span> <span class='ocrx_word' id='word_1_824' title='bbox 2108 2271 2238 2307; x_wconf 80' lang='lat' dir='ltr'>poten·</span> 
     </span>
     <span class='ocr_line' id='line_1_134' title="bbox 1277 2291 2239 2357; baseline 0.023 -31"><span class='ocrx_word' id='word_1_825' title='bbox 1277 2292 1327 2327; x_wconf 80' lang='lat' dir='ltr'>tia</span> <span class='ocrx_word' id='word_1_826' title='bbox 1342 2291 1506 2330; x_wconf 85' lang='lat' dir='ltr'>versatur</span> <span class='ocrx_word' id='word_1_827' title='bbox 1518 2319 1530 2336; x_wconf 96' lang='lat'>,</span> <span class='ocrx_word' id='word_1_828' title='bbox 1556 2298 1665 2334; x_wconf 89' lang='lat' dir='ltr'>modo</span> <span class='ocrx_word' id='word_1_829' title='bbox 1677 2310 1832 2350; x_wconf 83' lang='lat' dir='ltr'>utraque</span> <span class='ocrx_word' id='word_1_830' title='bbox 1848 2304 1979 2342; x_wconf 82' lang='lat' dir='ltr'>habeat</span> <span class='ocrx_word' id='word_1_831' title='bbox 1990 2311 2239 2357; x_wconf 84' lang='lat' dir='ltr'>operationem</span> 
     </span>
     <span class='ocr_line' id='line_1_135' title="bbox 1278 2341 2239 2399; baseline 0.025 -23"><span class='ocrx_word' id='word_1_832' title='bbox 1278 2341 1471 2391; x_wconf 64' lang='lat' dir='ltr'>perfectam</span> <span class='ocrx_word' id='word_1_833' title='bbox 1498 2371 1506 2381; x_wconf 91' lang='lat'><strong>.</strong></span> <span class='ocrx_word' id='word_1_834' title='bbox 1533 2348 1772 2398; x_wconf 80' lang='lat' dir='ltr'>Quapropter</span> <span class='ocrx_word' id='word_1_835' title='bbox 1789 2355 1962 2394; x_wconf 81' lang='lat' dir='ltr'>voluntas</span> <span class='ocrx_word' id='word_1_836' title='bbox 1978 2360 2126 2398; x_wconf 86' lang='lat' dir='ltr'>tendens</span> <span class='ocrx_word' id='word_1_837' title='bbox 2140 2363 2239 2399; x_wconf 76' lang='lat' dir='ltr'>circa</span> 
     </span>
    </p>
   </div>
   <div class='ocr_carea' id='block_1_20' title="bbox 1276 2392 2244 2451">
    <p class='ocr_par' dir='ltr' id='par_1_29' title="bbox 1276 2392 2244 2451">
     <span class='ocr_line' id='line_1_136' title="bbox 1276 2392 2244 2451; baseline 0.025 -24"><span class='ocrx_word' id='word_1_838' title='bbox 1276 2392 1420 2439; x_wconf 62' lang='lat' dir='ltr'>objefta</span> <span class='ocrx_word' id='word_1_839' title='bbox 1438 2393 1604 2433; x_wconf 85' lang='lat' dir='ltr'>senfitiuo</span> <span class='ocrx_word' id='word_1_840' title='bbox 1617 2403 1795 2450; x_wconf 80' lang='lat' dir='ltr'>appetitui</span> <span class='ocrx_word' id='word_1_841' title='bbox 1809 2410 2059 2446; x_wconf 87' lang='lat' dir='ltr'>conuenientia</span> <span class='ocrx_word' id='word_1_842' title='bbox 2074 2425 2146 2449; x_wconf 90' lang='lat' dir='ltr'>non</span> <span class='ocrx_word' id='word_1_843' title='bbox 2173 2425 2244 2451; x_wconf 72' lang='lat' dir='ltr'>ex-¹</span> 
     </span>
    </p>
   </div>
   <div class='ocr_carea' id='block_1_21' title="bbox 1276 2444 2242 3864">
    <p class='ocr_par' dir='ltr' id='par_1_30' title="bbox 1276 2444 2240 3315">
     <span class='ocr_line' id='line_1_137' title="bbox 1277 2444 2239 2500; baseline 0.025 -23"><span class='ocrx_word' id='word_1_844' title='bbox 1277 2444 1373 2479; x_wconf 86' lang='lat' dir='ltr'>cedit</span> <span class='ocrx_word' id='word_1_845' title='bbox 1389 2444 1490 2481; x_wconf 88' lang='lat' dir='ltr'>suurn</span> <span class='ocrx_word' id='word_1_846' title='bbox 1509 2449 1664 2494; x_wconf 87' lang='lat' dir='ltr'>primum</span> <span class='ocrx_word' id='word_1_847' title='bbox 1685 2453 1872 2500; x_wconf 62' lang='lat' dir='ltr'>objeffim</span> <span class='ocrx_word' id='word_1_848' title='bbox 1890 2485 1900 2499; x_wconf 94' lang='lat'><em>,</em></span> <span class='ocrx_word' id='word_1_849' title='bbox 1926 2459 2014 2496; x_wconf 84' lang='lat' dir='ltr'>inest</span> <span class='ocrx_word' id='word_1_850' title='bbox 2029 2463 2123 2498; x_wconf 85' lang='lat' dir='ltr'>enim</span> <span class='ocrx_word' id='word_1_851' title='bbox 2152 2475 2239 2499; x_wconf 90' lang='lat' dir='ltr'>con·</span> 
     </span>
     <span class='ocr_line' id='line_1_138' title="bbox 1276 2494 2239 2560; baseline 0.022 -31"><span class='ocrx_word' id='word_1_852' title='bbox 1276 2494 1550 2541; x_wconf 73' lang='lat' dir='ltr'>cupiscibilibus</span> <span class='ocrx_word' id='word_1_853' title='bbox 1563 2501 1607 2536; x_wconf 78' lang='lat' dir='ltr'>ab</span> <span class='ocrx_word' id='word_1_854' title='bbox 1620 2501 1787 2542; x_wconf 78' lang='lat' dir='ltr'>senfitiuo</span> <span class='ocrx_word' id='word_1_855' title='bbox 1799 2509 1956 2556; x_wconf 85' lang='lat' dir='ltr'>appetitu</span> <span class='ocrx_word' id='word_1_856' title='bbox 1972 2512 2060 2547; x_wconf 77' lang='lat' dir='ltr'>ratio</span> <span class='ocrx_word' id='word_1_857' title='bbox 2071 2514 2239 2560; x_wconf 71' lang='lat' dir='ltr'>quaedam</span> 
     </span>
     <span class='ocr_line' id='line_1_139' title="bbox 1281 2546 2238 2611; baseline 0.023 -33"><span class='ocrx_word' id='word_1_858' title='bbox 1281 2546 1390 2589; x_wconf 91' lang='lat' dir='ltr'>boni,</span> <span class='ocrx_word' id='word_1_859' title='bbox 1423 2547 1466 2583; x_wconf 90' lang='lat' dir='ltr'>ad</span> <span class='ocrx_word' id='word_1_860' title='bbox 1481 2549 1581 2597; x_wconf 89' lang='lat' dir='ltr'>quod</span> <span class='ocrx_word' id='word_1_861' title='bbox 1597 2552 1729 2592; x_wconf 89' lang='lat' dir='ltr'>bonum</span> <span class='ocrx_word' id='word_1_862' title='bbox 1748 2557 1918 2594; x_wconf 80' lang='lat' dir='ltr'>voluntas</span> <span class='ocrx_word' id='word_1_863' title='bbox 1932 2559 1991 2597; x_wconf 85' lang='lat' dir='ltr'>fua</span> <span class='ocrx_word' id='word_1_864' title='bbox 2004 2572 2130 2599; x_wconf 76' lang='lat' dir='ltr'>natura</span> <span class='ocrx_word' id='word_1_865' title='bbox 2154 2576 2238 2611; x_wconf 81' lang='lat' dir='ltr'>pto-</span> 
     </span>
     <span class='ocr_line' id='line_1_140' title="bbox 1279 2596 2239 2661; baseline 0.016 -25"><span class='ocrx_word' id='word_1_866' title='bbox 1279 2596 1417 2644; x_wconf 84' lang='lat' dir='ltr'>pendit,</span> <span class='ocrx_word' id='word_1_867' title='bbox 1432 2611 1497 2635; x_wconf 86' lang='lat' dir='ltr'>nec</span> <span class='ocrx_word' id='word_1_868' title='bbox 1516 2599 1637 2639; x_wconf 84' lang='lat' dir='ltr'>rursus</span> <span class='ocrx_word' id='word_1_869' title='bbox 1656 2608 1858 2654; x_wconf 84' lang='lat' dir='ltr'>appetitiua</span> <span class='ocrx_word' id='word_1_870' title='bbox 1873 2610 2022 2648; x_wconf 80' lang='lat' dir='ltr'>inferior</span> <span class='ocrx_word' id='word_1_871' title='bbox 2035 2613 2239 2661; x_wconf 77' lang='lat' dir='ltr'>quidquam</span> 
     </span>
     <span class='ocr_line' id='line_1_141' title="bbox 1280 2648 2240 2710; baseline 0.023 -30"><span class='ocrx_word' id='word_1_872' title='bbox 1280 2648 1355 2703; x_wconf 68' lang='lat' dir='ltr'>agit</span> <span class='ocrx_word' id='word_1_873' title='bbox 1369 2648 1507 2686; x_wconf 58' lang='lat' dir='ltr'>diteGe</span> <span class='ocrx_word' id='word_1_874' title='bbox 1522 2650 1555 2685; x_wconf 88' lang='lat' dir='ltr'>in</span> <span class='ocrx_word' id='word_1_875' title='bbox 1575 2651 1803 2700; x_wconf 84' lang='lat' dir='ltr'>superiorem,</span> <span class='ocrx_word' id='word_1_876' title='bbox 1821 2658 1878 2695; x_wconf 81' lang='lat' dir='ltr'>sed</span> <span class='ocrx_word' id='word_1_877' title='bbox 1895 2661 1949 2696; x_wconf 83' lang='lat' dir='ltr'>illa</span> <span class='ocrx_word' id='word_1_878' title='bbox 1966 2662 2024 2698; x_wconf 88' lang='lat' dir='ltr'>sua</span> <span class='ocrx_word' id='word_1_879' title='bbox 2043 2662 2167 2710; x_wconf 84' lang='lat' dir='ltr'>sponte</span> <span class='ocrx_word' id='word_1_880' title='bbox 2184 2667 2240 2701; x_wconf 84' lang='lat' dir='ltr'>in-</span> 
     </span>
     <span class='ocr_line' id='line_1_142' title="bbox 1277 2699 2237 2761; baseline 0.021 -29"><span class='ocrx_word' id='word_1_881' title='bbox 1277 2699 1484 2736; x_wconf 77' lang='lat' dir='ltr'>clinaturad</span> <span class='ocrx_word' id='word_1_882' title='bbox 1500 2701 1652 2740; x_wconf 81' lang='lat' dir='ltr'>volenda</span> <span class='ocrx_word' id='word_1_883' title='bbox 1670 2711 1915 2756; x_wconf 71' lang='lat' dir='ltr'>appetibilia&amp;</span> <span class='ocrx_word' id='word_1_884' title='bbox 1931 2712 2150 2751; x_wconf 52' lang='lat' dir='ltr'>delectabilia</span> <span class='ocrx_word' id='word_1_885' title='bbox 2166 2715 2237 2761; x_wconf 75' lang='lat' dir='ltr'>sen,</span> 
     </span>
     <span class='ocr_line' id='line_1_143' title="bbox 1280 2749 2232 2811; baseline 0.021 -27"><span class='ocrx_word' id='word_1_886' title='bbox 1280 2749 1333 2784; x_wconf 86' lang='lat' dir='ltr'>sui</span> <span class='ocrx_word' id='word_1_887' title='bbox 1353 2775 1364 2787; x_wconf 87' lang='lat'>.</span> <span class='ocrx_word' id='word_1_888' title='bbox 1382 2751 1421 2786; x_wconf 84' lang='lat' dir='ltr'>Et</span> <span class='ocrx_word' id='word_1_889' title='bbox 1439 2752 1520 2787; x_wconf 87' lang='lat' dir='ltr'>licet</span> <span class='ocrx_word' id='word_1_890' title='bbox 1537 2753 1568 2786; x_wconf 78' lang='lat' dir='ltr'>id</span> <span class='ocrx_word' id='word_1_891' title='bbox 1583 2758 1759 2794; x_wconf 65' lang='lat' dir='ltr'>voluntati</span> <span class='ocrx_word' id='word_1_892' title='bbox 1776 2772 1845 2797; x_wconf 89' lang='lat' dir='ltr'>non</span> <span class='ocrx_word' id='word_1_893' title='bbox 1860 2762 1936 2797; x_wconf 82' lang='lat' dir='ltr'>infit</span> <span class='ocrx_word' id='word_1_894' title='bbox 1951 2776 1996 2799; x_wconf 84' lang='lat' dir='ltr'>ex</span> <span class='ocrx_word' id='word_1_895' title='bbox 2024 2775 2153 2803; x_wconf 82' lang='lat' dir='ltr'>natura</span> <span class='ocrx_word' id='word_1_896' title='bbox 2166 2767 2232 2811; x_wconf 83' lang='lat' dir='ltr'>sui,</span> 
     </span>
     <span class='ocr_line' id='line_1_144' title="bbox 1282 2801 2237 2863; baseline 0.022 -29"><span class='ocrx_word' id='word_1_897' title='bbox 1282 2812 1348 2848; x_wconf 89' lang='lat' dir='ltr'>pro</span> <span class='ocrx_word' id='word_1_898' title='bbox 1361 2801 1524 2848; x_wconf 79' lang='lat' dir='ltr'>praesenti</span> <span class='ocrx_word' id='word_1_899' title='bbox 1540 2814 1656 2843; x_wconf 85' lang='lat' dir='ltr'>tamen</span> <span class='ocrx_word' id='word_1_900' title='bbox 1671 2807 1763 2845; x_wconf 75' lang='lat' dir='ltr'>statu</span> <span class='ocrx_word' id='word_1_901' title='bbox 1783 2812 1830 2846; x_wconf 90' lang='lat' dir='ltr'>ita</span> <span class='ocrx_word' id='word_1_902' title='bbox 1843 2814 1987 2849; x_wconf 83' lang='lat' dir='ltr'>euenire</span> <span class='ocrx_word' id='word_1_903' title='bbox 2019 2820 2237 2863; x_wconf 72' lang='lat' dir='ltr'>experimur,</span> 
     </span>
     <span class='ocr_line' id='line_1_145' title="bbox 1281 2850 2237 2908; baseline 0.019 -21"><span class='ocrx_word' id='word_1_904' title='bbox 1281 2850 1339 2888; x_wconf 90' lang='lat' dir='ltr'>sed</span> <span class='ocrx_word' id='word_1_905' title='bbox 1355 2852 1389 2886; x_wconf 89' lang='lat' dir='ltr'>id</span> <span class='ocrx_word' id='word_1_906' title='bbox 1404 2851 1488 2889; x_wconf 79' lang='lat' dir='ltr'>sitin</span> <span class='ocrx_word' id='word_1_907' title='bbox 1508 2866 1646 2902; x_wconf 76' lang='lat' dir='ltr'>poenam</span> <span class='ocrx_word' id='word_1_908' title='bbox 1661 2861 1774 2908; x_wconf 83' lang='lat' dir='ltr'>culpae</span> <span class='ocrx_word' id='word_1_909' title='bbox 1786 2863 1970 2908; x_wconf 86' lang='lat' dir='ltr'>originalis</span> <span class='ocrx_word' id='word_1_910' title='bbox 1990 2891 2000 2906; x_wconf 91' lang='lat'><strong><em>,</em></strong></span> <span class='ocrx_word' id='word_1_911' title='bbox 2023 2865 2094 2903; x_wconf 79' lang='lat' dir='ltr'>stuc</span> <span class='ocrx_word' id='word_1_912' title='bbox 2115 2863 2237 2906; x_wconf 73' lang='lat' dir='ltr'>&#39;aliun-</span> 
     </span>
     <span class='ocr_line' id='line_1_146' title="bbox 1280 2904 2236 2957; baseline 0.02 -19"><span class='ocrx_word' id='word_1_913' title='bbox 1280 2904 1324 2938; x_wconf 84' lang='lat' dir='ltr'>de</span> <span class='ocrx_word' id='word_1_914' title='bbox 1341 2928 1352 2944; x_wconf 93' lang='lat'><strong><em>,</em></strong></span> <span class='ocrx_word' id='word_1_915' title='bbox 1368 2915 1495 2951; x_wconf 87' lang='lat' dir='ltr'>nempe</span> <span class='ocrx_word' id='word_1_916' title='bbox 1508 2906 1556 2941; x_wconf 93' lang='lat' dir='ltr'>ob</span> <span class='ocrx_word' id='word_1_917' title='bbox 1573 2910 1815 2953; x_wconf 73' lang='lat' dir='ltr'>potentiarum</span> <span class='ocrx_word' id='word_1_918' title='bbox 1834 2916 2010 2951; x_wconf 84' lang='lat' dir='ltr'>unitatem</span> <span class='ocrx_word' id='word_1_919' title='bbox 2029 2917 2063 2951; x_wconf 90' lang='lat' dir='ltr'>in</span> <span class='ocrx_word' id='word_1_920' title='bbox 2079 2919 2236 2957; x_wconf 60' lang='lat' dir='ltr'>eadelm,</span> 
     </span>
     <span class='ocr_line' id='line_1_147' title="bbox 1280 2955 2235 3013; baseline 0.021 -26"><span class='ocrx_word' id='word_1_921' title='bbox 1280 2955 1408 2990; x_wconf 81' lang='lat' dir='ltr'>animae</span> <span class='ocrx_word' id='word_1_922' title='bbox 1423 2955 1567 2992; x_wconf 68' lang='lat' dir='ltr'>essentia</span> <span class='ocrx_word' id='word_1_923' title='bbox 1584 2961 1764 2998; x_wconf 76' lang='lat' dir='ltr'>unitarum</span> <span class='ocrx_word' id='word_1_924' title='bbox 1781 2987 1794 3006; x_wconf 82' lang='grc'><em>,</em></span> <span class='ocrx_word' id='word_1_925' title='bbox 1824 2975 1971 3012; x_wconf 87' lang='lat' dir='ltr'>propter</span> <span class='ocrx_word' id='word_1_926' title='bbox 1995 2979 2103 3013; x_wconf 79' lang='lat' dir='ltr'>quam</span> <span class='ocrx_word' id='word_1_927' title='bbox 2131 2972 2235 3006; x_wconf 83' lang='lat' dir='ltr'>unio·</span> 
     </span>
     <span class='ocr_line' id='line_1_148' title="bbox 1280 3006 2235 3065; baseline 0.018 -24"><span class='ocrx_word' id='word_1_928' title='bbox 1280 3016 1361 3041; x_wconf 88' lang='lat' dir='ltr'>nem</span> <span class='ocrx_word' id='word_1_929' title='bbox 1378 3006 1578 3053; x_wconf 85' lang='lat' dir='ltr'>impediunt</span> <span class='ocrx_word' id='word_1_930' title='bbox 1596 3009 1628 3045; x_wconf 85' lang='lat' dir='ltr'>se</span> <span class='ocrx_word' id='word_1_931' title='bbox 1642 3024 1771 3048; x_wconf 91' lang='lat' dir='ltr'>mutuo</span> <span class='ocrx_word' id='word_1_932' title='bbox 1785 3015 1818 3049; x_wconf 87' lang='lat' dir='ltr'>in</span> <span class='ocrx_word' id='word_1_933' title='bbox 1835 3015 1976 3052; x_wconf 70' lang='lat' dir='ltr'>affibus</span> <span class='ocrx_word' id='word_1_934' title='bbox 1992 3018 2061 3054; x_wconf 79' lang='lat' dir='ltr'>suis</span> <span class='ocrx_word' id='word_1_935' title='bbox 2074 3022 2235 3065; x_wconf 81' lang='lat' dir='ltr'>intentis,</span> 
     </span>
     <span class='ocr_line' id='line_1_149' title="bbox 1280 3057 2236 3115; baseline 0.023 -27"><span class='ocrx_word' id='word_1_936' title='bbox 1280 3059 1314 3092; x_wconf 69' lang='lat'>8&lt;</span> <span class='ocrx_word' id='word_1_937' title='bbox 1335 3057 1466 3104; x_wconf 71' lang='lat' dir='ltr'>pariter</span> <span class='ocrx_word' id='word_1_938' title='bbox 1489 3058 1521 3093; x_wconf 85' lang='lat' dir='ltr'>se</span> <span class='ocrx_word' id='word_1_939' title='bbox 1548 3057 1581 3096; x_wconf 91' lang='lat' dir='ltr'>se</span> <span class='ocrx_word' id='word_1_940' title='bbox 1602 3060 1776 3099; x_wconf 82' lang='lat' dir='ltr'>adiuuant</span> <span class='ocrx_word' id='word_1_941' title='bbox 1791 3088 1803 3107; x_wconf 89' lang='lat'><strong>‚</strong></span> <span class='ocrx_word' id='word_1_942' title='bbox 1832 3064 1941 3112; x_wconf 81' lang='lat' dir='ltr'>juxta</span> <span class='ocrx_word' id='word_1_943' title='bbox 1960 3068 2236 3115; x_wconf 70' lang='lat' dir='ltr'>Auicennarn.»‚</span> 
     </span>
     <span class='ocr_line' id='line_1_150' title="bbox 1280 3107 2237 3160; baseline 0.015 -17"><span class='ocrx_word' id='word_1_944' title='bbox 1280 3107 1521 3145; x_wconf 75' lang='lat' dir='ltr'>6.Natural.</span> <span class='ocrx_word' id='word_1_945' title='bbox 1540 3123 1665 3160; x_wconf 88' lang='lat' dir='ltr'>nempe</span> <span class='ocrx_word' id='word_1_946' title='bbox 1691 3126 1773 3150; x_wconf 91' lang='lat' dir='ltr'>cum</span> <span class='ocrx_word' id='word_1_947' title='bbox 1789 3115 1823 3151; x_wconf 88' lang='lat' dir='ltr'>in</span> <span class='ocrx_word' id='word_1_948' title='bbox 1843 3129 1956 3153; x_wconf 88' lang='lat' dir='ltr'>unum</span> <span class='ocrx_word' id='word_1_949' title='bbox 1987 3131 2112 3157; x_wconf 87' lang='lat' dir='ltr'>omnes</span> <span class='ocrx_word' id='word_1_950' title='bbox 2138 3125 2237 3158; x_wconf 84' lang='lat' dir='ltr'>colli-</span> 
     </span>
     <span class='ocr_line' id='line_1_151' title="bbox 1279 3158 2238 3210; baseline 0.02 -20"><span class='ocrx_word' id='word_1_951' title='bbox 1279 3169 1402 3194; x_wconf 88' lang='lat' dir='ltr'>mant.</span> <span class='ocrx_word' id='word_1_952' title='bbox 1422 3158 1591 3196; x_wconf 83' lang='lat' dir='ltr'>Attamen</span> <span class='ocrx_word' id='word_1_953' title='bbox 1606 3163 1640 3197; x_wconf 90' lang='lat' dir='ltr'>in</span> <span class='ocrx_word' id='word_1_954' title='bbox 1654 3163 1869 3203; x_wconf 81' lang='lat' dir='ltr'>innocentiae</span> <span class='ocrx_word' id='word_1_955' title='bbox 1881 3166 1974 3205; x_wconf 81' lang='lat' dir='ltr'>statu</span> <span class='ocrx_word' id='word_1_956' title='bbox 1991 3172 2159 3210; x_wconf 85' lang='lat' dir='ltr'>voluntas</span> <span class='ocrx_word' id='word_1_957' title='bbox 2176 3175 2238 3209; x_wconf 80' lang='lat' dir='ltr'>‹le-</span> 
     </span>
     <span class='ocr_line' id='line_1_152' title="bbox 1279 3208 2238 3267; baseline 0.017 -21"><span class='ocrx_word' id='word_1_958' title='bbox 1279 3208 1499 3246; x_wconf 69' lang='lat' dir='ltr'>lthabiliter-</span> <span class='ocrx_word' id='word_1_959' title='bbox 1511 3211 1713 3251; x_wconf 86' lang='lat' dir='ltr'>retrahebat</span> <span class='ocrx_word' id='word_1_960' title='bbox 1732 3216 1936 3254; x_wconf 62' lang='lat' dir='ltr'>fenfitit&#39;um</span> <span class='ocrx_word' id='word_1_961' title='bbox 1950 3223 2152 3267; x_wconf 79' lang='lat' dir='ltr'>appetitum</span> <span class='ocrx_word' id='word_1_962' title='bbox 2166 3251 2177 3267; x_wconf 93' lang='lat'><em>,</em></span> <span class='ocrx_word' id='word_1_963' title='bbox 2195 3238 2238 3263; x_wconf 91' lang='lat' dir='ltr'>ne</span> 
     </span>
     <span class='ocr_line' id='line_1_153' title="bbox 1279 3259 2162 3315; baseline 0.018 -20"><span class='ocrx_word' id='word_1_964' title='bbox 1279 3259 1516 3298; x_wconf 81' lang='lat' dir='ltr'>immoderate</span> <span class='ocrx_word' id='word_1_965' title='bbox 1534 3262 1684 3300; x_wconf 84' lang='lat' dir='ltr'>ferretur</span> <span class='ocrx_word' id='word_1_966' title='bbox 1698 3267 1732 3301; x_wconf 84' lang='lat' dir='ltr'>in</span> <span class='ocrx_word' id='word_1_967' title='bbox 1750 3269 1893 3315; x_wconf 89' lang='lat' dir='ltr'>proptia</span> <span class='ocrx_word' id='word_1_968' title='bbox 1908 3269 2132 3311; x_wconf 50' lang='lat' dir='ltr'>delectabilia</span> <span class='ocrx_word' id='word_1_969' title='bbox 2152 3300 2162 3310; x_wconf 90' lang='lat'><strong>.</strong></span> 
     </span>
    </p>

    <p class='ocr_par' dir='ltr' id='par_1_31' title="bbox 1278 3311 2242 3816">
     <span class='ocr_line' id='line_1_154' title="bbox 1382 3311 2238 3373; baseline 0.02 -28"><span class='ocrx_word' id='word_1_970' title='bbox 1382 3311 1442 3349; x_wconf 83' lang='lat' dir='ltr'>Ad</span> <span class='ocrx_word' id='word_1_971' title='bbox 1455 3315 1603 3349; x_wconf 87' lang='lat' dir='ltr'>tertium</span> <span class='ocrx_word' id='word_1_972' title='bbox 1620 3315 1820 3363; x_wconf 75' lang='lat' dir='ltr'>respondeo</span> <span class='ocrx_word' id='word_1_973' title='bbox 1836 3345 1845 3359; x_wconf 92' lang='lat'><em>,</em></span> <span class='ocrx_word' id='word_1_974' title='bbox 1866 3322 2051 3373; x_wconf 84' lang='lat' dir='ltr'>Qamvis</span> <span class='ocrx_word' id='word_1_975' title='bbox 2066 3327 2238 3363; x_wconf 84' lang='lat' dir='ltr'>voluntas</span> 
     </span>
     <span class='ocr_line' id='line_1_155' title="bbox 1278 3363 2241 3420; baseline 0.019 -25"><span class='ocrx_word' id='word_1_976' title='bbox 1278 3363 1491 3399; x_wconf 81' lang='lat' dir='ltr'>naturaliter</span> <span class='ocrx_word' id='word_1_977' title='bbox 1508 3365 1709 3412; x_wconf 82' lang='lat' dir='ltr'>propendat</span> <span class='ocrx_word' id='word_1_978' title='bbox 1726 3368 1766 3403; x_wconf 83' lang='lat' dir='ltr'>ad</span> <span class='ocrx_word' id='word_1_979' title='bbox 1782 3367 1847 3404; x_wconf 78' lang='lat' dir='ltr'>fibi</span> <span class='ocrx_word' id='word_1_980' title='bbox 1863 3373 2159 3420; x_wconf 66' lang='lat' dir='ltr'>complacendum</span> <span class='ocrx_word' id='word_1_981' title='bbox 2176 3378 2241 3413; x_wconf 77' lang='lat' dir='ltr'>in..</span> 
     </span>
     <span class='ocr_line' id='line_1_156' title="bbox 1282 3413 2239 3469; baseline 0.018 -22"><span class='ocrx_word' id='word_1_982' title='bbox 1282 3413 1327 3449; x_wconf 85' lang='lat' dir='ltr'>iis</span> <span class='ocrx_word' id='word_1_983' title='bbox 1341 3438 1356 3458; x_wconf 85' lang='lat'>‚</span> <span class='ocrx_word' id='word_1_984' title='bbox 1380 3424 1461 3459; x_wconf 85' lang='lat' dir='ltr'>quae</span> <span class='ocrx_word' id='word_1_985' title='bbox 1475 3417 1651 3463; x_wconf 72' lang='lat' dir='ltr'>appetitui</span> <span class='ocrx_word' id='word_1_986' title='bbox 1663 3416 1830 3454; x_wconf 76' lang='lat' dir='ltr'>sensitivo</span> <span class='ocrx_word' id='word_1_987' title='bbox 1845 3419 1924 3457; x_wconf 85' lang='lat' dir='ltr'>sunt</span> <span class='ocrx_word' id='word_1_988' title='bbox 1940 3425 2239 3469; x_wconf 51' lang='lat' dir='ltr'>convenientias,</span> 
     </span>
     <span class='ocr_line' id='line_1_157' title="bbox 1281 3464 2240 3521; baseline 0.017 -23"><span class='ocrx_word' id='word_1_989' title='bbox 1281 3466 1391 3510; x_wconf 88' lang='lat' dir='ltr'>eique</span> <span class='ocrx_word' id='word_1_990' title='bbox 1405 3464 1628 3503; x_wconf 53' lang='lat' dir='ltr'>delectabilia</span> <span class='ocrx_word' id='word_1_991' title='bbox 1646 3494 1657 3510; x_wconf 95' lang='lat'>‚</span> <span class='ocrx_word' id='word_1_992' title='bbox 1679 3469 1916 3508; x_wconf 82' lang='lat' dir='ltr'>nihilominus</span> <span class='ocrx_word' id='word_1_993' title='bbox 1928 3485 2041 3521; x_wconf 89' lang='lat' dir='ltr'>quum</span> <span class='ocrx_word' id='word_1_994' title='bbox 2072 3474 2152 3512; x_wconf 64' lang='lat' dir='ltr'>astu</span> <span class='ocrx_word' id='word_1_995' title='bbox 2175 3478 2240 3514; x_wconf 83' lang='lat' dir='ltr'>fibi</span> 
     </span>
     <span class='ocr_line' id='line_1_158' title="bbox 1282 3515 2241 3571; baseline 0.017 -22"><span class='ocrx_word' id='word_1_996' title='bbox 1282 3515 1483 3559; x_wconf 86' lang='lat' dir='ltr'>complacet</span> <span class='ocrx_word' id='word_1_997' title='bbox 1497 3518 1531 3552; x_wconf 86' lang='lat' dir='ltr'>in</span> <span class='ocrx_word' id='word_1_998' title='bbox 1546 3518 1613 3553; x_wconf 80' lang='lat' dir='ltr'>illis</span> <span class='ocrx_word' id='word_1_999' title='bbox 1627 3544 1637 3561; x_wconf 95' lang='lat'><strong>,</strong></span> <span class='ocrx_word' id='word_1_1000' title='bbox 1670 3522 1804 3557; x_wconf 87' lang='lat' dir='ltr'>nullam</span> <span class='ocrx_word' id='word_1_1001' title='bbox 1816 3523 1954 3569; x_wconf 76' lang='lat' dir='ltr'>pavitur</span> <span class='ocrx_word' id='word_1_1002' title='bbox 1966 3524 2241 3571; x_wconf 57' lang='lat' dir='ltr'>emmonem„</span> 
     </span>
     <span class='ocr_line' id='line_1_159' title="bbox 1283 3563 2240 3624; baseline 0.016 -25"><span class='ocrx_word' id='word_1_1003' title='bbox 1283 3575 1345 3600; x_wconf 87' lang='lat' dir='ltr'>aut</span> <span class='ocrx_word' id='word_1_1004' title='bbox 1365 3563 1510 3603; x_wconf 84' lang='lat' dir='ltr'>sustinet</span> <span class='ocrx_word' id='word_1_1005' title='bbox 1525 3569 1718 3606; x_wconf 88' lang='lat' dir='ltr'>motionem</span> <span class='ocrx_word' id='word_1_1006' title='bbox 1734 3594 1748 3616; x_wconf 87' lang='lat'>,</span> <span class='ocrx_word' id='word_1_1007' title='bbox 1778 3573 1883 3620; x_wconf 50' lang='lat' dir='ltr'>¹quali</span> <span class='ocrx_word' id='word_1_1008' title='bbox 1904 3574 2022 3611; x_wconf 74' lang='lat' dir='ltr'>libinb</span> <span class='ocrx_word' id='word_1_1009' title='bbox 2048 3578 2240 3624; x_wconf 71' lang='lat' dir='ltr'>potentia..</span> 
     </span>
     <span class='ocr_line' id='line_1_160' title="bbox 1283 3617 2240 3672; baseline 0.014 -21"><span class='ocrx_word' id='word_1_1010' title='bbox 1283 3617 1458 3652; x_wconf 88' lang='lat' dir='ltr'>materiali</span> <span class='ocrx_word' id='word_1_1011' title='bbox 1475 3618 1672 3665; x_wconf 74' lang='lat' dir='ltr'>impressam</span> <span class='ocrx_word' id='word_1_1012' title='bbox 1685 3647 1697 3664; x_wconf 91' lang='lat'><strong>,</strong></span> <span class='ocrx_word' id='word_1_1013' title='bbox 1724 3621 1782 3659; x_wconf 86' lang='lat' dir='ltr'>sed</span> <span class='ocrx_word' id='word_1_1014' title='bbox 1798 3623 1870 3672; x_wconf 87' lang='lat' dir='ltr'>ipsa</span> <span class='ocrx_word' id='word_1_1015' title='bbox 1883 3623 1930 3660; x_wconf 84' lang='lat' dir='ltr'>est</span> <span class='ocrx_word' id='word_1_1016' title='bbox 1947 3624 1997 3662; x_wconf 86' lang='lat' dir='ltr'>sui</span> <span class='ocrx_word' id='word_1_1017' title='bbox 2020 3626 2240 3664; x_wconf 78' lang='lat' dir='ltr'>determina-</span> 
     </span>
     <span class='ocr_line' id='line_1_161' title="bbox 1284 3665 2241 3726; baseline 0.015 -26"><span class='ocrx_word' id='word_1_1018' title='bbox 1284 3665 1361 3701; x_wconf 88' lang='lat' dir='ltr'>tiva</span> <span class='ocrx_word' id='word_1_1019' title='bbox 1375 3667 1417 3702; x_wconf 85' lang='lat' dir='ltr'>ad</span> <span class='ocrx_word' id='word_1_1020' title='bbox 1434 3668 1478 3704; x_wconf 82' lang='lat' dir='ltr'>fic</span> <span class='ocrx_word' id='word_1_1021' title='bbox 1490 3669 1683 3706; x_wconf 67' lang='lat' dir='ltr'>xolendum</span> <span class='ocrx_word' id='word_1_1022' title='bbox 1697 3698 1704 3707; x_wconf 91' lang='lat'>.</span> <span class='ocrx_word' id='word_1_1023' title='bbox 1718 3676 1957 3726; x_wconf 76' lang='lat' dir='ltr'>Qaptopter</span> <span class='ocrx_word' id='word_1_1024' title='bbox 1979 3677 2039 3713; x_wconf 76' lang='lat' dir='ltr'>etsi</span> <span class='ocrx_word' id='word_1_1025' title='bbox 2069 3682 2241 3714; x_wconf 64' lang='lat' dir='ltr'>voluntax</span> 
     </span>
     <span class='ocr_line' id='line_1_162' title="bbox 1282 3715 2242 3777; baseline 0.015 -28"><span class='ocrx_word' id='word_1_1026' title='bbox 1282 3715 1434 3761; x_wconf 90' lang='lat' dir='ltr'>imperet</span> <span class='ocrx_word' id='word_1_1027' title='bbox 1449 3720 1625 3767; x_wconf 82' lang='lat' dir='ltr'>appetitui</span> <span class='ocrx_word' id='word_1_1028' title='bbox 1641 3720 1812 3760; x_wconf 61' lang='lat' dir='ltr'>senfitixo</span> <span class='ocrx_word' id='word_1_1029' title='bbox 1834 3750 1844 3766; x_wconf 91' lang='lat'>,</span> <span class='ocrx_word' id='word_1_1030' title='bbox 1862 3723 1962 3772; x_wconf 64' lang='lat' dir='ltr'>isque</span> <span class='ocrx_word' id='word_1_1031' title='bbox 1975 3727 2073 3764; x_wconf 83' lang='lat' dir='ltr'>illius</span> <span class='ocrx_word' id='word_1_1032' title='bbox 2088 3729 2242 3777; x_wconf 84' lang='lat' dir='ltr'>imperio</span> 
     </span>
     <span class='ocr_line' id='line_1_163' title="bbox 1281 3776 2241 3816; baseline 0.017 -16"><span class='ocrx_word' id='word_1_1033' title='bbox 1281 3776 1405 3814; x_wconf 79' lang='lat' dir='ltr'>pareat</span> <span class='ocrx_word' id='word_1_1034' title='bbox 1421 3795 1434 3811; x_wconf 89' lang='lat'>,</span> <span class='ocrx_word' id='word_1_1035' title='bbox 1459 3781 1531 3806; x_wconf 89' lang='lat' dir='ltr'>non</span> <span class='ocrx_word' id='word_1_1036' title='bbox 1549 3780 1670 3808; x_wconf 81' lang='lat' dir='ltr'>tamen</span> <span class='ocrx_word' id='word_1_1037' title='bbox 1697 3786 1716 3808; x_wconf 90' lang='lat' dir='ltr'>e</span> <span class='ocrx_word' id='word_1_1038' title='bbox 1732 3786 1857 3811; x_wconf 80' lang='lat' dir='ltr'>contra</span> <span class='ocrx_word' id='word_1_1039' title='bbox 1872 3786 2040 3815; x_wconf 81' lang='lat' dir='ltr'>voluntas</span> <span class='ocrx_word' id='word_1_1040' title='bbox 2067 3781 2241 3816; x_wconf 62' lang='lat' dir='ltr'>obedire)</span> 
     </span>
    </p>

    <p class='ocr_par' dir='ltr' id='par_1_32' title="bbox 1495 3821 2192 3864">
     <span class='ocr_line' id='line_1_164' title="bbox 1495 3821 2192 3864; baseline 0.009 -7"><span class='ocrx_word' id='word_1_1041' title='bbox 1495 3821 1512 3857; x_wconf 81' lang='lat' dir='ltr'>l</span> <span class='ocrx_word' id='word_1_1042' title='bbox 2085 3830 2192 3864; x_wconf 76' lang='lat' dir='ltr'>dicen</span> 
     </span>
    </p>
   </div>
   <div class='ocr_carea' id='block_1_22' title="bbox 2263 235 2448 273">
    <p class='ocr_par' dir='ltr' id='par_1_33' title="bbox 2263 235 2448 273">
     <span class='ocr_line' id='line_1_165' title="bbox 2263 235 2448 273; baseline 0.043 -13"><span class='ocrx_word' id='word_1_1043' title='bbox 2263 240 2292 261; x_wconf 83' lang='lat'>2.</span> <span class='ocrx_word' id='word_1_1044' title='bbox 2314 235 2344 264; x_wconf 85' lang='lat' dir='ltr'>d.</span> <span class='ocrx_word' id='word_1_1045' title='bbox 2366 249 2412 273; x_wconf 87' lang='lat'>29.</span> <span class='ocrx_word' id='word_1_1046' title='bbox 2433 243 2448 273; x_wconf 73' lang='grc'><strong>6</strong></span> 
     </span>
    </p>
   </div>
   <div class='ocr_carea' id='block_1_23' title="bbox 2277 2969 2476 3081">
    <p class='ocr_par' dir='ltr' id='par_1_34' title="bbox 2277 2969 2476 3081">
     <span class='ocr_line' id='line_1_166' title="bbox 2277 2969 2474 3012; baseline 0.03 -16"><span class='ocrx_word' id='word_1_1047' title='bbox 2277 2978 2316 3012; x_wconf 70' lang='grc' dir='ltr'>ι.ι</span> <span class='ocrx_word' id='word_1_1048' title='bbox 2330 2969 2356 2999; x_wconf 70' lang='grc' dir='ltr'>ἀ,</span> <span class='ocrx_word' id='word_1_1049' title='bbox 2383 2981 2429 3005; x_wconf 78' lang='lat'>29.</span> <span class='ocrx_word' id='word_1_1050' title='bbox 2449 2978 2474 3006; x_wconf 73' lang='grc' dir='ltr'>ο.</span> 
     </span>
     <span class='ocr_line' id='line_1_167' title="bbox 2277 3009 2476 3040; baseline 0.02 -4"><span class='ocrx_word' id='word_1_1051' title='bbox 2277 3009 2329 3037; x_wconf 75' lang='lat' dir='ltr'>Htc</span> <span class='ocrx_word' id='word_1_1052' title='bbox 2351 3011 2455 3039; x_wconf 73' lang='lat' dir='ltr'>dicitur</span> <span class='ocrx_word' id='word_1_1053' title='bbox 2468 3032 2476 3040; x_wconf 87' lang='lat'><strong><em>.</em></strong></span> 
     </span>
     <span class='ocr_line' id='line_1_168' title="bbox 2277 3047 2476 3081; baseline 0.01 -5"><span class='ocrx_word' id='word_1_1054' title='bbox 2277 3047 2314 3078; x_wconf 82' lang='lat' dir='ltr'>V.</span> <span class='ocrx_word' id='word_1_1055' title='bbox 2324 3049 2476 3081; x_wconf 69' lang='lat' dir='ltr'>l’raeterea,</span> 
     </span>
    </p>
   </div>
   <div class='ocr_carea' id='block_1_24' title="bbox 2281 3392 2479 3434">
    <p class='ocr_par' dir='ltr' id='par_1_35' title="bbox 2281 3392 2479 3434">
     <span class='ocr_line' id='line_1_169' title="bbox 2281 3392 2479 3434; baseline 0.02 -4"><span class='ocrx_word' id='word_1_1056' title='bbox 2281 3401 2307 3430; x_wconf 71' lang='grc' dir='ltr'>ς.</span> <span class='ocrx_word' id='word_1_1057' title='bbox 2322 3392 2479 3434; x_wconf 54' lang='lat' dir='ltr'>daz-00⁴·</span> 
     </span>
    </p>
   </div>
  </div>
 </body>
</html>
