2628 4043
154 2314 230 2351 4.·1.
245 2324 354 2355 (μμ.

193 3310 225 3332 επ.
233 3301 292 3333 dist.
303 3304 353 3343 3⁸?

461 179 535 235 '93'

519 292 1025 337 ARTICULUS
1075 295 1207 337 111.

530 397 666 435 Vtrum
681 397 767 436 usus
778 397 956 448 precedat
978 397 1168 445 imperium
1183 426 1190 436 .

431 499 511 537 Dr.
527 499 612 537 Iocis
621 501 660 536 in
670 502 830 549 margine
840 502 965 536 citatis
980 500 1024 537 S.
1041 498 1188 551 Thomas
1205 510 1234 535 ι,
1253 509 1287 535 2.

739 565 774 601 q.
790 563 844 601 17.
858 561 927 589 art.
945 561 978 597 3.

490 653 675 702 Espondeo
701 653 760 690 hie
798 652 848 691 est
889 652 1059 693 sententia
1091 651 1172 688 talis
1195 663 1205 686 τ
1232 649 1329 691 Vsus

503 704 583 751 ejus
595 729 606 746 ,
631 705 731 751 quod
745 705 793 742 est
805 705 848 740 ad
859 703 965 741 finem
983 730 995 746 ,
1013 701 1210 739 secundum
1225 700 1327 748 quod

388 764 439 793 eit
452 770 486 792 tn
503 758 643 791 ratione
663 754 838 791 referente
858 753 976 802 ipsum
989 755 1024 789 in
1038 753 1143 789 finem
1159 778 1172 794 ‚
1196 762 1327 797 praece-

386 807 441 842 dit
456 806 689 844 elefflonem:
705 807 801 842 unde
815 807 928 842 multo
942 806 1054 850 magis
1073 801 1241 851 praecedit
1258 803 1326 835 im·

385 859 529 906 perium
545 856 638 894 :Sed
658 855 741 893 usus
756 857 836 903 ejus
855 882 865 897 ‚
896 854 994 902 quod
1009 853 1059 890 est
1072 853 1115 888 ad
1126 851 1231 891 finem
1247 877 1257 892 ,
1270 851 1325 887 ie-

385 908 547 944 cundum
571 907 670 955 quod
696 905 862 945 subditur
888 906 1055 953 porentia:
1079 901 1284 942 executivae
1310 922 1324 943 ‚

385 958 551 1005 sequitur
567 958 756 1004 imperium
774 984 785 999 ,
811 956 966 1001 eoquod
984 954 1069 993 usus
1086 954 1219 992 utentis
1235 963 1324 988 con-

383 1008 538 1056 junfiius
562 1008 611 1044 est
633 1019 714 1044 cum
739 1008 824 1043 atqu
846 1005 926 1052 ejus
941 1034 951 1049 ‚
979 1018 1055 1053 quo
1079 1007 1161 1054 quis
1178 1005 1297 1045 utitur
1312 1027 1322 1037 .

382 1061 583 1106 Imperium
596 1070 714 1095 autem
730 1070 802 1094 non
831 1058 879 1094 est
894 1058 997 1094 {imul
1019 1069 1101 1093 cum
1124 1055 1206 1092 astu
1219 1052 1298 1100 ejus
1311 1078 1324 1097 ‚

384 1111 446 1146 cui
463 1111 659 1157 imperatur
674 1135 687 1152 ‚
713 1108 770 1144 sed
795 1109 1006 1145 naturaliter
1022 1109 1123 1156 prius
1145 1106 1194 1142 est
1211 1107 1322 1152 impe—

384 1161 479 1198 rium
502 1171 611 1207 quam
639 1159 790 1208 imperio
817 1159 1038 1203 obediatur,
1064 1159 1097 1194 8(
1127 1155 1323 1205 aliquando

383 1212 492 1248 etiarn
504 1210 553 1247 est
564 1213 665 1261 prius
679 1221 860 1257 tempore.
880 1209 986 1247 Vnde
1002 1209 1229 1245 manifestum
1244 1205 1295 1243 est
1309 1231 1323 1248 ,

385 1260 489 1309 quod
505 1263 696 1310 imperium
710 1260 810 1309 prius
825 1259 874 1299 est
885 1286 898 1303 ,
925 1272 1032 1308 quam
1045 1258 1132 1296 usus
1145 1286 1155 1296 .

489 1314 532 1348 Et
559 1313 696 1348 addunt
717 1325 728 1346 ι
745 1308 832 1348 Non
860 1314 976 1351 omnis
1002 1310 1103 1347 aetus
1122 1306 1322 1346 voluntatis

385 1363 554 1411 praecedit
572 1362 668 1400 hunc
691 1362 811 1411 aetum
836 1363 983 1408 rationis
1002 1388 1014 1404 ‚
1046 1362 1111 1408 qui
1133 1360 1183 1397 est
1207 1361 1321 1406 impe-

385 1414 481 1464 rium
505 1441 515 1456 ‚
545 1412 602 1453 sed
627 1412 761 1459 aliquis
783 1413 950 1458 praecedit
967 1440 978 1454 ,
1001 1411 1136 1452 scilicet
1158 1410 1286 1447 eleffio
1307 1435 1319 1451 ‚

385 1465 422 1514 8t
435 1465 567 1512 aliquis
582 1463 745 1510 sequitur
770 1463 904 1499 scilicet
920 1463 1006 1499 usus
1019 1490 1028 1503 ‚
1049 1463 1134 1509 quia
1165 1462 1242 1508 post
1259 1460 1321 1496 de-

384 1512 675 1552 terminationem
691 1513 850 1556 consilii,
875 1526 957 1561 qua:
983 1512 1032 1549 est
1058 1512 1237 1559 judicium
1265 1524 1322 1547 ra·

385 1567 494 1602 tionis
512 1590 524 1608 ‚
551 1564 834 1610 voluntaseligit
849 1591 860 1607 ‚
887 1565 922 1600 8<
954 1563 1030 1609 post
1043 1563 1254 1599 eteffionem
1268 1575 1322 1597 ra-

387 1617 439 1664 tio
453 1618 603 1664 imperat
618 1617 649 1652 ei
660 1642 674 1662 ,
702 1625 762 1660 per
772 1614 872 1661 und
887 1614 1069 1659 agendum
1083 1613 1132 1649 est
1146 1614 1247 1660 quod
1261 1615 1325 1649 eli-

385 1668 487 1712 gitur
503 1693 513 1708 ,
526 1667 559 1707 8(
576 1678 663 1702 tunc
680 1663 827 1698 demum
842 1664 1013 1705 voluntas
1030 1663 1187 1709 alicujus
1199 1665 1325 1712 incipit

386 1718 443 1752 uti
459 1716 676 1764 egequendo
687 1714 876 1762 imperium
906 1714 1058 1761 rationis
1071 1739 1082 1754 ‚
1102 1713 1326 1762 quandoque

382 1766 528 1820 quidem
545 1769 714 1815 voluntas
725 1766 874 1801 alterius
888 1792 900 1807 ‚
923 1776 1008 1800 cum
1026 1763 1155 1809 aliquis
1173 1765 1328 1808 imperat

383 1818 511 1858 alteri,
553 1818 778 1864 quandoque
790 1825 911 1849 autem
939 1813 1110 1848 voluntas
1136 1812 1245 1854 ipsius
1262 1813 1328 1843 im-

381 1866 543 1918 perantis
558 1894 571 1910 ‚
594 1879 676 1904 cum
693 1865 988 1911 aliquisimperat
1002 1855 1134 1903 fibiipst
1149 1882 1161 1898 2

486 1914 607 1954 Nobis
632 1916 775 1951 videtur
799 1941 810 1957 ,
849 1914 918 1961 hos
943 1913 1046 1950 aetus
1073 1909 1162 1944 citra
1184 1917 1327 1957 omnem

385 1964 627 2014 necessitatem
661 1966 888 2014 multiplicari
914 1993 923 2003 .
951 1967 994 2003 Et
1017 1956 1328 2012 quemadmodum

384 2018 543 2055 diximus
559 2017 661 2063 supra
674 2029 709 2064 q.
729 2026 782 2061 ις.
797 2026 868 2053 art.
889 2029 916 2053 t.
933 2015 1141 2058 consensum
1173 2009 1329 2049 nondif-

391 2070 482 2106 ferre
500 2071 545 2105 ab
563 2067 696 2105 efficaci
708 2067 905 2103 intentione
920 2065 1024 2111 finis',
1039 2078 1106 2110 nec
1122 2067 1168 2102 ab
1180 2060 1328 2100 eleftio-

388 2134 432 2158 ne
444 2121 640 2156 mediorum
658 2118 700 2155 ad
716 2116 821 2155 finem
846 2130 892 2154 ex
914 2127 987 2159 arc.
1012 2132 1050 2165 4.
1077 2117 1197 2167 quaest.
1213 2117 1263 2152 cit
1280 2115 1327 2158 &⁴

388 2171 502 2221 quast.
522 2170 576 2210 16.
593 2179 662 2206 art.
676 2181 714 2214 4.
729 2168 872 2204 evenire
885 2168 979 2216 posse
993 2197 1003 2211 ‚
1033 2179 1074 2205 ut
1091 2167 1176 2206 usus
1192 2168 1329 2204 coinci-

387 2220 544 2261 dat'cum
568 2221 742 2258 electione
757 2244 768 2260 ‚
789 2219 836 2253 ita
858 2231 954 2255 nunc
976 2221 1117 2263 annue,
1139 2220 1327 2266 imperium

387 2286 459 2310 non
476 2272 542 2310 effe
556 2272 674 2307 aflum
687 2267 869 2305 diversum
883 2270 929 2304 ab
940 2270 1113 2306 elee‘fione
1128 2296 1136 2304 .
1155 2273 1251 2308 Nam
1260 2281 1329 2313 vo·

388 2325 527 2361 luntate
543 2323 697 2368 eilgente
710 2320 824 2357 media
838 2320 1070 2367 perveniendi
1086 2319 1130 2355 ad
1156 2318 1262 2356 finem
1274 2318 1327 2356 ef-

388 2375 547 2412 ficaciter
561 2376 736 2409 intentum
752 2397 763 2413 ,
787 2370 903 2406 statim
917 2371 966 2406 illi
978 2370 1142 2407 subiefftae
1156 2370 1327 2417 potentiae

385 2428 470 2462 dant
488 2426 520 2461 se
536 2422 768 2464 executioni,
785 2422 818 2458 8(
835 2421 1104 2467 ampleEtuntur
1120 2420 1233 2455 media
1246 2420 1325 2455 aliis

384 2478 531 2530 praelata
552 2502 563 2517 ‚
588 2475 686 2510 nullo
714 2473 785 2508 alio
813 2470 966 2518 desuper
990 2471 1204 2517 imperativo
1231 2469 1329 2506 velle

385 2522 646 2565 concurrente3
672 2522 765 2564 idem
781 2522 830 2563 est
847 2534 934 2567 ergo
951 2523 1173 2557 voluntatem
1187 2521 1325 2568 praeeli-

386 2591 468 2625 gete
484 2575 595 2613 media
610 2601 621 2617 ‚
646 2572 814 2618 acjubere
843 2572 1021 2618 subjeeI-*tas
1038 2570 1215 2619 potentias
1240 2584 1326 2607 exc-

386 2631 450 2677 qui
476 2626 574 2674 quod
595 2623 819 2670 praeelectum
843 2624 911 2664 fuit
929 2649 940 2660 .
961 2623 1062 2667 ¹Vnde
1086 2633 1253 2670 peccator
1270 2622 1324 2657 in-

384 2678 534 2725 tendens
561 2675 749 2712 efficaciter
772 2675 901 2712 reverti
931 2673 975 2709 ad
1000 2685 1087 2718 cor,
1113 2686 1152 2708 ac
1171 2684 1323 2718 recupe-

385 2742 464 2778 rare
489 2728 640 2774 gratiam
667 2727 735 2762 Dei
760 2753 771 2769 ,
795 2739 866 2774 qua
889 2725 1024 2762 excidit
1052 2737 1113 2771 per
1146 2725 1288 2771 culpam
1311 2748 1324 2765 ‚

384 2778 485 2821 illico
506 2775 700 2813 detestatur
716 2788 900 2822 peccatum
918 2787 956 2811 ut
983 2775 1139 2812 medium
1168 2772 1323 2809 necessa-

384 2831 475 2868 rium
491 2826 726 2872 satisfaciendi
752 2825 893 2863 offense
919 2826 1073 2862 divinae:
1098 2825 1131 2861 id
1149 2836 1235 2870 ergo
1251 2824 1320 2858 fuit

384 2882 421 2916 in
439 2878 515 2927 ipso
526 2877 620 2914 velle
634 2878 894 2918 imperatiuum
911 2903 921 2918 ,
946 2877 1046 2922 quod
1069 2877 1196 2915 elefflo
1209 2874 1318 2911 medii

384 2928 618 2980 perveniendi
630 2927 673 2964 ad
687 2927 791 2964 finem
808 2929 987 2964 intentum
1004 2952 1014 2967 ‚
1031 2939 1102 2961 non
1118 2937 1316 2972 utcunque,

384 2981 442 3018 sed
464 2979 597 3016 efficaci
612 2980 784 3015 volitione
798 3004 810 3017 .
824 2981 1058 3029 Qpropter
1081 2976 1169 3012 sicut
1193 2986 1317 3021 praetcr

384 3031 502 3073 velle,
524 3030 558 3067 Sc
587 3030 676 3067 nolle
703 3030 908 3076 simpliciter
930 3039 1000 3064 non
1027 3026 1076 3062 est
1104 3027 1196 3065 alius
1216 3025 1318 3061 aetus

383 3079 627 3118 adstruendus
644 3109 655 3123 ,
681 3092 757 3127 quo
768 3081 905 3116 dicatur
918 3078 1088 3114 voluntas
1117 3075 1317 3112 consentire

381 3134 440 3169 vel
458 3131 633 3174 diffentire
649 3160 660 3175 ,
682 3133 820 3180 quippe
836 3143 916 3178 que
933 3127 1088 3164 volendo
1104 3125 1318 3168 consentiat,

381 3185 416 3221 8<
432 3181 586 3219 nolendo
602 3184 778 3231 complete
793 3181 992 3228 rest-agetur
1007 3179 1109 3224 queis
1136 3177 1317 3212 dissentire

382 3234 540 3275 dicitur,
562 3234 612 3270 ita
638 3233 849 3279 imperando
868 3232 968 3277 eligit
986 3257 995 3271 ‚
1018 3229 1052 3263 8(
1074 3227 1240 3273 eligendo
1255 3227 1318 3261 im-

382 3295 481 3332 perat
509 3284 688 3332 quicquid
714 3284 808 3320 fausto
824 3293 916 3330 opus
929 3280 996 3319 esse
1015 3279 1144 3315 viderit
1161 3304 1171 3314 .
1192 3280 1318 3327 Qnrc

383 3335 453 3370 hoc
471 3336 594 3381 ordine
618 3334 684 3372 eil'e
713 3333 927 3380 digerendos
951 3331 1051 3367 aaus
1076 3330 1317 3375 potentiarum

383 3387 505 3422 anima:
516 3385 731 3422 arbitramur
745 3412 754 3421 .
771 3386 892 3420 Primo
909 3382 958 3419 est
974 3379 1205 3428 apprehensio
1215 3376 1318 3423 objc-

383 3436 459 3485 ffi,
486 3434 620 3475 eximie
633 3434 681 3471 est
705 3436 858 3474 intentio
885 3434 992 3482 ipsius
1017 3441 1055 3467 ut
1076 3429 1155 3465 finis
1174 3457 1184 3472 ‚
1210 3441 1319 3475 quam

384 3479 623 3523 intentionem
669 3486 764 3523 rthe
788 3484 820 3519 8(
845 3482 1053 3520 consensum
1071 3481 1318 3528 appellamus:

385 3550 429 3574 eo
444 3538 534 3573 enim
551 3534 642 3572 velle
656 3537 821 3571 voluntas
848 3537 1004 3580 applicat
1035 3524 1068 3567 se
1085 3530 1232 3577 objceto
1247 3557 1257 3571 ‚
1283 3529 1318 3564 8(

385 3587 429 3623 de
443 3583 767 3632 codemquoddam
784 3587 883 3631 quafi
898 3584 1184 3631 experimentum
1200 3582 1319 3627 capit.

385 3638 514 3673 Tertio
536 3637 691 3675 ostensio
714 3635 911 3672 mediorum
940 3635 981 3671 ad
1009 3633 1114 3669 finem
1139 3632 1322 3667 ordinato-

384 3700 464 3723 rum
483 3714 494 3730 ,
521 3700 595 3724 cam
615 3686 947 3722 veroostensionem
975 3684 1138 3730 sequitur
1162 3682 1294 3718 eleffio
1312 3708 1323 3723 ,

385 3740 421 3774 in
434 3751 540 3785 quam
558 3740 591 3774 8(
607 3736 815 3773 consensum
836 3735 1037 3771 coincidere
1050 3734 1187 3770 distum
1202 3732 1250 3768 est
1270 3731 1325 3765 su-

383 3801 448 3837 pra
466 3787 588 3836 quaest.
609 3797 648 3832 ις
678 3797 749 3822 art.
774 3798 801 3822 ¹.
821 3786 853 3822 8(
877 3798 907 3831 3.
928 3785 1038 3832 Quod
1057 3784 1135 3821 sane
1151 3782 1327 3829 regulari-

391 3850 447 3876 ter
460 3839 512 3875 est
529 3838 796 3885 intelligendum
813 3862 821 3871 .
847 3837 1031 3884 Siquidem
1047 3837 1186 3874 evenire
1200 3835 1330 3883 potest,

1025 177 1208 225 Summae
1238 173 1432 250 Joannis
1470 175 1602 224 Duns
1630 175 1749 226 Scoti

1406 255 1449 283 ut
1463 243 1540 290 ipsa
1556 246 1592 280 in
1602 246 1805 283 intentione
1820 243 1901 283 finis
1915 242 2100 296 perspecta
2110 239 2180 279 {int
2197 241 2234 280 8(
2248 244 2363 282 media

1408 294 1454 331 ad
1467 295 1575 333 finem
1586 297 1749 340 ordinata
1764 324 1778 342 ,
1802 297 1841 334 8,(
1855 307 1943 334 tunc
1961 297 2054 333 idem
2067 295 2173 331 aetus
2188 295 2360 341 appetiti·

1407 357 1463 390 vge
1479 347 1648 395 potentiae
1663 350 1729 384 erit
1743 349 1898 384 intentio
1925 349 1958 384 8(
1977 347 2063 384 usus
2080 373 2093 389 ‚
2129 345 2203 382 {ive
2228 345 2358 380 volitio

1407 408 1536 435 eorum
1551 409 1633 442 quae
1650 407 1871 446 appetuntur
1884 400 1919 434 in
1935 399 2062 434 ordine
2077 397 2123 434 ad
2146 395 2247 432 aliud
2261 394 2354 430 voli.

1402 457 1496 486 tum.
1514 446 1699 484 Postremo
1709 448 1756 485 est
1771 449 1976 495 exequutio
1991 448 2137 485 nauum
2150 459 2213 496 per
2224 456 2357 494 poten-

1401 497 1471 541 tias
1482 498 1567 534 alias
1597 510 1616 533 a
1634 500 1818 534 voluntate
1845 498 2149 545 repraesentandos
2164 524 2180 541 0
2202 496 2351 534 media-0

1401 550 1563 595 potentia
1578 550 1661 586 loco
1676 550 1936 588 motiva.Vltra
1948 547 2015 585 hos
2034 549 2137 586 astus
2152 550 2259 587 nobis
2272 556 2351 584 non

1400 598 1571 642 videntur
1587 600 1645 634 alii
1656 598 1946 635 comminiscendi
1957 624 1969 640 ,

1506 648 1639 684 Vtrum
1668 660 1791 685 autem
1821 647 1906 685 usus
1931 648 2124 696 imperium
2151 648 2346 696 praecedat,

1399 709 1463 739 aut
1490 710 1510 733 e
1532 698 1709 743 converso
1737 700 1846 735 relata
1862 699 2035 736 sententia
2065 699 2171 735 dtffis
2197 699 2344 736 duobus

1398 745 1551 796 praesens
1562 749 1750 795 quaefitum
1761 750 1932 788 declarat:
1947 750 2105 789 Primum
2121 750 2209 792 estzfi
2227 750 2345 785 sermo
2621 733 2625 763 f

1398 798 1458 846 fiat
1471 796 1513 833 de
1526 797 1591 845 usu
1607 826 1619 843 ,
1647 812 1723 846 quo
1735 802 1906 836 voluntas
1919 800 2073 848 applicat
2089 801 2352 838 intelleftttm-
2619 776 2623 855 ἶ

1399 849 1444 888 ad
1455 848 1732 893 consultandum
1748 851 1790 887 de
1809 852 1932 893 mediis
1946 877 1956 894 ‚
1982 851 2011 885 is
2023 849 2107 886 usus
2121 850 2172 889 est
2189 851 2346 897 imperio
2617 861 2621 911 ¹

1399 901 1498 947 prior
1512 925 1520 934 .
1534 901 1720 949 Siquidem
1737 902 1764 943 is
1777 901 1862 942 usus
1877 900 2083 941 electionem
2096 898 2347 950 praecedit3sed
2616 933 2619 950 1

1399 950 1528 999 οΙςξὶίο,
1543 951 1709 998 praecedit
1727 952 1915 999 imperium
1933 952 1966 986 in
1981 950 2156 987 sententia
2169 961 2344 990 eorum-‚3
2615 955 2618 993 Ι

1396 1011 1486 1045 ergo
1497 1003 1605 1047 etiarn
1623 1003 1682 1042 ille
1697 1001 1780 1044 usus
1795 1003 1843 1040 est
1862 1004 2014 1050 imperio
2029 1000 2347 1051 priorzsecundum
2510 1014 2525 1027 ι
2614 1002 2617 1027 ¹

1396 1050 1447 1096 est
1465 1063 1477 1091 ς
1503 1051 1599 1088 Vsus
1616 1053 1673 1088 ille
1685 1080 1696 1095 ‚
1720 1064 1796 1100 quo
1811 1055 1981 1094 voluntas
1998 1053 2155 1100 applicat
2180 1053 2267 1087 alias
2280 1062 2347 1097 po·
2613 1037 2616 1073 l

1404 1102 1537 1137 tentias
1550 1103 1593 1137 ad
1606 1106 1861 1143 executionem
1878 1103 2080 1141 mediorum
2094 1130 2106 1145 ,
2118 1103 2183 1138 tali
2199 1099 2267 1141 usa
2278 1102 2347 1138 im.
2611 1089 2615 1148 f

1396 1153 1536 1200 perium
1551 1153 1600 1189 est
1617 1155 1717 1200 prius
1728 1181 1736 1196 ‚

1497 1206 1580 1241 Nos
1591 1204 1741 1242 dIcimus
1752 1233 1764 1248 ,
1776 1205 2131 1254 velleimperativum
2145 1201 2342 1240 neceffario

1392 1254 1599 1303 praecedere
1610 1267 1751 1292 omnem
1764 1256 1865 1296 usum
1883 1257 2118 1304 potentiarum
2131 1255 2261 1290 animae
2273 1281 2285 1297 ,
2302 1253 2340 1289 8(

1393 1306 1510 1342 multo
1524 1307 1639 1352 magis
1663 1309 1946 1355 exequutionem
1973 1319 2036 1354 per
2064 1305 2250 1341 inferiores
2278 1316 2341 1353 po*

1393 1357 1523 1392 tentias
1539 1357 2057 1403 repraesen·andam.Voluntas
2070 1358 2208 1405 quippe
2220 1354 2270 1391 est
2285 1356 2338 1392 in,

1393 1407 1632 1444 strumentum
1649 1408 1796 1455 seipsum
1813 1420 1960 1444 movens
1977 1410 2150 1455 :imperat
2163 1407 2258 1442 enim
2274 1405 2339 1442 fibi

1391 1456 1509 1505 ipfissc
1524 1470 1645 1494 movet
1658 1461 1763 1495 etiam
1777 1458 1861 1497 alias
1872 1459 1996 1494 animae
2009 1456 2339 1507 potentias,adeout

1393 1509 1531 1544 illinon
1543 1512 1791 1558 obtemperare
1809 1521 1878 1545 non
1892 1509 2017 1556 poss‘tnt
2030 1536 2042 1552 ,
2054 1519 2094 1543 ut
2106 1508 2192 1544 dicit
2207 1506 2337 1547 Ansel-

1395 1570 1474 1594 mus
1485 1568 1561 1608 cap.
1576 1573 1613 1604 4.
1629 1559 1672 1595 de
1685 1568 1826 1606 peccatu
1843 1558 2008 1602 originali
2027 1583 2036 1591 .
2056 1559 2151 1596 Cum
2169 1569 2256 1602 ergo
2270 1568 2336 1591 vo·
2381 1553 2408 1578 δ’
2437 1548 2578 1592 ΤὴΟΠἙ“““

1395 1609 1515 1646 tuntas
1529 1609 1715 1646 intelleetu
1728 1609 1842 1643 utitur
1853 1606 1896 1641 ad
1910 1608 1983 1642 haec
1999 1608 2030 1641 8(
2043 1608 2101 1642 illa
2115 1606 2338 1643 confideran-
2379 1585 2580 1659 {22:3¹2ng

1395 1659 1454 1701 da,
1466 1670 1631 1697 avertens
1645 1660 1745 1696 illum
1763 1660 1807 1692 ab
1825 1659 1932 1693 unius
1943 1656 2076 1702 objeffl
2089 1656 2342 1692 confideratio-
2380 1664 2472 1704 palam
2482 1644 2520 1692 e'st
2534 1661 2579 1692 es·

1395 1722 1441 1746 ne
1453 1738 1466 1755 ,
1490 1712 1524 1747 8(
1537 1711 1581 1745 ad
1597 1709 1695 1744 aliud
1708 1718 1922 1743 convertens
1937 1729 1948 1747 ‚
1965 1707 2083 1742 medio
2095 1707 2159 1741 suo
2173 1704 2266 1742 velle
2277 1708 2341 1743 im·
2374 1705 2401 1732 se
2410 1705 2580 1743 eximperio,

1398 1762 1565 1804 perativo
1577 1758 1612 1791 id
1627 1756 1733 1796 efficit
1748 1781 1758 1795 ‚
1779 1754 1863 1791 usus
1877 1754 2039 1799 ergoiste
2057 1754 2100 1791 'de
2116 1757 2269 1802 imperio
2281 1769 2341 1792 ve-
2383 1741 2429 1809 sed!
2443 1752 2576 1787 quatenus

1399 1807 1470 1838 luti
1485 1806 1629 1851 propria
1646 1803 1748 1840 causa
1781 1805 1941 1849 procedit
1958 1830 1966 1839 .
1990 1807 2032 1840 Et
2050 1809 2232 1853 Quamvis
2259 1808 2342 1842 talis
2379 1789 2577 1857 ζὲςέἓὲῗιὲἓῖ

1398 1853 1485 1890 usus
1510 1854 1548 1889 fit
1567 1856 1663 1902 prior
1688 1854 1860 1891 electione
1876 1881 1889 1897 ‚
1910 1867 1991 1903 quae
2021 1857 2150 1892 electio
2179 1855 2343 1904 sequitur
2381 1867 2432 1886 vet
2443 1858 2478 1887 ad
2488 1867 2576 1897 opera.

1398 1904 1603 1950 confilium,
1618 1906 1649 1941 3(
1664 1904 1905 1942 discussionem
1921 1906 2120 1942 mediorum
2137 1907 2209 1948 ;est
2224 1918 2342 1943 tamen
2381 1897 2495 1942 tionem
2529 1907 2575 1936 ΡΟ·

1398 1953 1549 2003 imperio
1561 1954 1732 2004 posterior
1747 1983 1757 1998 ‚
1778 1958 1863 2001 quia
1879 1954 2027 1992 effefiius
2040 1959 2135 1994 illius
2150 1984 2157 1992 .
2171 1961 2251 1995 Nec
2265 1969 2344 1994 rur·
2381 1943 2573 2011 3:335*

1397 2005 1457 2042 sus
1469 2006 1545 2041 haec
1556 2005 1681 2042 elec-‘tio
1694 2006 1797 2042 medii
1810 2006 1858 2042 est
1875 2009 1919 2042 ab
1947 2008 2097 2055 imperio
2121 2008 2345 2055 distinguen·
2384 2013 2490 2044 media.

1395 2056 1441 2093 da
1457 2085 1470 2101 ‚
1494 2067 1534 2093 ut
1548 2057 1759 2092 adnotatum
1773 2056 1843 2092 fuit
1857 2084 1868 2099 ‚
1891 2059 1975 2104 quia
1989 2060 2178 2095 voluntate
2193 2058 2347 2095 efficaci-

1400 2119 1457 2145 ter
1472 2109 1628 2153 eligente
1644 2107 1757 2143 media
1772 2135 1784 2151 ,
1800 2106 1900 2144 simul
1914 2107 2015 2154 jubet
2046 2121 2086 2144 ac
2111 2110 2262 2157 imperat
2279 2122 2347 2158 po·

1393 2159 1518 2197 tentiis
1533 2159 1695 2206 :implesti
1712 2159 1771 2193 illa
1791 2190 1795 2198 ,
1821 2171 1902 2206 quae
1917 2161 1993 2195 aliis
2009 2160 2151 2207 praelata
2183 2159 2344 2198 fuerunt.

1396 2209 1509 2261 Qod
1524 2208 1546 2246 st
1562 2210 1733 2245 executio
1749 2210 1815 2245 alia
1828 2208 1970 2257 insuper
1986 2209 2137 2256 juffione
2150 2211 2347 2257 indigere-³

1393 2259 1614 2304 videtum-,id
1630 2271 1699 2294 non
1714 2259 1762 2295 est
1776 2260 1837 2296 nist
1854 2261 1907 2296 vel
1922 2263 2009 2308 quia
2024 2259 2192 2299 inefficax
2216 2262 2349 2298 electio

1394 2315 1463 2350 fuit
1477 2342 1488 2358 ,
1503 2314 1559 2349 vel
1574 2308 1774 2348 extrinseca
1787 2312 2044 2359 impedimenta
2057 2313 2275 2350 inciderunt.
2289 2314 2348 2348 De

1395 2364 1552 2407 secunda
1568 2362 1759 2411 solutipnis
1773 2374 1875 2411 parte
1891 2362 2004 2401 sermo
2018 2364 2084 2400 erit
2103 2365 2138 2401 iu
2164 2363 2347 2412 sequenti·

1394 2418 1460 2454 bus
1479 2443 1489 2455 .

2382 1278 2452 1309 md·
2463 1283 2514 1318 42.
2523 1285 2577 1319 qa.

2379 1469 2515 1500 Valentia
2535 1469 2574 1500 hic

2402 1517 2467 1537 uma
2484 1517 2512 1544 ς.
2525 1508 2560 1537 ait
2568 1517 2579 1536 ε

1543 2514 2054 2555 ARTICVLVS
2107 2517 2176 2555 lv.

1453 2618 1586 2658 Vtrum
1601 2617 1791 2663 imperium
1819 2620 1854 2655 8(
1870 2617 1973 2654 aetus
2003 2619 2202 2663 imperatus
2226 2617 2292 2654 fint

1625 2667 1727 2703 astus
1741 2681 1834 2710 unus
1849 2696 1862 2713 ‚
1890 2669 1948 2704 vel
1962 2667 2088 2704 diversi
2103 2693 2114 2705 .

1413 2770 1551 2808 Ἕοέῗον
1576 2780 1590 2798 ⁹
1609 2772 1702 2813 uodl.
1719 2784 1753 2819 q.
1776 2772 1830 2808 t8.
1850 2771 1882 2811 §.
1903 2773 1958 2806 De
1972 2770 2082 2805 tertio
2099 2767 2315 2818 principali.

1590 2826 1635 2860 S.
1659 2823 1777 2859 Thom.
1795 2833 1828 2861 ι.
1842 2832 1877 2856 2.
1893 2833 1926 2869 q.
1947 2832 2002 2869 17.
2015 2831 2086 2857 art.
2100 2832 2139 2867 4.

2590 2870 2597 2964 ῂ--ΡΑ
2592 2795 2599 2849 «ο,

1509 2923 1872 2969 ldentur,lmperium
1887 2924 1919 2960 8(
1938 2920 2040 2967 :ti-'tus
2057 2922 2252 2967 imperatus
2271 2917 2342 2957 eise

1520 2986 1590 3011 non
1607 2974 1732 3011 diversi
1753 2973 1853 3010 aetus
1873 2987 1884 3016 3
1912 2973 1969 3009 sed
1986 2983 2080 3008 unus
2099 2971 2269 3009 :Etenim
2287 2969 2343 3007 se-

1387 3025 1549 3064 cundum
1570 3024 1827 3071 Philosophum
1844 3026 2064 3071 2.TQp.cap.
2081 3031 2115 3057 2.
2135 3023 2212 3059 Vbi
2231 3032 2343 3057 unum

1383 3085 1529 3127 propter
1541 3076 1705 3114 alterum,
1719 3078 1771 3112 ibi
1781 3074 1829 3110 es}
1840 3088 1950 3112 unum
1962 3081 2108 3117 tentum
2125 3085 2135 3109 ε
2154 3072 2223 3110 Sed
2238 3071 2344 3108 aetus

1389 3133 1586 3176 imperatus
1598 3141 1668 3163 non
1684 3126 1734 3163 est
1749 3127 1808 3162 nist
1824 3136 1972 3175 propter
2002 3125 2223 3173 imperium;
2253 3133 2345 3170 ergo

1391 3180 1471 3216 sunt
1488 3191 1599 3214 unum
1617 3205 1626 3214 .
2342 3174 2345 3176 ’

1493 3231 1667 3265 Praeterea
1693 3255 1703 3270 ‚
1746 3229 1847 3265 Sicut
1877 3229 1911 3264 in
1930 3226 2156 3271 naturalibus
2192 3221 2346 3271 aliquod

1391 3292 1505 3318 unum
1532 3279 1763 3326 componitur
1777 3292 1822 3315 ex
1840 3280 1987 3315 materia
2015 3280 2049 3314 8(
2069 3276 2206 3324 forma,
2230 3276 2279 3309 ita
2308 3275 2344 3310 in

1393 3331 1534 3367 auibus
1575 3330 1740 3366 humanis
1771 3357 1781 3371 ,
1818 3329 1918 3365 aelus
1958 3326 2138 3364 inferioris
2169 3325 2345 3371 potentioe

1394 3382 1625 3419 materialiter
1640 3380 1671 3416 se
1697 3380 1804 3416 habet
1817 3380 1859 3415 ad
1888 3378 2007 3414 afflum
2042 3376 2231 3423 superioris
2250 3401 2260 3415 ‚
2288 3376 2346 3409 in-

1395 3442 1569 3481 quantum
1584 3430 1728 3467 inferior
1742 3431 1903 3477 potentia
1927 3430 2000 3474 agit
2029 3428 2065 3464 in
2081 3428 2217 3462 virtute
2241 3424 2348 3472 supe-

1397 3483 1500 3518 rioris
1512 3484 1713 3519 moventis3
1738 3492 1826 3525 ergo
1845 3480 2033 3527 imperium
2053 3501 2067 3520 ‚
2096 3475 2131 3511 &
2148 3473 2252 3512 xifius
2282 3476 2350 3511 im-

1398 3543 1546 3581 peratus
1564 3530 1641 3566 sunt
1656 3543 1750 3569 unus
1763 3531 1866 3566 aetus
1880 3530 2062 3566 humanus
2079 3553 2090 3563 .
2535 3534 2537 3586 f

1502 3583 1665 3624 Contra,
1692 3585 1784 3632 Qae
1814 3579 1986 3616 distinfflc
2016 3578 2194 3625 negativis
2217 3587 2351 3624 praece·
2533 3596 2535 3646 l

1401 3633 1473 3682 ptis
1489 3632 1724 3678 prohibentur
1741 3657 1750 3672 ‚
1782 3632 1964 3678 propriam
1980 3640 2089 3675 atque
2115 3626 2353 3664 distinaam

1408 3685 1583 3722 rationem
1599 3682 1828 3728 praeseferunt
1841 3679 2131 3730 imputabilitatis
2143 3678 2186 3714 ad
2201 3687 2356 3727 poenamt

1409 3735 1496 3774 Alio
1507 3744 1625 3769 autem
1641 3742 1822 3780 praecepto
1836 3732 2006 3778 negativo
2017 3725 2246 3766 interdicitur
2255 3726 2358 3763 naus

1411 3782 1608 3827 imperatus
1621 3784 1779 3821 exterior
1793 3811 1804 3826 ,
1838 3784 1909 3823 alio
1925 3782 2072 3817 interior
2087 3806 2097 3816 .
2115 3782 2210 3818 Nam
2226 3780 2262 3814 in
2281 3779 2357 3824 lege

1414 3835 1586 3885 scriptum
1602 3833 1665 3871 est.
1683 3835 1775 3871 Non
1789 3831 1999 3882 concupsscer
2009 3842 2156 3872 uxorem
2170 3829 2356 3917 &extem

2269 3889 2310 3914 on
