2602 4011
79 1251 284 1283 M'cttumno-

77 1291 159 1319 &oris
172 1311 183 1327 ,
206 1294 282 1323 Gra-

76 1332 146 1360 tiani
169 1341 218 1369 per
253 1331 281 1361 se

137 1406 145 1411 ς
186 1380 279 1408 primo

99 1410 209 1438 erficere
226 1421 278 1440 vo-

106 1456 278 1483 mate-nfin-

73 1486 116 1522 ju<
131 1487 216 1516 soltus
240 1487 277 1516 est

74 1527 175 1553 mereri
188 1544 198 1560 ,

73 1571 188 1602 peccare
200 1584 211 1598 .

73 2657 173 2692 1.dist.
196 2667 272 2701 17.q.

72 2708 102 2736 3·
123 2699 274 2737 Q⁰d¹¹b⁰

18 2774 19 2779 1
71 2740 272 2779 q⁰¹⁷⁸⁹⁸Deft⁸

18 2782 19 2789 ¹
69 2778 156 2810 cundo
175 2778 255 2810 aico.

762 110 925 157 Tomus
947 112 1028 157 ΙΙΙ.
1048 115 1175 159 Part.
1191 111 1255 163 II.
1271 110 1470 187 Qaestio
1487 113 1524 159 C
1528 111 1554 158 Ι
1560 111 1616 163 X'g
1633 117 1728 170 Art,
1746 118 1824 167 IV.

331 179 414 216 eli'ct
431 181 590 227 potentia
609 178 724 215 afflva
735 178 973 215 determinata
990 181 1032 214 ad
1049 180 1146 216 illum
1161 181 1281 218 aftum

331 233 365 267 8<
382 242 450 265 non
464 231 505 266 ad
519 228 920 277 pluresindeterminata
950 243 959 265 :
992 230 1108 279 Atqui
1137 233 1279 276 gratia...

329 292 468 317 tantum
484 282 635 327 animam
653 277 791 326 perficit
807 280 980 316 inordine
1001 281 1042 315 ad
1065 281 1189 318 'aStum
1218 283 1280 319 de·

330 335 563 368 terminatum
579 356 591 373 ,
616 329 741 378 q-utest
757 330 859 366 aetus
875 333 1079 367 meritorius
1092 360 1100 373 ‚
1119 333 1152 368 8(
1171 331 1279 369 solius

331 385 459 431 utique
480 381 680 418 voluntatis
703 407 714 423 ,
748 379 942 417 secundum
969 381 1207 426 Anstelmum,
1235 383 1280 425 de

332 433 487 479 concep.
502 433 546 468 V
542 434 613 477 irg.
626 440 698 479 cap.
713 444 748 478 4.
761 430 805 469 &
821 433 907 469 alibi
925 434 1138 481 frequenter
1150 462 1161 478 ,
1189 446 1279 480 ergo

329 484 465 535 perficit
480 482 646 531 praecise,
675 485 711 520 in
725 495 901 530 quantum
917 486 1031 521 anima
1057 484 1104 521 est
1128 487 1189 522 illa
1212 497 1278 532 po-

330 537 439 574 tentia
456 561 468 577 ,
480 532 589 578 cujus
607 534 713 573 solius
730 534 780 575 est¹
794 535 914 578 aetum
932 537 1158 578 meritorium
1169 538 1276 578 elice,-

329 600 368 624 re
385 613 393 623 ,
407 588 455 623 Ea
472 594 592 620 autem
607 588 765 634 potentia
778 585 827 622 est
853 589 1023 623 voluntas
1042 615 1052 624 .

428 633 680 673 Confirmatur
692 637 753 674 ista
769 638 880 675 ratio:
894 637 991 675 Nam
1011 639 1031 675 si
1045 640 1156 685 gratia
1167 638 1278 676 essen-

329 689 415 724 tiam
433 686 558 723 animae
575 687 785 734 perficeret,
815 698 854 724 ut
867 691 947 727 inde
962 689 1071 738 poffet
1102 690 1278 726 redunda-

329 751 365 775 re
379 739 412 774 in
425 737 546 773 aetum
561 740 687 785 prioris
702 740 873 787 potentiae
886 768 898 784 ,
923 753 1003 789 qua:
1015 740 1063 776 est
1086 741 1277 777 intellecti.

327 801 400 829 va3
429 788 542 832 igitur
560 790 662 826 aetus
677 789 881 826 intelleftus
897 818 911 833 „
937 804 978 828 ut
993 789 1113 832 atstum
1143 803 1276 839 praece-

327 841 380 876 dit
395 840 595 876 voluntatis
610 867 618 880 ,
639 839 707 877 esse
718 842 829 887 posset
843 841 1087 887 gratificabilis
1101 842 1135 878 8<
1169 845 1276 879 meti-

326 891 457 928 torius.
472 890 548 925 lmo
562 890 582 925 st
601 889 697 928 solus
710 893 914 930 intelleftus
926 893 1008 929 esset
1022 892 1092 928 stne
1106 894 1277 930 volunta-

325 952 363 978 te
375 967 385 983 ‚
408 941 443 977 in
459 939 601 977 effemia
618 943 672 979 illa
692 943 803 990 posset
816 946 969 980 inveniri
988 943 1103 988 grat-ia
1120 945 1154 981 &
1170 947 1276 980 meri-

324 1003 404 1028 tum
420 1017 430 1026 .
447 992 585 1029 Hocest
605 994 795 1031 absurdum
815 1008 827 1035 3
850 996 937 1044 quia
948 994 1045 1030 nulla
1059 997 1152 1030 ratio
1168 997 1277 1032 meri-

323 1044 353 1080 ti
369 1041 417 1079 est
432 1069 442 1084 ‚
465 1043 528 1078 ubi
544 1044 629 1080 nihil
643 1044 692 1081 est
710 1046 922 1090 imputabile
934 1045 976 1081 ad
990 1045 1129 1081 landem
1157 1046 1189 1082 ἃ
1222 1045 1275 1082 vi-

321 1094 503 1137 tuperium
520 1121 528 1129 .
542 1097 585 1132 Et
602 1097 700 1131 nulla
718 1094 895 1140 ejusmodi
925 1097 1189 1138 imputabilitas
1216 1099 1272 1132 in-

319 1145 433 1189 telligi
448 1145 563 1192 potest
577 1173 590 1189 ,
613 1148 674 1183 ubi
690 1147 790 1182 aelus
805 1148 932 1183 nonita
949 1145 1077 1186 suntin
1092 1149 1273 1196 operantis

319 1195 494 1244 potestate
509 1223 521 1239 ‚
547 1209 587 1233 ut
601 1199 684 1243 poni
703 1208 838 1245 queant
853 1225 864 1241 ,
883 1201 916 1235 8(
933 1210 1002 1234 non
1030 1199 1114 1246 poni
1133 1226 1143 1236 .

419 1249 504 1293 Qua
532 1258 679 1294 propter
705 1249 938 1286 concedimus
969 1251 1271 1288 conclusionem.-

318 1298 444 1334 barum
471 1298 653 1336 rationum
684 1327 694 1341 ‚
717 1300 908 1338 asserentes
934 1302 1056 1345 gratiae
1089 1301 1270 1344 habitum,

317 1350 519 1396 quianimae
533 1349 620 1386 inest
637 1360 679 1385 ex
690 1350 760 1387 sol-a
778 1351 917 1388 afflone
932 1353 1024 1393 Dei,
1051 1352 1161 1398 ipsam
1180 1353 1271 1389 elar-

317 1401 446 1448 gientis
459 1425 471 1442 ‚
495 1400 668 1447 perficere
680 1415 738 1449 per
753 1401 789 1437 se
803 1403 836 1437 &
854 1405 972 1448 primo
996 1404 1121 1438 animae
1142 1414 1270 1450 poten·

316 1452 400 1486 tiam
421 1478 431 1492 ‚
458 1452 490 1486 8(
516 1451 789 1488 determinatam
819 1479 829 1494 ,
852 1454 988 1490 scilicet
1027 1455 1269 1496 voluntatem3

316 1503 400 1551 quia
416 1502 478 1537 fibi
494 1501 649 1538 daturin
662 1504 788 1539 ordine
812 1504 856 1538 ad
884 1502 1071 1552 objefi'tum
1099 1504 1270 1540 determi-

313 1565 436 1592 natum
456 1553 537 1588 talis
551 1556 734 1600 potentiae,
751 1554 786 1589 8(
802 1556 909 1591 etiam
923 1567 963 1592 ut
980 1555 1078 1602 poffit
1094 1555 1128 1591 in
1146 1555 1268 1591 aetum

313 1605 560 1643 meritorium.
590 1607 678 1640 Non
693 1615 781 1640 vero
808 1607 962 1652 primum
992 1605 1132 1652 perficit
1154 1606 1268 1643 essen·

312 1657 398 1691 tiam
417 1656 526 1701 3quia
544 1653 629 1697 ipsa,
644 1667 713 1701 qua
733 1657 813 1692 talis
828 1683 837 1696 ,
852 1658 989 1693 nullum
1007 1655 1150 1703 respicit
1164 1658 1268 1693 obie-

310 1706 409 1742 &um
429 1731 438 1746 ‚
456 1716 522 1740 nec
538 1704 696 1749 aliquem
712 1705 831 1741 aetum
847 1733 856 1741 .
873 1710 916 1744 Et
931 1707 1003 1741 hoc
1020 1705 1068 1742 est
1082 1706 1183 1754 quod
1200 1707 1266 1742 do-

309 1767 364 1791 cet
381 1753 506 1790 Ansel.
530 1753 573 1789 de
588 1753 621 1789 C
640 1763 733 1796 mett.
757 1757 867 1804 Virg.
881 1766 953 1801 cap.
974 1767 1007 1801 3.
1023 1756 1145 1793 dicens
1161 1784 1174 1800 ,
1195 1768 1267 1793 om-

307 1804 522 1852 m'sjustitia
536 1831 545 1846 ‚
573 1803 615 1844 &¹
634 1802 822 1853 injustitia
850 1807 898 1855 ql}
915 1806 1121 1848 formaliter
1151 1809 1190 1842 in
1205 1817 1267 1841 vo-

307 1857 450 1894 luntate
465 1883 474 1891 .
502 1858 542 1893 Et
563 1857 674 1902 gratia
690 1856 851 1904 proftho
863 1859 1029 1903 quaedam
1046 1854 1184 1902 justitia
1214 1855 1266 1891 est

306 1909 343 1944 8(
374 1906 550 1943 testitudo
578 1907 778 1942 voluntatis
810 1931 822 1943 .
858 1906 1029 1954 Denique
1045 1933 1056 1949 ,
1097 1906 1264 1954 opposita

307 1958 497 1994 suntcirca
513 1955 604 1992 idem
619 1955 846 1993 subithnm:
872 1960 987 2005 gratia
1018 1959 1051 1993 &
1070 1968 1263 2004 peccatum

306 2009 388 2045 sunt
411 2006 601 2055 oppofita;
630 2009 768 2053 peccati
790 2006 989 2046 subieEtum
1017 2007 1066 2043 est
1091 2008 1264 2043 voluntas

304 2055 741 2103 legemtransgredientis.
760 2069 798 2093 ut
817 2057 906 2094 dicit
925 2058 1049 2096 Ansel.
1067 2055 1131 2094 ubi
1143 2059 1264 2106 priu53

306 2109 420 2157 igitur
434 2109 467 2144 8(
484 2107 607 2153 gratiae
623 2106 821 2144 subieEtum
836 2108 885 2145 est
899 2109 1020 2145 eadem
1038 2108 1209 2142 voluntas
1227 2133 1237 2142 .

411 2158 472 2195 Ad
486 2169 697 2204 argumenta
712 2184 721 2193 .
748 2157 812 2197 Ad
824 2159 983 2205 primum
1009 2156 1207 2197 respondeo
1219 2169 1264 2194 ex

306 2212 425 2250 statim
438 2207 542 2245 dis-²1³8
555 2206 772 2254 insblutwne
791 2237 800 2245 .
821 2207 1145 2256 Quemadmodum
1163 2216 1261 2243 mors

306 2261 499 2310 spititualis
512 2283 523 2302 ‚
535 2259 679 2294 indueta
694 2272 755 2305 per
769 2269 957 2308 peccatum
969 2259 1074 2306 primi
1088 2258 1262 2297 hominis,

306 2314 352 2351 ad
366 2311 547 2350 essentiam
565 2310 689 2344 animae
707 2322 778 2345 non
795 2308 966 2356 pertinet,
985 2320 1067 2344 curn
1080 2307 1114 2340 in
1127 2308 1263 2342 volun·

306 2375 382 2401 tate
400 2360 621 2397 subiee‘tetur
646 2359 821 2406 originale
845 2370 1033 2405 peccatum
1049 2384 1058 2398 ‚
1081 2367 1122 2392 ut
1142 2355 1261 2403 supra,

307 2428 343 2464 q.
358 2415 490 2460 83.art.
511 2423 546 2447 2.
562 2406 682 2445 extitit
696 2410 932 2450 declaratum3
947 2410 992 2446 ita
1011 2408 1044 2443 &
1068 2418 1263 2453 regenera-

308 2467 363 2501 tio
386 2463 430 2498 ad
451 2461 562 2498 vitam
573 2459 797 2506 spiritualem
812 2472 874 2507 per
890 2460 1040 2505 gratiam
1056 2456 1263 2495 santifican-

310 2527 410 2558 κεπτ,
439 2526 508 2549 non
540 2512 646 2548 afficit
672 2514 790 2558 primo
817 2511 944 2547 animae
970 2509 1178 2549 essentiam,
1203 2507 1260 2544 sed

310 2567 424 2611 magis
443 2563 640 2613 potentiam
654 2589 666 2606 ,
678 2564 713 2599 in
726 2574 799 2610 qua
813 2560 863 2598 est
880 2560 1051 2599 iniustitia
1069 2586 1081 2603 ‚
1095 2558 1261 2608 pellenda

311 2629 373 2667 per
386 2616 536 2663 gratiam
556 2639 566 2649 .
1035 2662 1042 2669 ι
1079 2661 1086 2669 ⁸

411 2666 470 2706 Ad
507 2663 699 2701 secundum
730 2664 929 2713 respondeo
960 2688 971 2704 ‚
1007 2659 1263 2707 distinguendo

309 2718 533 2765 consequens
547 2741 555 2750 .
573 2716 635 2751 Per
649 2714 749 2761 prius
766 2715 949 2750 reducitur
961 2712 1003 2748 ad
1019 2715 1136 2748 Deum
1148 2709 1262 2769 essen-

310 2766 611 2812 tla‚redu{⁴'tione
641 2766 699 2800 illa
736 2765 792 2801 vel
818 2765 1064 2812 acceptatione
1089 2762 1260 2809 generali,

308 2833 382 2869 qua
394 2819 512 2855 voluit
535 2814 690 2852 condere
721 2827 904 2853 creaturas
919 2841 931 2857 ,
961 2813 1153 2859 diligitque
1177 2823 1261 2859 pro-

308 2883 388 2921 pter
412 2868 564 2916 seipsum
579 2894 589 2909 ,
607 2865 767 2903 concedo
782 2894 791 2903 .
813 2865 1077 2911 Acceptatione
1100 2861 1260 2912 speciali,

306 2934 381 2969 qua
395 2920 540 2956 ordinat
552 2927 735 2953 creaturas
749 2918 939 2953 rationales
964 2915 1082 2961 gratia
1109 2923 1256 2949 ornatas

306 2973 350 3008 ad
365 2969 548 3021 praequm
567 2970 648 3003 vitoe
665 2977 802 3004 aeternae
818 2993 828 3009 ,
853 2979 932 3015 quae
951 2965 989 3001 fit
1007 2976 1069 3013 per
1088 2967 1256 3010 gratiam,

304 3035 400 3068 nego
426 3047 435 3057 .
466 3023 563 3058 Nam
581 3030 663 3054 cum
680 3017 750 3064 ipsa
772 3019 886 3065 gratia
898 3017 936 3053 stt
950 3017 1117 3064 proxima
1136 3014 1255 3062 dispo-

302 3073 384 3110 sitio
400 3072 442 3108 ad
461 3070 612 3118 gloriam
625 3096 636 3110 ‚
664 3068 702 3104 fit
717 3080 859 3116 oportet
877 3070 910 3104 in
926 3066 1047 3104 eadem
1075 3066 1253 3113 potentia,

302 3135 368 3172 per
392 3134 500 3172 quam
532 3122 648 3167 primo
679 3119 874 3165 attingitur
896 3115 1083 3164 objeetum
1114 3115 1254 3154 beatifi-

301 3185 384 3211 cum
400 3199 410 3215 ‚
422 3183 462 3208 ut
474 3171 610 3207 difitum
626 3168 674 3206 est
687 3195 698 3208 .

405 3222 465 3258 Ad
481 3222 630 3258 tertium
646 3219 865 3267 respondeo,
887 3220 1040 3265 gratiam
1054 3219 1254 3267 proxime-a

305 3273 539 3310 determinare
553 3271 596 3307 ad
610 3271 856 3320 operationem
871 3271 1066 3317 gratuitam
1081 3295 1092 3311 ‚
1115 3281 1159 3308 eo
1173 3283 1251 3305 mo-

305 3323 354 3361 do
364 3333 439 3375 quo
451 3324 494 3360 ad
507 3321 674 3369 habitum
697 3323 855 3374 pertinet
881 3321 1118 3360 determinare
1135 3349 1145 3360 .
1168 3323 1251 3363 Hae

416 3828 510 3867 Tam.
526 3823 594 3864 III.

1358 183 1473 227 igitur
1485 183 1623 218 ratione
1636 188 1794 230 potentia
1807 184 1855 224 est
1870 187 2135 227 indeterminata
2150 194 2304 228 indeter-

1359 232 1555 268 minatione
1571 235 1790 279 proxima3&
1808 235 1949 273 essentia
1963 240 2009 275 est
2029 240 2301 278 indeterminata

1354 281 1399 316 ad
1412 282 1634 333 operandum
1655 295 1815 322 remote:
1842 291 2041 334 opusenim
2060 291 2121 326 fibi
2141 291 2219 327 sunt
2238 305 2300 339 po·

1354 336 1466 382 tentig
1479 335 1522 370 ad
1535 335 1754 383 operandum
1771 349 1784 377 ;
1797 339 1829 373 ei
1845 348 1963 373 autem
1981 352 2041 387 per
2054 340 2199 378 habitus
2216 354 2299 390 pro·

1352 383 1451 425 xime
1467 384 1547 421 sunt
1560 386 1756 432 operativae
1773 412 1783 422 .

1452 435 1515 472 Ad
1528 446 1698 482 quartum
1727 437 1919 475 dicendum
1933 464 1946 480 ‚
1970 442 2139 485 quamvis
2152 444 2298 488 gratifi-

1350 496 1433 521 care
1445 486 1564 532 ,quod
1578 485 1627 521 est
1639 499 1781 533 gratum
1798 487 1944 524 reddere
1955 514 1966 530 ,
1982 489 2200 534 fignificerur
2213 493 2298 528 afli-

1350 547 1419 579 ve,
1445 548 1517 572 non
1544 537 1695 584 proinde
1714 539 1757 575 ad
1780 550 1884 586 agere
1911 539 2086 587 pertinere
2103 552 2115 580 ς
2130 544 2302 588 quemad·

1347 588 1494 623 modum
1511 598 1574 623 nec
1590 588 1788 627 albedinem
1805 589 1951 626 reddere
1963 590 2134 636 parietem
2164 593 2300 636 album,

1346 636 1396 679 est
1415 649 1543 690 agere,
1565 636 1622 673 sed
1635 639 1682 675 est
1707 651 1847 676 tantum
1873 639 1941 676 esl‘e
1966 641 2114 676 formam
2138 645 2294 689 pariet‘s.

1447 688 1508 727 Ad
1523 689 1689 737 quintum
1703 690 1786 726 dico
1804 691 1872 727 sic:
1889 688 2106 737 Acceptatio
2122 697 2293 739 potentiae

1347 737 1473 776 sufficit
1489 740 1530 774 ad
1548 743 1831 788 acceptationem
1849 741 2026 782 essentiae3
2041 742 2071 777 8<
2089 754 2159 777 non
2173 756 2191 779 e
2206 755 2291 779 con.

1346 790 1474 832 verso3
1502 791 1589 827 ficut
1602 792 1697 833 enim
1715 792 1738 828 si
1762 793 1875 829 homo
1891 790 2004 841 posset
2027 791 2149 830 videre
2173 793 2291 831 aetum

1344 840 1493 878 alterius
1506 842 1678 887 diligendi
1697 871 1707 885 ,
1732 844 1862 891 utique
1878 856 1916 880 ea
1940 840 1982 878 de
1995 843 2098 877 causa
2125 842 2293 889 diligere-

1346 900 1407 926 tur
1421 903 1539 928 totum
1555 892 1774 940 suppofitum
1793 908 1802 930 :
1820 895 1866 929 ita
1883 897 1982 930 Deus
1999 893 2116 940 primo
2129 905 2292 941 acceptat

1343 940 1461 976 afflum
1476 943 1587 979 libere
1603 943 1763 978 elicitum
1780 957 1798 979 a
1818 945 2000 991 potentia3
2028 955 2101 979 non
2130 943 2210 981 sane
2228 957 2290 991 ge-

1341 992 1710 1039 neraliacceptatione
1726 1019 1736 1034 ,
1761 1006 1832 1040 qua
1864 1004 2048 1042 acceptam
2080 993 2188 1031 habet
2212 1008 2290 1032 om-

1339 1052 1420 1076 nem
1438 1041 1651 1078 Crcaturam
1665 1070 1677 1085 ‚
1699 1044 1783 1090 quia
1803 1045 1846 1079 lic
1861 1046 2013 1090 primum
2027 1044 2171 1080 essenti-1
2186 1058 2288 1083 acce·

1339 1102 1464 1136 rtatur
1482 1120 1491 1134 ,
1513 1104 1550 1129 ut
1568 1093 1705 1130 dietum
1723 1093 1771 1129 est
1789 1094 2039 1141 adsecundum
2057 1108 2068 1136 3
2083 1095 2137 1131 sed
2153 1095 2288 1143 specia-

1337 1142 1626 1188 liacceptatione
1644 1172 1656 1190 ‚
1676 1157 1748 1192 qua
1774 1145 1916 1181 ordinat
1940 1145 2003 1180 sibi
2033 1157 2217 1192 acceptum
2243 1148 2287 1183 ad

1336 1193 1598 1232 beatitudinem
1617 1209 1626 1231 ε
1643 1196 1712 1231 hoc
1725 1196 1820 1231 enim
1836 1195 1945 1230 modo
1958 1197 2109 1242 primum
2130 1223 2138 1235 ‚
2167 1198 2201 1232 8(
2221 1209 2286 1244 po-

1334 1244 1503 1281 tisiimum
1547 1258 1707 1294 acceptat
1733 1246 1928 1293 potentiam
1957 1272 1966 1286 ,
1985 1257 2065 1292 quae
2093 1245 2142 1281 est
2169 1249 2284 1290 primo

1335 1295 1586 1334 beatificabilis
1599 1326 1607 1339 ‚
1623 1299 1654 1334 S<
1670 1296 1852 1345 peripsam
1864 1307 2008 1345 accepta
2021 1296 2068 1333 est
2082 1297 2113 1334 ei
2125 1296 2283 1341 essentia,

1334 1345 1441 1393 cujus
1461 1348 1507 1384 est
1523 1350 1682 1396 potentia
1697 1374 1706 1385 .

1434 1397 1479 1436 Et
1505 1411 1586 1435 cum
1619 1399 1782 1436 subditur
1801 1398 1845 1434 de
1861 1399 1953 1435 Abel
1971 1425 1980 1440 ,
2011 1398 2044 1434 8(
2069 1399 2281 1436 muneribus

1332 1445 1413 1494 ejus
1433 1451 1566 1489 :dicoz
1583 1451 1686 1488 aetus
1698 1449 1856 1486 exterior
1869 1461 1938 1484 non
1954 1462 2164 1497 acceptatur
2177 1478 2187 1493 ,
2216 1451 2281 1487 nisi

1331 1499 1417 1545 quia
1430 1502 1578 1537 interior
1595 1515 1606 1543 ;
1633 1513 1697 1538 nec
1711 1501 1861 1537 interior
1875 1526 1886 1542 ,
1911 1499 1973 1534 nifi
1989 1501 2074 1546 quia
2090 1502 2278 1549 porentia-2

1329 1548 1440 1596 cujus
1455 1552 1504 1589 est
1525 1551 1627 1590 aetus
1642 1554 1696 1589 vel
1713 1552 1856 1588 elicitus
1869 1577 1881 1593 ,
1907 1551 1962 1585 vel
1978 1551 2179 1598 imperatus
2192 1579 2202 1594 ‚
2217 1564 2277 1587 ac·

1327 1611 1496 1648 ceptatur
1515 1616 1526 1644 3
1543 1601 1598 1637 sed
1616 1604 1772 1640 ulterius
1789 1612 1857 1635 non
1887 1600 2082 1637 resolvitur
2108 1605 2278 1649 potentia:

1327 1655 1532 1701 acceptatio
1543 1654 1577 1688 in
1592 1653 1873 1697 acceptationem
1887 1648 2042 1696 alicujus
2074 1654 2202 1699 prioris
2219 1665 2278 1689 ac-

1326 1705 1460 1747 ceptati
1481 1719 1492 1746 ;
1510 1704 1596 1751 quia
1612 1704 1697 1740 nibil
1721 1702 1870 1738 omnino
1893 1700 1941 1738 est
1959 1702 2060 1748 prius
2074 1705 2276 1750 acceptabi.

1324 1751 1357 1786 le
1372 1751 1439 1789 hac
1456 1754 1597 1802 speciali
1626 1752 1871 1801 acceptatione
1900 1752 2089 1799 gratuita,
2114 1755 2176 1791 nist
2204 1767 2277 1791 me·

1325 1799 1452 1841 diante
1466 1806 1628 1853 potentia
1642 1806 1752 1841 libere
1770 1813 1899 1847 agente
1915 1828 1925 1838 .

1427 1857 1486 1893 Ad
1496 1855 1638 1891 sextum
1655 1853 1854 1901 respondeo
1864 1879 1874 1894 ‚
1887 1850 1983 1900 posse
1996 1855 2146 1890 concedi
2162 1854 2276 1901 majo-

1324 1914 1397 1940 rem
1411 1904 1455 1940 de
1472 1905 1715 1942 instrumento
1729 1902 1929 1940 extrinseco
1950 1931 1958 1944 ,
1976 1915 2047 1939 non
2063 1918 2183 1941 autem
2199 1907 2277 1944 de,

1323 1953 1520 1991 intrinseco
1536 1983 1546 1997 ,
1559 1956 1658 2004 quod
1675 1954 1724 1991 est
1740 1953 1831 1990 idem
1854 1954 2046 2002 operanti:
2069 1955 2114 1990 stc
2128 1955 2278 2004 ipsemet

1322 2014 1478 2050 operans
1494 2006 1629 2042 dicitur
1651 2005 1929 2042 instrumentum
1946 2030 1960 2046 ,
1985 2004 2200 2054 inquantum
2216 2009 2280 2043 ha-

1323 2053 1383 2088 bet
1403 2057 1577 2093 rationem
1593 2056 1866 2093 determinatam
1881 2056 2107 2100 operativam
2120 2071 2132 2098 3
2147 2060 2279 2096 Nam...

1322 2102 1393 2137 hoc
1409 2105 1515 2151 paeto
1527 2105 1740 2153 accipiendo
1756 2103 2030 2139 instrumentum
2047 2132 2057 2147 ,
2081 2107 2196 2142 forma
2213 2107 2273 2144 de·

1322 2156 1520 2192 terminans
1534 2156 1712 2192 ae’tionem
1729 2154 1834 2190 debet
1847 2155 1932 2202 poni
1957 2155 1992 2189 in
2020 2155 2276 2201 instrumento,

1322 2202 1465 2242 sednon
1483 2207 1517 2241 in
1533 2206 1883 2254 principaliagente,
1902 2214 1941 2239 ut
1961 2207 2006 2240 ab
2023 2205 2276 2252 instmmenw,

1322 2255 1561 2301 distinguitur
1577 2283 1590 2298 ‚
1605 2256 1710 2292 debet
1727 2256 1841 2302 poni,
1864 2254 1927 2291 nisi
1956 2255 2069 2293 forma
2098 2260 2272 2306 recipiens

1323 2303 1498 2340 astionem
1514 2328 1527 2340 ι

1424 2354 1486 2391 Ad
1500 2357 1652 2402 primum
1667 2357 1700 2390 in
1720 2355 1921 2402 oppofitum
1934 2355 2183 2403 respondetur,
2195 2375 2274 2408 gra.

1322 2404 1409 2440 tiam
1421 2408 1622 2451 comparari
1638 2407 1680 2442 ad
1696 2406 1934 2446 voluntatem,
1953 2418 1989 2441 ut
2006 2420 2156 2447 movens
2171 2426 2273 2450 com·

1320 2465 1472 2499 paratur
1487 2456 1528 2491 ad
1545 2467 1685 2493 morum
1706 2482 1717 2498 ‚
1732 2457 1764 2492 8(
1784 2456 1834 2490 ita
1851 2455 2014 2501 profeao
2027 2457 2058 2493 se
2073 2459 2181 2499 habat
2199 2463 2268 2500 ses-

1321 2503 1379 2541 sor
1391 2507 1434 2541 ad
1450 2519 1610 2554 equum:
1635 2519 1704 2543 non
1721 2517 1840 2541 autem
1855 2505 1945 2542 ficut
1958 2509 2119 2546 accidens
2142 2514 2186 2548 ad
2212 2513 2269 2550 su·

1320 2557 1478 2592 bieb‘mm
1502 2583 1512 2593 .
1545 2560 1641 2608 Qae
1671 2556 1847 2604 responsio
1870 2568 1942 2591 non
1967 2558 2016 2594 est
2041 2564 2267 2605 probanda...

1320 2608 1639 2653 Nam-gratificare
1651 2634 1663 2650 ,
1676 2609 1738 2655 qui
1750 2605 1799 2643 est
1810 2608 1930 2654 gratiae
1944 2607 2092 2647 effefflus
2107 2640 2119 2656 ‚
2133 2627 2203 2651 non
2215 2615 2266 2651 est

1319 2657 1381 2694 nisi
1393 2659 1429 2693 in
1444 2672 1574 2706 genere
1585 2659 1695 2695 causae
1711 2658 1870 2694 formalis
1887 2683 1896 2699 ‚
1913 2670 1952 2695 ut
1967 2659 2102 2699 dietum
2113 2665 2161 2701 est
2173 2666 2270 2703 QAA

1317 2717 1516 2760 quartum:
1535 2707 1639 2745 sessor
1656 2720 1778 2745 autem
1791 2707 1909 2745 afikive
1924 2711 2034 2757 agitat
2053 2726 2187 2761 equum
2202 2743 2212 2753 .

1417 2759 1477 2796 Ad
1491 2759 1685 2797 secundum
1714 2759 1846 2795 dicitur
1865 2785 1873 2794 .
1905 2761 2037 2798 Gratia
2053 2764 2101 2800 est
2132 2768 2266 2813 princi.

1316 2811 1413 2857 pium
1428 2811 1599 2847 meritorii
1615 2813 1735 2860 operis
1754 2836 1764 2851 ,
1795 2811 2035 2848 mediantibus
2052 2816 2263 2863 virtutibus,

1317 2861 1403 2897 sicut
1420 2861 1564 2897 essentia
1579 2861 1703 2898 animae
1717 2861 1765 2898 est
1782 2862 1997 2909 principium
2010 2876 2162 2912 operum
2181 2871 2263 2906 vitae

1316 2913 1558 2948 mediantibus
1576 2914 1745 2959 potentiis
1762 2937 1774 2950 .
1800 2912 1868 2947 Cot
1886 2924 1938 2947 tra
1956 2912 2175 2954 bocdiftum
2192 2921 2261 2956 fuit

1312 2963 1534 3010 insolterione
1554 2965 1664 3010 3quia
1682 2964 1701 2999 fi
1723 2979 1732 2993 ι
1748 2965 1839 2999 irtus
1853 2962 2038 3001 charitatis
2052 2967 2100 3002 est
2120 2980 2172 3005 res
2195 2972 2261 3007 alia

1313 3027 1331 3050 a
1346 3015 1458 3062 gratia
1474 3027 1486 3056 3
1501 3025 1586 3061 ergo
1602 3027 1672 3050 non
1689 3012 1882 3053 intelleR-i.
1906 3016 1961 3050 vel
1974 3027 2042 3050 non
2061 3018 2259 3058 inbaerente

1312 3065 1487 3101 charitate
1503 3067 1523 3111 (
1539 3065 1638 3111 quod
1657 3068 1782 3112 utique
1798 3065 1858 3099 tali
1874 3067 1907 3099 in
1927 3064 2115 3113 hypothesi
2132 3071 2260 3114 impos.

1312 3114 1408 3152 sibile
1424 3128 1495 3151 non
1522 3116 1621 3164 erit)
1642 3119 1755 3152 anima
1784 3117 1896 3162 gra-ia
1919 3127 2044 3151 ornata
2074 3131 2143 3155 non
2172 3121 2259 3159 foret

1309 3166 1420 3213 digna
1435 3168 1506 3202 vita
1522 3179 1648 3203 aeverna
1666 3193 1674 3206 ,
1697 3169 1730 3203 8(
1748 3177 1866 3201 tamen
1895 3165 2072 3204 credimus
2089 3196 2098 3211 ‚
2123 3183 2256 3218 parvu-

1309 3217 1363 3253 los
1378 3218 1585 3265 baptizatos
1600 3217 1668 3254 sine
1693 3218 1770 3254 ullo
1791 3227 1898 3260 opere
1925 3219 2107 3254 meritorio
2129 3234 2172 3259 eie
2205 3225 2256 3261 eis

1310 3269 1555 3320 procedente⁸
1568 3264 1697 3307 salvati
1717 3280 1778 3319 per
1794 3266 1930 3304 Christi
1942 3267 2203 3312 sacramentum
2217 3301 2227 3312 .

1756 3829 1852 3866 fiee
2053 3827 2180 3877 Q'JF

2325 468 2525 505 Gratificare,

2323 516 2379 537 uon
2388 509 2424 539 est
2434 519 2526 551 agere·
