<?xml version="1.0" encoding="UTF-8"?>
<!DOCTYPE html PUBLIC "-//W3C//DTD XHTML 1.0 Transitional//EN"
    "http://www.w3.org/TR/xhtml1/DTD/xhtml1-transitional.dtd">
<html xmlns="http://www.w3.org/1999/xhtml" xml:lang="en" lang="en">
 <head>
  <title>
</title>
<meta http-equiv="Content-Type" content="text/html;charset=utf-8" />
  <meta name='ocr-system' content='tesseract 3.04.00' />
  <meta name='ocr-capabilities' content='ocr_page ocr_carea ocr_par ocr_line ocrx_word'/>
</head>
<body>
  <div class='ocr_page' id='page_1' title='image "./joannisdunsscoti03duns_0474.png"; bbox 0 0 2613 4041; ppageno 0'>
   <div class='ocr_carea' id='block_1_1' title="bbox 172 1875 370 1953">
    <p class='ocr_par' dir='ltr' id='par_1_1' title="bbox 172 1875 370 1953">
     <span class='ocr_line' id='line_1_1' title="bbox 172 1875 369 1923; baseline -0.005 -11"><span class='ocrx_word' id='word_1_1' title='bbox 172 1883 280 1912; x_wconf 65' lang='lat' dir='ltr'>nostor</span> <span class='ocrx_word' id='word_1_2' title='bbox 323 1875 369 1923; x_wconf 67' lang='lat'>¹³55</span> 
     </span>
     <span class='ocr_line' id='line_1_2' title="bbox 178 1920 370 1953; baseline 0.005 -14"><span class='ocrx_word' id='word_1_3' title='bbox 178 1924 204 1953; x_wconf 65' lang='lat'>55,</span> <span class='ocrx_word' id='word_1_4' title='bbox 215 1922 256 1948; x_wconf 67' lang='lat' dir='ltr'>Ad</span> <span class='ocrx_word' id='word_1_5' title='bbox 281 1920 370 1942; x_wconf 74' lang='lat' dir='ltr'>ternu</span> 
     </span>
    </p>
   </div>
   <div class='ocr_carea' id='block_1_2' title="bbox 173 1952 352 1995">
    <p class='ocr_par' dir='ltr' id='par_1_2' title="bbox 173 1952 352 1995">
     <span class='ocr_line' id='line_1_3' title="bbox 173 1952 352 1995; baseline 0.022 -10"><span class='ocrx_word' id='word_1_6' title='bbox 173 1952 331 1995; x_wconf 58' lang='lat' dir='ltr'>principale</span> <span class='ocrx_word' id='word_1_7' title='bbox 343 1971 352 1981; x_wconf 84' lang='lat'>·</span> 
     </span>
    </p>
   </div>
   <div class='ocr_carea' id='block_1_3' title="bbox 391 256 1348 2770">
    <p class='ocr_par' dir='ltr' id='par_1_3' title="bbox 393 256 1329 406">
     <span class='ocr_line' id='line_1_4' title="bbox 394 256 1327 307; baseline -0.009 -6"><span class='ocrx_word' id='word_1_8' title='bbox 394 265 486 302; x_wconf 72' lang='grc' dir='ltr'>τεξὶε</span> <span class='ocrx_word' id='word_1_9' title='bbox 502 260 621 298; x_wconf 88' lang='lat' dir='ltr'>inferri</span> <span class='ocrx_word' id='word_1_10' title='bbox 633 287 658 302; x_wconf 57' lang='grc'>,,</span> <span class='ocrx_word' id='word_1_11' title='bbox 672 259 758 307; x_wconf 72' lang='lat' dir='ltr'>quin</span> <span class='ocrx_word' id='word_1_12' title='bbox 774 257 848 294; x_wconf 86' lang='lat' dir='ltr'>esto</span> <span class='ocrx_word' id='word_1_13' title='bbox 862 259 1026 296; x_wconf 82' lang='lat' dir='ltr'>voluntas</span> <span class='ocrx_word' id='word_1_14' title='bbox 1038 258 1176 294; x_wconf 88' lang='lat' dir='ltr'>fruatur</span> <span class='ocrx_word' id='word_1_15' title='bbox 1189 256 1271 295; x_wconf 82' lang='lat' dir='ltr'>Deo</span> <span class='ocrx_word' id='word_1_16' title='bbox 1288 270 1327 295; x_wconf 90' lang='lat' dir='ltr'>ut</span> 
     </span>
     <span class='ocr_line' id='line_1_5' title="bbox 394 305 1328 355; baseline -0.013 -5"><span class='ocrx_word' id='word_1_17' title='bbox 394 316 508 350; x_wconf 84' lang='lat' dir='ltr'>trinus</span> <span class='ocrx_word' id='word_1_18' title='bbox 522 310 596 351; x_wconf 88' lang='lat' dir='ltr'>est;</span> <span class='ocrx_word' id='word_1_19' title='bbox 624 322 696 346; x_wconf 93' lang='lat' dir='ltr'>non</span> <span class='ocrx_word' id='word_1_20' title='bbox 710 321 827 346; x_wconf 83' lang='lat' dir='ltr'>tamen</span> <span class='ocrx_word' id='word_1_21' title='bbox 841 320 879 344; x_wconf 89' lang='lat' dir='ltr'>ut</span> <span class='ocrx_word' id='word_1_22' title='bbox 893 311 1007 345; x_wconf 88' lang='lat' dir='ltr'>trinus</span> <span class='ocrx_word' id='word_1_23' title='bbox 1021 335 1034 351; x_wconf 88' lang='lat'><em>,</em></span> <span class='ocrx_word' id='word_1_24' title='bbox 1060 308 1144 354; x_wconf 78' lang='lat' dir='ltr'>quia</span> <span class='ocrx_word' id='word_1_25' title='bbox 1168 320 1236 342; x_wconf 93' lang='lat' dir='ltr'>non</span> <span class='ocrx_word' id='word_1_26' title='bbox 1256 305 1328 355; x_wconf 72' lang='lat' dir='ltr'>spe.</span> 
     </span>
     <span class='ocr_line' id='line_1_6' title="bbox 393 357 1329 406; baseline -0.006 -8"><span class='ocrx_word' id='word_1_27' title='bbox 393 365 465 401; x_wconf 66' lang='lat' dir='ltr'>fiat</span> <span class='ocrx_word' id='word_1_28' title='bbox 478 362 553 398; x_wconf 81' lang='lat' dir='ltr'>haec</span> <span class='ocrx_word' id='word_1_29' title='bbox 565 363 712 397; x_wconf 83' lang='lat' dir='ltr'>trininas</span> <span class='ocrx_word' id='word_1_30' title='bbox 724 360 766 395; x_wconf 84' lang='lat' dir='ltr'>ad</span> <span class='ocrx_word' id='word_1_31' title='bbox 778 358 959 404; x_wconf 66' lang='lat' dir='ltr'>objeftum</span> <span class='ocrx_word' id='word_1_32' title='bbox 971 361 1122 406; x_wconf 84' lang='lat' dir='ltr'>primum</span> <span class='ocrx_word' id='word_1_33' title='bbox 1137 357 1329 393; x_wconf 78' lang='lat' dir='ltr'>fruitionis.</span> 
     </span>
    </p>

    <p class='ocr_par' dir='ltr' id='par_1_4' title="bbox 391 408 1335 851">
     <span class='ocr_line' id='line_1_7' title="bbox 497 408 1328 451; baseline -0.004 -6"><span class='ocrx_word' id='word_1_34' title='bbox 497 412 555 449; x_wconf 85' lang='lat' dir='ltr'>Ad</span> <span class='ocrx_word' id='word_1_35' title='bbox 570 410 876 447; x_wconf 85' lang='lat' dir='ltr'>confirmationem</span> <span class='ocrx_word' id='word_1_36' title='bbox 890 435 901 451; x_wconf 91' lang='lat'><strong>,</strong></span> <span class='ocrx_word' id='word_1_37' title='bbox 929 421 1009 443; x_wconf 91' lang='lat' dir='ltr'>cum</span> <span class='ocrx_word' id='word_1_38' title='bbox 1025 408 1157 443; x_wconf 87' lang='lat' dir='ltr'>dicitur</span> <span class='ocrx_word' id='word_1_39' title='bbox 1169 434 1181 448; x_wconf 91' lang='lat'>‚</span> <span class='ocrx_word' id='word_1_40' title='bbox 1211 408 1328 445; x_wconf 70' lang='lat' dir='ltr'>Aftus</span> 
     </span>
     <span class='ocr_line' id='line_1_8' title="bbox 391 457 1328 505; baseline -0.007 -5"><span class='ocrx_word' id='word_1_41' title='bbox 391 462 531 500; x_wconf 82' lang='lat' dir='ltr'>fruendi</span> <span class='ocrx_word' id='word_1_42' title='bbox 545 464 753 498; x_wconf 83' lang='lat' dir='ltr'>terminatur</span> <span class='ocrx_word' id='word_1_43' title='bbox 769 459 812 492; x_wconf 92' lang='lat' dir='ltr'>ad</span> <span class='ocrx_word' id='word_1_44' title='bbox 826 470 894 495; x_wconf 86' lang='lat' dir='ltr'>tres</span> <span class='ocrx_word' id='word_1_45' title='bbox 907 457 1070 505; x_wconf 80' lang='lat' dir='ltr'>personas</span> <span class='ocrx_word' id='word_1_46' title='bbox 1088 483 1100 499; x_wconf 93' lang='lat'>,</span> <span class='ocrx_word' id='word_1_47' title='bbox 1116 458 1328 504; x_wconf 84' lang='lat' dir='ltr'>inquantum</span> 
     </span>
     <span class='ocr_line' id='line_1_9' title="bbox 393 507 1331 554; baseline -0.007 -4"><span class='ocrx_word' id='word_1_48' title='bbox 393 525 466 550; x_wconf 88' lang='lat' dir='ltr'>tres</span> <span class='ocrx_word' id='word_1_49' title='bbox 484 537 494 547; x_wconf 88' lang='lat'><em>.</em></span> <span class='ocrx_word' id='word_1_50' title='bbox 526 512 688 548; x_wconf 80' lang='lat' dir='ltr'><strong>Dicimus</strong></span> <span class='ocrx_word' id='word_1_51' title='bbox 707 538 716 553; x_wconf 90' lang='lat'><em>‚</em></span> <span class='ocrx_word' id='word_1_52' title='bbox 745 511 873 546; x_wconf 84' lang='lat' dir='ltr'>Beatos</span> <span class='ocrx_word' id='word_1_53' title='bbox 897 507 1016 543; x_wconf 88' lang='lat' dir='ltr'>videre</span> <span class='ocrx_word' id='word_1_54' title='bbox 1031 518 1124 549; x_wconf 87' lang='lat' dir='ltr'>tres,</span> <span class='ocrx_word' id='word_1_55' title='bbox 1153 508 1188 542; x_wconf 87' lang='lat' dir='ltr'>in</span> <span class='ocrx_word' id='word_1_56' title='bbox 1217 520 1331 554; x_wconf 80' lang='lat' dir='ltr'>quan-</span> 
     </span>
     <span class='ocr_line' id='line_1_10' title="bbox 393 557 1328 602; baseline -0.01 -2"><span class='ocrx_word' id='word_1_57' title='bbox 393 575 469 600; x_wconf 87' lang='lat' dir='ltr'>tum</span> <span class='ocrx_word' id='word_1_58' title='bbox 496 572 566 598; x_wconf 90' lang='lat' dir='ltr'>tres</span> <span class='ocrx_word' id='word_1_59' title='bbox 593 575 605 602; x_wconf 82' lang='lat'>3</span> <span class='ocrx_word' id='word_1_60' title='bbox 628 561 711 597; x_wconf 90' lang='lat' dir='ltr'>idest</span> <span class='ocrx_word' id='word_1_61' title='bbox 737 561 904 596; x_wconf 88' lang='lat' dir='ltr'>rationem</span> <span class='ocrx_word' id='word_1_62' title='bbox 936 557 1115 593; x_wconf 89' lang='lat' dir='ltr'>formalem</span> <span class='ocrx_word' id='word_1_63' title='bbox 1141 558 1328 594; x_wconf 79' lang='lat' dir='ltr'>Trinitatis</span> 
     </span>
     <span class='ocr_line' id='line_1_11' title="bbox 394 606 1332 658; baseline -0.006 -9"><span class='ocrx_word' id='word_1_64' title='bbox 394 614 518 650; x_wconf 80' lang='lat' dir='ltr'>vident</span> <span class='ocrx_word' id='word_1_65' title='bbox 533 637 543 647; x_wconf 86' lang='lat'><strong>.</strong></span> <span class='ocrx_word' id='word_1_66' title='bbox 568 612 638 650; x_wconf 90' lang='lat' dir='ltr'>Sed</span> <span class='ocrx_word' id='word_1_67' title='bbox 654 610 725 658; x_wconf 88' lang='lat' dir='ltr'>ipsa</span> <span class='ocrx_word' id='word_1_68' title='bbox 740 611 898 646; x_wconf 86' lang='lat' dir='ltr'>Trinitas</span> <span class='ocrx_word' id='word_1_69' title='bbox 913 619 982 643; x_wconf 92' lang='lat' dir='ltr'>non</span> <span class='ocrx_word' id='word_1_70' title='bbox 998 607 1046 643; x_wconf 86' lang='lat' dir='ltr'>est</span> <span class='ocrx_word' id='word_1_71' title='bbox 1059 609 1147 643; x_wconf 88' lang='lat' dir='ltr'>ratio</span> <span class='ocrx_word' id='word_1_72' title='bbox 1171 606 1332 643; x_wconf 83' lang='lat' dir='ltr'>formalis</span> 
     </span>
     <span class='ocr_line' id='line_1_12' title="bbox 395 654 1333 705; baseline -0.007 -8"><span class='ocrx_word' id='word_1_73' title='bbox 395 662 541 700; x_wconf 52' lang='lat' dir='ltr'>videndi</span> <span class='ocrx_word' id='word_1_74' title='bbox 554 686 567 705; x_wconf 91' lang='lat'>,</span> <span class='ocrx_word' id='word_1_75' title='bbox 581 663 636 697; x_wconf 89' lang='lat' dir='ltr'>vel</span> <span class='ocrx_word' id='word_1_76' title='bbox 648 659 750 697; x_wconf 82' lang='lat' dir='ltr'>causa</span> <span class='ocrx_word' id='word_1_77' title='bbox 766 659 979 694; x_wconf 79' lang='lat' dir='ltr'>inhaerentiae</span> <span class='ocrx_word' id='word_1_78' title='bbox 998 657 1178 703; x_wconf 82' lang='lat' dir='ltr'>praedicati</span> <span class='ocrx_word' id='word_1_79' title='bbox 1195 656 1237 691; x_wconf 89' lang='lat' dir='ltr'>ad</span> <span class='ocrx_word' id='word_1_80' title='bbox 1249 654 1333 691; x_wconf 85' lang='lat' dir='ltr'>sub·</span> 
     </span>
     <span class='ocr_line' id='line_1_13' title="bbox 394 706 1335 761; baseline -0.011 -12"><span class='ocrx_word' id='word_1_81' title='bbox 394 713 531 761; x_wconf 64' lang='lat' dir='ltr'>jeffium</span> <span class='ocrx_word' id='word_1_82' title='bbox 547 738 558 754; x_wconf 92' lang='lat'><strong>,</strong></span> <span class='ocrx_word' id='word_1_83' title='bbox 585 724 664 757; x_wconf 79' lang='lat' dir='ltr'>quae</span> <span class='ocrx_word' id='word_1_84' title='bbox 675 710 722 746; x_wconf 86' lang='lat' dir='ltr'>est</span> <span class='ocrx_word' id='word_1_85' title='bbox 737 712 789 746; x_wconf 83' lang='lat' dir='ltr'>vis</span> <span class='ocrx_word' id='word_1_86' title='bbox 808 707 1097 754; x_wconf 87' lang='lat' dir='ltr'>reduplicationis</span> <span class='ocrx_word' id='word_1_87' title='bbox 1120 706 1262 753; x_wconf 84' lang='lat' dir='ltr'>proprie</span> <span class='ocrx_word' id='word_1_88' title='bbox 1275 717 1335 745; x_wconf 76' lang='lat' dir='ltr'>ac,</span> 
     </span>
     <span class='ocr_line' id='line_1_14' title="bbox 394 756 1332 809; baseline -0.009 -10"><span class='ocrx_word' id='word_1_89' title='bbox 394 775 506 809; x_wconf 78' lang='lat' dir='ltr'>ceptae</span> <span class='ocrx_word' id='word_1_90' title='bbox 524 775 535 802; x_wconf 78' lang='grc' dir='ltr'><strong>ς</strong></span> <span class='ocrx_word' id='word_1_91' title='bbox 563 761 690 796; x_wconf 88' lang='lat' dir='ltr'>scilicet</span> <span class='ocrx_word' id='word_1_92' title='bbox 707 758 886 795; x_wconf 84' lang='lat' dir='ltr'>fruitionis</span> <span class='ocrx_word' id='word_1_93' title='bbox 899 756 1112 792; x_wconf 86' lang='lat' dir='ltr'>velvifionis</span> <span class='ocrx_word' id='word_1_94' title='bbox 1130 768 1144 797; x_wconf 81' lang='lat'>3</span> <span class='ocrx_word' id='word_1_95' title='bbox 1171 757 1243 791; x_wconf 88' lang='lat' dir='ltr'>imo</span> <span class='ocrx_word' id='word_1_96' title='bbox 1257 756 1332 792; x_wconf 79' lang='lat' dir='ltr'>haec</span> 
     </span>
     <span class='ocr_line' id='line_1_15' title="bbox 396 808 1009 851; baseline -0.015 -1"><span class='ocrx_word' id='word_1_97' title='bbox 396 814 489 851; x_wconf 81' lang='lat' dir='ltr'>ratio</span> <span class='ocrx_word' id='word_1_98' title='bbox 503 811 550 846; x_wconf 85' lang='lat' dir='ltr'>est</span> <span class='ocrx_word' id='word_1_99' title='bbox 562 809 850 846; x_wconf 77' lang='lat' dir='ltr'>effentiaedivinae</span> <span class='ocrx_word' id='word_1_100' title='bbox 863 808 981 843; x_wconf 88' lang='lat' dir='ltr'>unitas</span> <span class='ocrx_word' id='word_1_101' title='bbox 998 832 1009 841; x_wconf 91' lang='lat'>.</span> 
     </span>
    </p>

    <p class='ocr_par' dir='ltr' id='par_1_5' title="bbox 395 854 1338 1509">
     <span class='ocr_line' id='line_1_16' title="bbox 495 854 1333 906; baseline -0.002 -10"><span class='ocrx_word' id='word_1_102' title='bbox 495 861 589 896; x_wconf 90' lang='lat' dir='ltr'>Cum</span> <span class='ocrx_word' id='word_1_103' title='bbox 608 861 780 904; x_wconf 87' lang='lat' dir='ltr'>probatur</span> <span class='ocrx_word' id='word_1_104' title='bbox 793 858 944 895; x_wconf 85' lang='lat' dir='ltr'>ulterius</span> <span class='ocrx_word' id='word_1_105' title='bbox 962 870 1022 906; x_wconf 90' lang='lat' dir='ltr'>per</span> <span class='ocrx_word' id='word_1_106' title='bbox 1048 854 1192 894; x_wconf 80' lang='lat' dir='ltr'>credere</span> <span class='ocrx_word' id='word_1_107' title='bbox 1206 858 1333 894; x_wconf 70' lang='lat' dir='ltr'>Deum</span> 
     </span>
     <span class='ocr_line' id='line_1_17' title="bbox 395 907 1334 955; baseline -0.005 -7"><span class='ocrx_word' id='word_1_108' title='bbox 395 912 532 949; x_wconf 74' lang='lat' dir='ltr'>trinum</span> <span class='ocrx_word' id='word_1_109' title='bbox 547 924 559 951; x_wconf 83' lang='lat'>3</span> <span class='ocrx_word' id='word_1_110' title='bbox 586 909 667 944; x_wconf 90' lang='lat' dir='ltr'>dico</span> <span class='ocrx_word' id='word_1_111' title='bbox 678 909 871 955; x_wconf 85' lang='lat' dir='ltr'>plurimum</span> <span class='ocrx_word' id='word_1_112' title='bbox 888 907 1048 945; x_wconf 86' lang='lat' dir='ltr'>interesse</span> <span class='ocrx_word' id='word_1_113' title='bbox 1066 910 1157 944; x_wconf 85' lang='lat' dir='ltr'>inter</span> <span class='ocrx_word' id='word_1_114' title='bbox 1168 908 1334 950; x_wconf 88' lang='lat' dir='ltr'>credere,</span> 
     </span>
     <span class='ocr_line' id='line_1_18' title="bbox 395 956 1335 1002; baseline -0.004 -4"><span class='ocrx_word' id='word_1_115' title='bbox 395 962 586 1002; x_wconf 72' lang='lat' dir='ltr'>&amp;videi-e,</span> <span class='ocrx_word' id='word_1_116' title='bbox 611 960 668 995; x_wconf 87' lang='lat' dir='ltr'>vel</span> <span class='ocrx_word' id='word_1_117' title='bbox 684 960 755 995; x_wconf 88' lang='lat' dir='ltr'>frui</span> <span class='ocrx_word' id='word_1_118' title='bbox 771 984 779 993; x_wconf 94' lang='lat'><strong>.</strong></span> <span class='ocrx_word' id='word_1_119' title='bbox 804 956 955 997; x_wconf 80' lang='lat' dir='ltr'>Effentia</span> <span class='ocrx_word' id='word_1_120' title='bbox 971 960 1065 996; x_wconf 88' lang='lat' dir='ltr'>enim</span> <span class='ocrx_word' id='word_1_121' title='bbox 1089 958 1211 994; x_wconf 82' lang='lat' dir='ltr'>divina</span> <span class='ocrx_word' id='word_1_122' title='bbox 1235 969 1335 995; x_wconf 75' lang='lat' dir='ltr'>non...</span> 
     </span>
     <span class='ocr_line' id='line_1_19' title="bbox 395 1008 1335 1053; baseline -0.001 -7"><span class='ocrx_word' id='word_1_123' title='bbox 395 1009 513 1050; x_wconf 86' lang='lat' dir='ltr'>causat</span> <span class='ocrx_word' id='word_1_124' title='bbox 525 1012 558 1045; x_wconf 89' lang='lat' dir='ltr'>in</span> <span class='ocrx_word' id='word_1_125' title='bbox 574 1011 674 1046; x_wconf 88' lang='lat' dir='ltr'>nobis</span> <span class='ocrx_word' id='word_1_126' title='bbox 688 1008 890 1046; x_wconf 84' lang='lat' dir='ltr'>immediate</span> <span class='ocrx_word' id='word_1_127' title='bbox 903 1010 1019 1046; x_wconf 65' lang='lat' dir='ltr'>afium</span> <span class='ocrx_word' id='word_1_128' title='bbox 1033 1008 1220 1053; x_wconf 82' lang='lat' dir='ltr'>credendi,</span> <span class='ocrx_word' id='word_1_129' title='bbox 1247 1009 1335 1046; x_wconf 81' lang='lat' dir='ltr'>ficut</span> 
     </span>
     <span class='ocr_line' id='line_1_20' title="bbox 395 1057 1336 1108; baseline -0.002 -12"><span class='ocrx_word' id='word_1_130' title='bbox 395 1060 550 1100; x_wconf 83' lang='lat' dir='ltr'>causabit</span> <span class='ocrx_word' id='word_1_131' title='bbox 563 1060 768 1097; x_wconf 64' lang='lat' dir='ltr'>immedia&#39;e</span> <span class='ocrx_word' id='word_1_132' title='bbox 779 1057 899 1095; x_wconf 70' lang='lat' dir='ltr'>a&amp;urn</span> <span class='ocrx_word' id='word_1_133' title='bbox 914 1060 1059 1097; x_wconf 87' lang='lat' dir='ltr'>videndi</span> <span class='ocrx_word' id='word_1_134' title='bbox 1073 1087 1083 1103; x_wconf 90' lang='lat'>‚</span> <span class='ocrx_word' id='word_1_135' title='bbox 1097 1061 1206 1108; x_wconf 89' lang='lat' dir='ltr'>idque</span> <span class='ocrx_word' id='word_1_136' title='bbox 1216 1060 1336 1098; x_wconf 83' lang='lat' dir='ltr'>evenit</span> 
     </span>
     <span class='ocr_line' id='line_1_21' title="bbox 395 1110 1337 1158; baseline 0 -11"><span class='ocrx_word' id='word_1_137' title='bbox 395 1113 445 1148; x_wconf 92' lang='lat' dir='ltr'>ob</span> <span class='ocrx_word' id='word_1_138' title='bbox 471 1110 775 1158; x_wconf 69' lang='lat' dir='ltr'>imperfeffionem</span> <span class='ocrx_word' id='word_1_139' title='bbox 802 1110 1002 1147; x_wconf 67' lang='lat' dir='ltr'>intelleetus</span> <span class='ocrx_word' id='word_1_140' title='bbox 1019 1111 1125 1148; x_wconf 88' lang='lat' dir='ltr'>nostri</span> <span class='ocrx_word' id='word_1_141' title='bbox 1149 1123 1213 1157; x_wconf 86' lang='lat' dir='ltr'>pro</span> <span class='ocrx_word' id='word_1_142' title='bbox 1241 1110 1337 1147; x_wconf 87' lang='lat' dir='ltr'>statu</span> 
     </span>
     <span class='ocr_line' id='line_1_22' title="bbox 397 1160 1336 1207; baseline 0.001 -8"><span class='ocrx_word' id='word_1_143' title='bbox 397 1161 465 1199; x_wconf 85' lang='lat' dir='ltr'>isto</span> <span class='ocrx_word' id='word_1_144' title='bbox 477 1172 499 1202; x_wconf 76' lang='grc' dir='ltr'>ς·</span> <span class='ocrx_word' id='word_1_145' title='bbox 511 1173 591 1197; x_wconf 87' lang='lat' dir='ltr'>nam</span> <span class='ocrx_word' id='word_1_146' title='bbox 616 1161 854 1204; x_wconf 78' lang='lat' dir='ltr'>intelligimus</span> <span class='ocrx_word' id='word_1_147' title='bbox 893 1160 1059 1207; x_wconf 83' lang='lat' dir='ltr'>personas</span> <span class='ocrx_word' id='word_1_148' title='bbox 1081 1160 1262 1198; x_wconf 70' lang='lat' dir='ltr'>distinetas</span> <span class='ocrx_word' id='word_1_149' title='bbox 1289 1174 1336 1200; x_wconf 83' lang='lat' dir='ltr'>ex</span> 
     </span>
     <span class='ocr_line' id='line_1_23' title="bbox 398 1211 1337 1258; baseline 0 -10"><span class='ocrx_word' id='word_1_150' title='bbox 398 1212 573 1248; x_wconf 86' lang='lat' dir='ltr'>creaturis</span> <span class='ocrx_word' id='word_1_151' title='bbox 589 1238 598 1253; x_wconf 93' lang='lat'><strong><em>,</em></strong></span> <span class='ocrx_word' id='word_1_152' title='bbox 624 1213 657 1248; x_wconf 75' lang='lat'>8&lt;</span> <span class='ocrx_word' id='word_1_153' title='bbox 674 1211 848 1248; x_wconf 70' lang='lat' dir='ltr'>distinffis</span> <span class='ocrx_word' id='word_1_154' title='bbox 875 1211 1012 1248; x_wconf 63' lang='lat' dir='ltr'>aftibus</span> <span class='ocrx_word' id='word_1_155' title='bbox 1032 1227 1044 1253; x_wconf 91' lang='lat'>;</span> <span class='ocrx_word' id='word_1_156' title='bbox 1073 1215 1104 1250; x_wconf 75' lang='lat'>8&lt;</span> <span class='ocrx_word' id='word_1_157' title='bbox 1124 1213 1337 1258; x_wconf 78' lang='lat' dir='ltr'>inquantum</span> 
     </span>
     <span class='ocr_line' id='line_1_24' title="bbox 399 1261 1337 1308; baseline 0 -9"><span class='ocrx_word' id='word_1_158' title='bbox 399 1263 444 1299; x_wconf 78' lang='lat' dir='ltr'>ad</span> <span class='ocrx_word' id='word_1_159' title='bbox 458 1263 699 1308; x_wconf 85' lang='lat' dir='ltr'>cognitionem</span> <span class='ocrx_word' id='word_1_160' title='bbox 729 1261 880 1298; x_wconf 85' lang='lat' dir='ltr'>nostram</span> <span class='ocrx_word' id='word_1_161' title='bbox 908 1262 1025 1308; x_wconf 85' lang='lat' dir='ltr'>potest</span> <span class='ocrx_word' id='word_1_162' title='bbox 1047 1264 1152 1299; x_wconf 81' lang='lat' dir='ltr'>modo</span> <span class='ocrx_word' id='word_1_163' title='bbox 1175 1263 1337 1303; x_wconf 79' lang='lat' dir='ltr'>Trinitas</span> 
     </span>
     <span class='ocr_line' id='line_1_25' title="bbox 401 1310 1337 1356; baseline 0.001 -6"><span class='ocrx_word' id='word_1_164' title='bbox 401 1313 468 1350; x_wconf 76' lang='lat' dir='ltr'>effe</span> <span class='ocrx_word' id='word_1_165' title='bbox 480 1313 572 1348; x_wconf 81' lang='lat' dir='ltr'>ratio</span> <span class='ocrx_word' id='word_1_166' title='bbox 584 1312 745 1349; x_wconf 87' lang='lat' dir='ltr'>formalis</span> <span class='ocrx_word' id='word_1_167' title='bbox 763 1310 1016 1356; x_wconf 87' lang='lat' dir='ltr'>cognoscendi,</span> <span class='ocrx_word' id='word_1_168' title='bbox 1030 1325 1117 1349; x_wconf 90' lang='lat' dir='ltr'>tunc</span> <span class='ocrx_word' id='word_1_169' title='bbox 1133 1325 1251 1351; x_wconf 88' lang='lat' dir='ltr'>autem</span> <span class='ocrx_word' id='word_1_170' title='bbox 1269 1316 1337 1351; x_wconf 88' lang='lat' dir='ltr'>erit</span> 
     </span>
     <span class='ocr_line' id='line_1_26' title="bbox 399 1361 1338 1412; baseline 0.004 -13"><span class='ocrx_word' id='word_1_171' title='bbox 399 1361 543 1412; x_wconf 82' lang='lat' dir='ltr'>praecise</span> <span class='ocrx_word' id='word_1_172' title='bbox 557 1363 700 1408; x_wconf 85' lang='lat' dir='ltr'>cognita</span> <span class='ocrx_word' id='word_1_173' title='bbox 714 1389 725 1404; x_wconf 91' lang='lat'>‚</span> <span class='ocrx_word' id='word_1_174' title='bbox 747 1363 779 1397; x_wconf 76' lang='lat'>8&lt;</span> <span class='ocrx_word' id='word_1_175' title='bbox 794 1373 863 1397; x_wconf 89' lang='lat' dir='ltr'>non</span> <span class='ocrx_word' id='word_1_176' title='bbox 893 1364 984 1398; x_wconf 87' lang='lat' dir='ltr'>ratio</span> <span class='ocrx_word' id='word_1_177' title='bbox 1012 1363 1169 1400; x_wconf 87' lang='lat' dir='ltr'>formalis</span> <span class='ocrx_word' id='word_1_178' title='bbox 1201 1378 1338 1409; x_wconf 59' lang='lat' dir='ltr'>coeno-</span> 
     </span>
     <span class='ocr_line' id='line_1_27' title="bbox 401 1411 1338 1461; baseline 0.01 -15"><span class='ocrx_word' id='word_1_179' title='bbox 401 1414 516 1461; x_wconf 81' lang='lat' dir='ltr'>scendi</span> <span class='ocrx_word' id='word_1_180' title='bbox 536 1439 548 1455; x_wconf 78' lang='lat'><strong><em>,</em></strong></span> <span class='ocrx_word' id='word_1_181' title='bbox 576 1414 659 1459; x_wconf 89' lang='lat' dir='ltr'>quia</span> <span class='ocrx_word' id='word_1_182' title='bbox 673 1424 759 1449; x_wconf 90' lang='lat' dir='ltr'>tunc</span> <span class='ocrx_word' id='word_1_183' title='bbox 773 1411 955 1448; x_wconf 88' lang='lat' dir='ltr'>videbitur</span> <span class='ocrx_word' id='word_1_184' title='bbox 971 1426 1031 1457; x_wconf 86' lang='lat' dir='ltr'>per</span> <span class='ocrx_word' id='word_1_185' title='bbox 1041 1416 1214 1452; x_wconf 86' lang='lat' dir='ltr'>rationem</span> <span class='ocrx_word' id='word_1_186' title='bbox 1227 1417 1338 1455; x_wconf 80' lang='lat' dir='ltr'>effen·</span> 
     </span>
     <span class='ocr_line' id='line_1_28' title="bbox 399 1461 1080 1509; baseline 0 -11"><span class='ocrx_word' id='word_1_187' title='bbox 399 1468 456 1504; x_wconf 79' lang='lat' dir='ltr'>tiae</span> <span class='ocrx_word' id='word_1_188' title='bbox 471 1465 506 1499; x_wconf 91' lang='lat' dir='ltr'>in</span> <span class='ocrx_word' id='word_1_189' title='bbox 519 1461 551 1497; x_wconf 90' lang='lat' dir='ltr'>se</span> <span class='ocrx_word' id='word_1_190' title='bbox 568 1489 578 1503; x_wconf 92' lang='lat'>‚</span> <span class='ocrx_word' id='word_1_191' title='bbox 605 1474 645 1498; x_wconf 90' lang='lat' dir='ltr'>ut</span> <span class='ocrx_word' id='word_1_192' title='bbox 660 1476 723 1509; x_wconf 85' lang='lat' dir='ltr'>per</span> <span class='ocrx_word' id='word_1_193' title='bbox 737 1462 910 1498; x_wconf 78' lang='lat' dir='ltr'>rationem</span> <span class='ocrx_word' id='word_1_194' title='bbox 922 1462 1056 1505; x_wconf 65' lang='lat' dir='ltr'>obieeti</span> <span class='ocrx_word' id='word_1_195' title='bbox 1070 1492 1080 1501; x_wconf 89' lang='lat'>.</span> 
     </span>
    </p>

    <p class='ocr_par' dir='ltr' id='par_1_6' title="bbox 396 1512 1342 1860">
     <span class='ocr_line' id='line_1_29' title="bbox 501 1512 1340 1564; baseline 0.001 -16"><span class='ocrx_word' id='word_1_196' title='bbox 501 1512 559 1548; x_wconf 87' lang='lat' dir='ltr'>Ad</span> <span class='ocrx_word' id='word_1_197' title='bbox 574 1524 823 1558; x_wconf 84' lang='lat' dir='ltr'>argumentum</span> <span class='ocrx_word' id='word_1_198' title='bbox 840 1513 878 1548; x_wconf 80' lang='lat' dir='ltr'>in</span> <span class='ocrx_word' id='word_1_199' title='bbox 900 1513 1082 1562; x_wconf 77' lang='lat' dir='ltr'>oppositum</span> <span class='ocrx_word' id='word_1_200' title='bbox 1108 1516 1340 1564; x_wconf 66' lang='lat' dir='ltr'>respondetur</span> 
     </span>
     <span class='ocr_line' id='line_1_30' title="bbox 396 1562 1341 1614; baseline 0.005 -16"><span class='ocrx_word' id='word_1_201' title='bbox 396 1573 457 1612; x_wconf 74' lang='lat' dir='ltr'>fic,</span> <span class='ocrx_word' id='word_1_202' title='bbox 471 1568 608 1605; x_wconf 78' lang='lat' dir='ltr'>summa</span> <span class='ocrx_word' id='word_1_203' title='bbox 633 1566 700 1599; x_wconf 89' lang='lat' dir='ltr'>Dei</span> <span class='ocrx_word' id='word_1_204' title='bbox 717 1562 858 1599; x_wconf 80' lang='lat' dir='ltr'>bonitas</span> <span class='ocrx_word' id='word_1_205' title='bbox 884 1562 1074 1602; x_wconf 88' lang='lat' dir='ltr'>secundum</span> <span class='ocrx_word' id='word_1_206' title='bbox 1103 1569 1247 1606; x_wconf 84' lang='lat' dir='ltr'>modurn</span> <span class='ocrx_word' id='word_1_207' title='bbox 1265 1585 1341 1614; x_wconf 76' lang='lat' dir='ltr'>quo</span> 
     </span>
     <span class='ocr_line' id='line_1_31' title="bbox 398 1612 1340 1668; baseline 0.013 -22"><span class='ocrx_word' id='word_1_208' title='bbox 398 1632 493 1660; x_wconf 64' lang='lat' dir='ltr'>„unc</span> <span class='ocrx_word' id='word_1_209' title='bbox 519 1612 750 1659; x_wconf 79' lang='lat' dir='ltr'>cognoscitur</span> <span class='ocrx_word' id='word_1_210' title='bbox 789 1624 850 1659; x_wconf 88' lang='lat' dir='ltr'>per</span> <span class='ocrx_word' id='word_1_211' title='bbox 874 1612 1022 1650; x_wconf 67' lang='lat' dir='ltr'>effeetus</span> <span class='ocrx_word' id='word_1_212' title='bbox 1050 1618 1162 1662; x_wconf 87' lang='lat' dir='ltr'>potest</span> <span class='ocrx_word' id='word_1_213' title='bbox 1187 1619 1340 1668; x_wconf 86' lang='lat' dir='ltr'>intelligi</span> 
     </span>
     <span class='ocr_line' id='line_1_32' title="bbox 398 1662 1340 1716; baseline -0.003 -16"><span class='ocrx_word' id='word_1_214' title='bbox 398 1671 532 1716; x_wconf 71' lang='lat' dir='ltr'>absque</span> <span class='ocrx_word' id='word_1_215' title='bbox 549 1665 730 1700; x_wconf 86' lang='lat' dir='ltr'>Trinitate</span> <span class='ocrx_word' id='word_1_216' title='bbox 746 1662 998 1710; x_wconf 86' lang='lat' dir='ltr'>personarum:</span> <span class='ocrx_word' id='word_1_217' title='bbox 1025 1667 1096 1703; x_wconf 87' lang='lat' dir='ltr'>Sed</span> <span class='ocrx_word' id='word_1_218' title='bbox 1113 1667 1340 1709; x_wconf 45' lang='lat' dir='ltr'>secundun-,⁴</span> 
     </span>
     <span class='ocr_line' id='line_1_33' title="bbox 396 1713 1341 1769; baseline 0.005 -18"><span class='ocrx_word' id='word_1_219' title='bbox 396 1722 494 1769; x_wconf 73' lang='lat' dir='ltr'>quod</span> <span class='ocrx_word' id='word_1_220' title='bbox 511 1723 609 1755; x_wconf 83' lang='lat' dir='ltr'>Deus</span> <span class='ocrx_word' id='word_1_221' title='bbox 624 1715 837 1759; x_wconf 78' lang='lat' dir='ltr'>intelligitur</span> <span class='ocrx_word' id='word_1_222' title='bbox 852 1715 884 1749; x_wconf 93' lang='lat' dir='ltr'>in</span> <span class='ocrx_word' id='word_1_223' title='bbox 903 1713 1015 1762; x_wconf 88' lang='lat' dir='ltr'>seipso</span> <span class='ocrx_word' id='word_1_224' title='bbox 1032 1743 1044 1759; x_wconf 89' lang='lat'><strong><em>,</em></strong></span> <span class='ocrx_word' id='word_1_225' title='bbox 1071 1730 1180 1762; x_wconf 84' lang='lat' dir='ltr'>prout</span> <span class='ocrx_word' id='word_1_226' title='bbox 1196 1722 1341 1759; x_wconf 83' lang='lat' dir='ltr'>videtur</span> 
     </span>
     <span class='ocr_line' id='line_1_34' title="bbox 398 1764 1342 1821; baseline 0.011 -21"><span class='ocrx_word' id='word_1_227' title='bbox 398 1787 416 1808; x_wconf 67' lang='lat'>2</span> <span class='ocrx_word' id='word_1_228' title='bbox 431 1772 547 1809; x_wconf 69' lang='lat' dir='ltr'>neatis</span> <span class='ocrx_word' id='word_1_229' title='bbox 560 1792 570 1808; x_wconf 91' lang='lat'>,</span> <span class='ocrx_word' id='word_1_230' title='bbox 597 1777 666 1802; x_wconf 90' lang='lat' dir='ltr'>non</span> <span class='ocrx_word' id='word_1_231' title='bbox 679 1764 794 1813; x_wconf 89' lang='lat' dir='ltr'>potest</span> <span class='ocrx_word' id='word_1_232' title='bbox 805 1764 951 1811; x_wconf 77' lang='lat' dir='ltr'>intelligi</span> <span class='ocrx_word' id='word_1_233' title='bbox 978 1766 1048 1802; x_wconf 84' lang='lat' dir='ltr'>fine</span> <span class='ocrx_word' id='word_1_234' title='bbox 1070 1771 1249 1809; x_wconf 84' lang='lat' dir='ltr'>Trinitate</span> <span class='ocrx_word' id='word_1_235' title='bbox 1261 1785 1342 1821; x_wconf 89' lang='lat' dir='ltr'>per-</span> 
     </span>
     <span class='ocr_line' id='line_1_35' title="bbox 399 1823 589 1860; baseline -0.021 -1"><span class='ocrx_word' id='word_1_236' title='bbox 399 1823 561 1860; x_wconf 87' lang='lat' dir='ltr'>sonarum</span> <span class='ocrx_word' id='word_1_237' title='bbox 580 1842 589 1851; x_wconf 86' lang='lat'>·</span> 
     </span>
    </p>

    <p class='ocr_par' dir='ltr' id='par_1_7' title="bbox 398 1862 1348 2770">
     <span class='ocr_line' id='line_1_36' title="bbox 502 1862 1342 1909; baseline 0.006 -5"><span class='ocrx_word' id='word_1_238' title='bbox 502 1874 582 1909; x_wconf 84' lang='lat' dir='ltr'>Nos</span> <span class='ocrx_word' id='word_1_239' title='bbox 606 1864 758 1901; x_wconf 72' lang='lat' dir='ltr'>dicimus</span> <span class='ocrx_word' id='word_1_240' title='bbox 774 1891 786 1907; x_wconf 87' lang='lat'>‚</span> <span class='ocrx_word' id='word_1_241' title='bbox 812 1862 995 1909; x_wconf 61' lang='lat' dir='ltr'>obieRum</span> <span class='ocrx_word' id='word_1_242' title='bbox 1021 1868 1204 1908; x_wconf 86' lang='lat' dir='ltr'>fruitionis</span> <span class='ocrx_word' id='word_1_243' title='bbox 1241 1872 1342 1909; x_wconf 69' lang='lat' dir='ltr'>esse-2</span> 
     </span>
     <span class='ocr_line' id='line_1_37' title="bbox 399 1915 1342 1968; baseline -0.008 -9"><span class='ocrx_word' id='word_1_244' title='bbox 399 1932 566 1965; x_wconf 79' lang='lat' dir='ltr'>oportere</span> <span class='ocrx_word' id='word_1_245' title='bbox 577 1917 773 1954; x_wconf 87' lang='lat' dir='ltr'>bonitatem</span> <span class='ocrx_word' id='word_1_246' title='bbox 790 1915 1045 1962; x_wconf 83' lang='lat' dir='ltr'>quiditativam</span> <span class='ocrx_word' id='word_1_247' title='bbox 1063 1946 1072 1959; x_wconf 95' lang='lat'>,</span> <span class='ocrx_word' id='word_1_248' title='bbox 1094 1922 1127 1956; x_wconf 69' lang='lat'>8&lt;</span> <span class='ocrx_word' id='word_1_249' title='bbox 1143 1933 1213 1956; x_wconf 75' lang='lat' dir='ltr'>non</span> <span class='ocrx_word' id='word_1_250' title='bbox 1227 1922 1342 1968; x_wconf 71' lang='lat' dir='ltr'>perfe-</span> 
     </span>
     <span class='ocr_line' id='line_1_38' title="bbox 398 1965 1341 2015; baseline -0.003 -4"><span class='ocrx_word' id='word_1_251' title='bbox 398 1975 550 2011; x_wconf 66' lang='lat' dir='ltr'>&amp;tionem</span> <span class='ocrx_word' id='word_1_252' title='bbox 566 1966 814 2013; x_wconf 69' lang='lat' dir='ltr'>suppofifalem</span> <span class='ocrx_word' id='word_1_253' title='bbox 830 1991 842 2009; x_wconf 79' lang='lat'><em>9</em></span> <span class='ocrx_word' id='word_1_254' title='bbox 870 1966 926 2000; x_wconf 67' lang='lat' dir='ltr'>vel</span> <span class='ocrx_word' id='word_1_255' title='bbox 943 1965 1113 2015; x_wconf 68' lang='lat' dir='ltr'>supposui</span> <span class='ocrx_word' id='word_1_256' title='bbox 1133 1984 1144 2011; x_wconf 83' lang='lat'>3</span> <span class='ocrx_word' id='word_1_257' title='bbox 1172 1984 1253 2008; x_wconf 81' lang='lat' dir='ltr'>nam</span> <span class='ocrx_word' id='word_1_258' title='bbox 1267 1972 1341 2008; x_wconf 76' lang='lat' dir='ltr'>haee</span> 
     </span>
     <span class='ocr_line' id='line_1_39' title="bbox 400 2015 1340 2073; baseline -0.003 -12"><span class='ocrx_word' id='word_1_259' title='bbox 400 2022 595 2073; x_wconf 71' lang='lat' dir='ltr'>perfeEtio,</span> <span class='ocrx_word' id='word_1_260' title='bbox 620 2026 660 2051; x_wconf 85' lang='lat' dir='ltr'>ut</span> <span class='ocrx_word' id='word_1_261' title='bbox 674 2015 903 2061; x_wconf 83' lang='lat' dir='ltr'>distinguitur</span> <span class='ocrx_word' id='word_1_262' title='bbox 933 2026 1056 2054; x_wconf 82' lang='lat' dir='ltr'>contra</span> <span class='ocrx_word' id='word_1_263' title='bbox 1086 2020 1340 2066; x_wconf 65' lang='lat' dir='ltr'>perfestionem</span> 
     </span>
     <span class='ocr_line' id='line_1_40' title="bbox 399 2064 1342 2123; baseline 0.001 -15"><span class='ocrx_word' id='word_1_264' title='bbox 399 2073 655 2123; x_wconf 83' lang='lat' dir='ltr'>quiditativam</span> <span class='ocrx_word' id='word_1_265' title='bbox 676 2093 686 2106; x_wconf 92' lang='lat'>‚</span> <span class='ocrx_word' id='word_1_266' title='bbox 698 2077 767 2100; x_wconf 91' lang='lat' dir='ltr'>non</span> <span class='ocrx_word' id='word_1_267' title='bbox 780 2064 829 2100; x_wconf 86' lang='lat' dir='ltr'>est</span> <span class='ocrx_word' id='word_1_268' title='bbox 842 2064 1001 2102; x_wconf 88' lang='lat' dir='ltr'>formalis</span> <span class='ocrx_word' id='word_1_269' title='bbox 1016 2071 1109 2104; x_wconf 89' lang='lat' dir='ltr'>ratio</span> <span class='ocrx_word' id='word_1_270' title='bbox 1122 2073 1265 2116; x_wconf 86' lang='lat' dir='ltr'>agendi,</span> <span class='ocrx_word' id='word_1_271' title='bbox 1278 2085 1342 2109; x_wconf 90' lang='lat' dir='ltr'>nec</span> 
     </span>
     <span class='ocr_line' id='line_1_41' title="bbox 402 2113 1342 2162; baseline -0.01 -2"><span class='ocrx_word' id='word_1_272' title='bbox 402 2126 495 2162; x_wconf 75' lang='lat' dir='ltr'>ratio</span> <span class='ocrx_word' id='word_1_273' title='bbox 507 2116 660 2158; x_wconf 83' lang='lat' dir='ltr'>formalis</span> <span class='ocrx_word' id='word_1_274' title='bbox 671 2115 815 2151; x_wconf 84' lang='lat' dir='ltr'>termini</span> <span class='ocrx_word' id='word_1_275' title='bbox 834 2113 988 2159; x_wconf 85' lang='lat' dir='ltr'>alicujus</span> <span class='ocrx_word' id='word_1_276' title='bbox 1011 2119 1159 2155; x_wconf 68' lang='lat' dir='ltr'>aetionis</span> <span class='ocrx_word' id='word_1_277' title='bbox 1182 2146 1191 2156; x_wconf 88' lang='lat'><strong>.</strong></span> <span class='ocrx_word' id='word_1_278' title='bbox 1222 2122 1342 2158; x_wconf 77' lang='lat' dir='ltr'>Perse-</span> 
     </span>
     <span class='ocr_line' id='line_1_42' title="bbox 403 2164 1343 2215; baseline -0.007 -6"><span class='ocrx_word' id='word_1_279' title='bbox 403 2175 478 2211; x_wconf 72' lang='grc' dir='ltr'>ἂίο</span> <span class='ocrx_word' id='word_1_280' title='bbox 492 2182 609 2209; x_wconf 83' lang='lat' dir='ltr'>autem</span> <span class='ocrx_word' id='word_1_281' title='bbox 621 2165 833 2212; x_wconf 79' lang='lat' dir='ltr'>quiditativa</span> <span class='ocrx_word' id='word_1_282' title='bbox 847 2189 858 2204; x_wconf 85' lang='lat'><strong>‚</strong></span> <span class='ocrx_word' id='word_1_283' title='bbox 871 2174 940 2199; x_wconf 87' lang='lat' dir='ltr'>non</span> <span class='ocrx_word' id='word_1_284' title='bbox 957 2164 1006 2201; x_wconf 89' lang='lat' dir='ltr'>est</span> <span class='ocrx_word' id='word_1_285' title='bbox 1019 2168 1079 2202; x_wconf 82' lang='lat' dir='ltr'>nifi</span> <span class='ocrx_word' id='word_1_286' title='bbox 1095 2170 1266 2215; x_wconf 65' lang='lat' dir='ltr'>perfeetio</span> <span class='ocrx_word' id='word_1_287' title='bbox 1279 2173 1343 2208; x_wconf 84' lang='lat' dir='ltr'>ab.</span> 
     </span>
     <span class='ocr_line' id='line_1_43' title="bbox 402 2212 1344 2268; baseline -0.001 -18"><span class='ocrx_word' id='word_1_288' title='bbox 402 2224 530 2262; x_wconf 48' lang='lat' dir='ltr'>stragia</span> <span class='ocrx_word' id='word_1_289' title='bbox 547 2235 563 2256; x_wconf 64' lang='lat' dir='ltr'>a</span> <span class='ocrx_word' id='word_1_290' title='bbox 578 2215 780 2261; x_wconf 77' lang='lat' dir='ltr'>supposito,</span> <span class='ocrx_word' id='word_1_291' title='bbox 796 2225 873 2260; x_wconf 70' lang='lat' dir='ltr'>qua</span> <span class='ocrx_word' id='word_1_292' title='bbox 885 2212 929 2248; x_wconf 90' lang='lat' dir='ltr'>de</span> <span class='ocrx_word' id='word_1_293' title='bbox 942 2212 973 2250; x_wconf 92' lang='lat' dir='ltr'>se</span> <span class='ocrx_word' id='word_1_294' title='bbox 988 2215 1128 2263; x_wconf 83' lang='lat' dir='ltr'>respicit</span> <span class='ocrx_word' id='word_1_295' title='bbox 1143 2232 1248 2256; x_wconf 73' lang='lat' dir='ltr'>omne</span> <span class='ocrx_word' id='word_1_296' title='bbox 1264 2219 1344 2268; x_wconf 62' lang='lat' dir='ltr'>sup,</span> 
     </span>
     <span class='ocr_line' id='line_1_44' title="bbox 401 2263 1342 2324; baseline -0.004 -18"><span class='ocrx_word' id='word_1_297' title='bbox 401 2275 558 2324; x_wconf 53' lang='lat' dir='ltr'>pontum</span> <span class='ocrx_word' id='word_1_298' title='bbox 572 2264 812 2305; x_wconf 78' lang='lat' dir='ltr'>indifferenter</span> <span class='ocrx_word' id='word_1_299' title='bbox 829 2288 840 2302; x_wconf 91' lang='lat'>‚</span> <span class='ocrx_word' id='word_1_300' title='bbox 862 2263 895 2298; x_wconf 74' lang='lat'>8&lt;</span> <span class='ocrx_word' id='word_1_301' title='bbox 912 2263 990 2299; x_wconf 87' lang='lat' dir='ltr'>ideo</span> <span class='ocrx_word' id='word_1_302' title='bbox 1004 2266 1143 2302; x_wconf 89' lang='lat' dir='ltr'>bonitas</span> <span class='ocrx_word' id='word_1_303' title='bbox 1166 2281 1206 2304; x_wconf 91' lang='lat' dir='ltr'>ut</span> <span class='ocrx_word' id='word_1_304' title='bbox 1221 2272 1342 2306; x_wconf 86' lang='lat' dir='ltr'>termi-</span> 
     </span>
     <span class='ocr_line' id='line_1_45' title="bbox 401 2313 1344 2365; baseline -0.003 -15"><span class='ocrx_word' id='word_1_305' title='bbox 401 2336 462 2362; x_wconf 84' lang='lat' dir='ltr'>nat</span> <span class='ocrx_word' id='word_1_306' title='bbox 475 2323 591 2358; x_wconf 60' lang='lat' dir='ltr'>astum</span> <span class='ocrx_word' id='word_1_307' title='bbox 607 2313 748 2354; x_wconf 77' lang='lat' dir='ltr'>fruendi</span> <span class='ocrx_word' id='word_1_308' title='bbox 760 2313 798 2348; x_wconf 87' lang='lat' dir='ltr'>fit</span> <span class='ocrx_word' id='word_1_309' title='bbox 815 2322 956 2357; x_wconf 82' lang='lat' dir='ltr'>oportet</span> <span class='ocrx_word' id='word_1_310' title='bbox 969 2315 1141 2360; x_wconf 71' lang='lat' dir='ltr'>perfeffio</span> <span class='ocrx_word' id='word_1_311' title='bbox 1156 2319 1344 2365; x_wconf 72' lang='lat' dir='ltr'>quiditati-</span> 
     </span>
     <span class='ocr_line' id='line_1_46' title="bbox 400 2365 1343 2414; baseline -0.012 -6"><span class='ocrx_word' id='word_1_312' title='bbox 400 2387 458 2410; x_wconf 83' lang='lat' dir='ltr'>va.</span> <span class='ocrx_word' id='word_1_313' title='bbox 471 2372 527 2410; x_wconf 85' lang='lat' dir='ltr'>Est</span> <span class='ocrx_word' id='word_1_314' title='bbox 543 2372 652 2414; x_wconf 74' lang='lat' dir='ltr'>igitur</span> <span class='ocrx_word' id='word_1_315' title='bbox 668 2366 804 2400; x_wconf 91' lang='lat' dir='ltr'>bonum</span> <span class='ocrx_word' id='word_1_316' title='bbox 821 2372 890 2396; x_wconf 89' lang='lat' dir='ltr'>non</span> <span class='ocrx_word' id='word_1_317' title='bbox 906 2365 1235 2414; x_wconf 81' lang='lat' dir='ltr'>quomodocunque</span> <span class='ocrx_word' id='word_1_318' title='bbox 1250 2367 1343 2406; x_wconf 82' lang='lat' dir='ltr'>sum.</span> 
     </span>
     <span class='ocr_line' id='line_1_47' title="bbox 402 2410 1344 2471; baseline -0.003 -13"><span class='ocrx_word' id='word_1_319' title='bbox 402 2434 504 2471; x_wconf 81' lang='lat' dir='ltr'>ptum</span> <span class='ocrx_word' id='word_1_320' title='bbox 521 2445 533 2464; x_wconf 89' lang='lat'>‚</span> <span class='ocrx_word' id='word_1_321' title='bbox 561 2417 616 2456; x_wconf 87' lang='lat' dir='ltr'>sed</span> <span class='ocrx_word' id='word_1_322' title='bbox 630 2417 754 2452; x_wconf 83' lang='lat' dir='ltr'>bonum</span> <span class='ocrx_word' id='word_1_323' title='bbox 766 2410 986 2458; x_wconf 80' lang='lat' dir='ltr'>quiditative</span> <span class='ocrx_word' id='word_1_324' title='bbox 1006 2425 1194 2463; x_wconf 84' lang='lat' dir='ltr'>acceptum</span> <span class='ocrx_word' id='word_1_325' title='bbox 1221 2421 1344 2456; x_wconf 88' lang='lat' dir='ltr'>termi-</span> 
     </span>
     <span class='ocr_line' id='line_1_48' title="bbox 402 2461 1345 2510; baseline -0.005 -1"><span class='ocrx_word' id='word_1_326' title='bbox 402 2485 470 2509; x_wconf 90' lang='lat' dir='ltr'>nus</span> <span class='ocrx_word' id='word_1_327' title='bbox 486 2467 665 2507; x_wconf 85' lang='lat' dir='ltr'>fruitionis</span> <span class='ocrx_word' id='word_1_328' title='bbox 677 2465 907 2510; x_wconf 75' lang='lat' dir='ltr'>.‘Qtenus</span> <span class='ocrx_word' id='word_1_329' title='bbox 925 2461 1034 2508; x_wconf 77' lang='lat' dir='ltr'>igitur</span> <span class='ocrx_word' id='word_1_330' title='bbox 1051 2466 1191 2505; x_wconf 86' lang='lat' dir='ltr'>bonitas</span> <span class='ocrx_word' id='word_1_331' title='bbox 1202 2468 1276 2506; x_wconf 69' lang='lat' dir='ltr'>haec</span> <span class='ocrx_word' id='word_1_332' title='bbox 1291 2469 1345 2506; x_wconf 90' lang='lat' dir='ltr'>es-</span> 
     </span>
     <span class='ocr_line' id='line_1_49' title="bbox 403 2513 1344 2566; baseline -0.004 -14"><span class='ocrx_word' id='word_1_333' title='bbox 403 2522 557 2559; x_wconf 76' lang='lat' dir='ltr'>sentialis</span> <span class='ocrx_word' id='word_1_334' title='bbox 570 2519 612 2556; x_wconf 86' lang='lat' dir='ltr'>de</span> <span class='ocrx_word' id='word_1_335' title='bbox 627 2514 721 2552; x_wconf 61' lang='lat' dir='ltr'>fabio</span> <span class='ocrx_word' id='word_1_336' title='bbox 737 2513 880 2548; x_wconf 87' lang='lat' dir='ltr'>videtur</span> <span class='ocrx_word' id='word_1_337' title='bbox 894 2523 913 2547; x_wconf 87' lang='lat' dir='ltr'>a</span> <span class='ocrx_word' id='word_1_338' title='bbox 930 2513 1046 2551; x_wconf 80' lang='lat' dir='ltr'>Beatis</span> <span class='ocrx_word' id='word_1_339' title='bbox 1063 2542 1072 2557; x_wconf 94' lang='lat'><em>‚</em></span> <span class='ocrx_word' id='word_1_340' title='bbox 1104 2520 1230 2566; x_wconf 77' lang='lat' dir='ltr'>utique</span> <span class='ocrx_word' id='word_1_341' title='bbox 1255 2531 1296 2555; x_wconf 76' lang='lat' dir='ltr'>m</span> <span class='ocrx_word' id='word_1_342' title='bbox 1309 2522 1344 2556; x_wconf 77' lang='grc' dir='ltr'>ῑῃ</span> 
     </span>
     <span class='ocr_line' id='line_1_50' title="bbox 405 2561 1345 2617; baseline -0.003 -8"><span class='ocrx_word' id='word_1_343' title='bbox 405 2572 522 2609; x_wconf 88' lang='lat' dir='ltr'>tribus</span> <span class='ocrx_word' id='word_1_344' title='bbox 534 2571 696 2606; x_wconf 87' lang='lat' dir='ltr'>intuetur</span> <span class='ocrx_word' id='word_1_345' title='bbox 707 2562 749 2598; x_wconf 91' lang='lat' dir='ltr'>de</span> <span class='ocrx_word' id='word_1_346' title='bbox 762 2563 794 2598; x_wconf 88' lang='lat' dir='ltr'>fa</span> <span class='ocrx_word' id='word_1_347' title='bbox 803 2561 862 2597; x_wconf 69' lang='lat' dir='ltr'>eto</span> <span class='ocrx_word' id='word_1_348' title='bbox 880 2586 893 2603; x_wconf 82' lang='lat'><em>‚</em></span> <span class='ocrx_word' id='word_1_349' title='bbox 916 2574 986 2598; x_wconf 85' lang='lat' dir='ltr'>non</span> <span class='ocrx_word' id='word_1_350' title='bbox 999 2567 1086 2610; x_wconf 89' lang='lat' dir='ltr'>quia</span> <span class='ocrx_word' id='word_1_351' title='bbox 1101 2568 1168 2605; x_wconf 88' lang='lat' dir='ltr'>illae</span> <span class='ocrx_word' id='word_1_352' title='bbox 1180 2581 1252 2605; x_wconf 88' lang='lat' dir='ltr'>tres</span> <span class='ocrx_word' id='word_1_353' title='bbox 1264 2568 1345 2617; x_wconf 89' lang='lat' dir='ltr'>sup-</span> 
     </span>
     <span class='ocr_line' id='line_1_51' title="bbox 406 2613 1346 2667; baseline 0 -11"><span class='ocrx_word' id='word_1_354' title='bbox 406 2621 571 2665; x_wconf 74' lang='lat' dir='ltr'>poiitales</span> <span class='ocrx_word' id='word_1_355' title='bbox 592 2616 747 2655; x_wconf 88' lang='lat' dir='ltr'>unitates</span> <span class='ocrx_word' id='word_1_356' title='bbox 764 2613 982 2650; x_wconf 84' lang='lat' dir='ltr'>iinttermiui</span> <span class='ocrx_word' id='word_1_357' title='bbox 1005 2615 1106 2652; x_wconf 64' lang='lat' dir='ltr'>astus</span> <span class='ocrx_word' id='word_1_358' title='bbox 1131 2619 1312 2656; x_wconf 85' lang='lat' dir='ltr'>fruitionis</span> <span class='ocrx_word' id='word_1_359' title='bbox 1332 2647 1346 2667; x_wconf 90' lang='lat'><strong>,</strong></span> 
     </span>
     <span class='ocr_line' id='line_1_52' title="bbox 406 2663 1348 2715; baseline -0.006 -9"><span class='ocrx_word' id='word_1_360' title='bbox 406 2670 465 2707; x_wconf 84' lang='lat' dir='ltr'>sed</span> <span class='ocrx_word' id='word_1_361' title='bbox 482 2676 659 2715; x_wconf 84' lang='lat' dir='ltr'>quatenus</span> <span class='ocrx_word' id='word_1_362' title='bbox 682 2665 772 2701; x_wconf 80' lang='lat' dir='ltr'>ratio</span> <span class='ocrx_word' id='word_1_363' title='bbox 797 2663 957 2698; x_wconf 77' lang='lat' dir='ltr'>formalis</span> <span class='ocrx_word' id='word_1_364' title='bbox 987 2667 1137 2712; x_wconf 82' lang='lat' dir='ltr'>agendi,</span> <span class='ocrx_word' id='word_1_365' title='bbox 1162 2671 1195 2705; x_wconf 76' lang='lat'>8&lt;</span> <span class='ocrx_word' id='word_1_366' title='bbox 1227 2672 1348 2707; x_wconf 68' lang='lat' dir='ltr'>tei-mi,</span> 
     </span>
     <span class='ocr_line' id='line_1_53' title="bbox 406 2713 1347 2770; baseline -0.007 -13"><span class='ocrx_word' id='word_1_367' title='bbox 406 2719 515 2760; x_wconf 83' lang='lat' dir='ltr'>nandi</span> <span class='ocrx_word' id='word_1_368' title='bbox 527 2720 564 2757; x_wconf 87' lang='lat' dir='ltr'>in</span> <span class='ocrx_word' id='word_1_369' title='bbox 582 2719 633 2757; x_wconf 90' lang='lat' dir='ltr'>eis</span> <span class='ocrx_word' id='word_1_370' title='bbox 647 2715 824 2765; x_wconf 86' lang='lat' dir='ltr'>reperitur</span> <span class='ocrx_word' id='word_1_371' title='bbox 838 2737 848 2750; x_wconf 83' lang='lat'><strong>·</strong></span> <span class='ocrx_word' id='word_1_372' title='bbox 881 2713 993 2752; x_wconf 87' lang='lat' dir='ltr'>Nulla</span> <span class='ocrx_word' id='word_1_373' title='bbox 1007 2715 1056 2753; x_wconf 88' lang='lat' dir='ltr'>est</span> <span class='ocrx_word' id='word_1_374' title='bbox 1077 2717 1221 2758; x_wconf 79' lang='lat' dir='ltr'>interim</span> <span class='ocrx_word' id='word_1_375' title='bbox 1238 2732 1347 2770; x_wconf 62' lang='grc' dir='ltr'>κρυ.</span> 
     </span>
    </p>
   </div>
   <div class='ocr_carea' id='block_1_4' title="bbox 1066 187 1789 256">
    <p class='ocr_par' dir='ltr' id='par_1_8' title="bbox 1066 187 1789 256">
     <span class='ocr_line' id='line_1_54' title="bbox 1066 187 1789 256; baseline -0.003 -17"><span class='ocrx_word' id='word_1_376' title='bbox 1066 192 1246 239; x_wconf 82' lang='lat' dir='ltr'>Summae</span> <span class='ocrx_word' id='word_1_377' title='bbox 1268 187 1455 256; x_wconf 74' lang='lat' dir='ltr'>Joann’is</span> <span class='ocrx_word' id='word_1_378' title='bbox 1483 193 1611 238; x_wconf 82' lang='lat' dir='ltr'>Duns</span> <span class='ocrx_word' id='word_1_379' title='bbox 1642 188 1760 239; x_wconf 85' lang='lat' dir='ltr'>Scoti</span> <span class='ocrx_word' id='word_1_380' title='bbox 1775 190 1789 237; x_wconf 81' lang='grc'>.“</span> 
     </span>
    </p>
   </div>
   <div class='ocr_carea' id='block_1_5' title="bbox 1394 254 2340 544">
    <p class='ocr_par' dir='ltr' id='par_1_9' title="bbox 1394 254 2340 544">
     <span class='ocr_line' id='line_1_55' title="bbox 1394 254 2335 303; baseline -0.004 -9"><span class='ocrx_word' id='word_1_381' title='bbox 1394 260 1538 302; x_wconf 79' lang='lat' dir='ltr'>gnantia</span> <span class='ocrx_word' id='word_1_382' title='bbox 1558 269 1603 293; x_wconf 85' lang='lat' dir='ltr'>ex</span> <span class='ocrx_word' id='word_1_383' title='bbox 1632 269 1759 295; x_wconf 86' lang='lat' dir='ltr'>natura</span> <span class='ocrx_word' id='word_1_384' title='bbox 1775 256 1845 295; x_wconf 89' lang='lat' dir='ltr'>rei,</span> <span class='ocrx_word' id='word_1_385' title='bbox 1872 255 1957 297; x_wconf 85' lang='lat' dir='ltr'>quia</span> <span class='ocrx_word' id='word_1_386' title='bbox 1982 254 2107 290; x_wconf 89' lang='lat' dir='ltr'>fruitio</span> <span class='ocrx_word' id='word_1_387' title='bbox 2133 255 2175 289; x_wconf 88' lang='lat' dir='ltr'>ad</span> <span class='ocrx_word' id='word_1_388' title='bbox 2194 256 2335 303; x_wconf 51' lang='lat' dir='ltr'>ipsam„</span> 
     </span>
     <span class='ocr_line' id='line_1_56' title="bbox 1395 305 2336 347; baseline -0.002 -3"><span class='ocrx_word' id='word_1_389' title='bbox 1395 308 1787 344; x_wconf 85' lang='lat' dir='ltr'>summamterminatur</span> <span class='ocrx_word' id='word_1_390' title='bbox 1805 305 2087 347; x_wconf 84' lang='lat' dir='ltr'>bonitatem,ets1</span> <span class='ocrx_word' id='word_1_391' title='bbox 2105 316 2175 341; x_wconf 87' lang='lat' dir='ltr'>non</span> <span class='ocrx_word' id='word_1_392' title='bbox 2194 307 2336 342; x_wconf 86' lang='lat' dir='ltr'>videan-</span> 
     </span>
     <span class='ocr_line' id='line_1_57' title="bbox 1396 355 2336 402; baseline -0.002 -9"><span class='ocrx_word' id='word_1_393' title='bbox 1396 370 1456 394; x_wconf 87' lang='lat' dir='ltr'>tur</span> <span class='ocrx_word' id='word_1_394' title='bbox 1473 359 1624 393; x_wconf 88' lang='lat' dir='ltr'>rationes</span> <span class='ocrx_word' id='word_1_395' title='bbox 1640 355 1926 401; x_wconf 86' lang='lat' dir='ltr'>suppofitorum.</span> <span class='ocrx_word' id='word_1_396' title='bbox 1951 360 2046 393; x_wconf 88' lang='lat' dir='ltr'>Nam</span> <span class='ocrx_word' id='word_1_397' title='bbox 2069 367 2132 391; x_wconf 88' lang='lat' dir='ltr'>nos</span> <span class='ocrx_word' id='word_1_398' title='bbox 2156 367 2336 402; x_wconf 62' lang='lat' dir='ltr'>quoquc,</span> 
     </span>
     <span class='ocr_line' id='line_1_58' title="bbox 1396 403 2338 452; baseline 0.001 -9"><span class='ocrx_word' id='word_1_399' title='bbox 1396 408 1628 444; x_wconf 86' lang='lat' dir='ltr'>concedimus</span> <span class='ocrx_word' id='word_1_400' title='bbox 1638 408 1682 442; x_wconf 90' lang='lat' dir='ltr'>de</span> <span class='ocrx_word' id='word_1_401' title='bbox 1696 403 1791 440; x_wconf 58' lang='lat' dir='ltr'>fabio</span> <span class='ocrx_word' id='word_1_402' title='bbox 1805 407 1927 441; x_wconf 90' lang='lat' dir='ltr'>beatos</span> <span class='ocrx_word' id='word_1_403' title='bbox 1942 405 2072 442; x_wconf 88' lang='lat' dir='ltr'>habere</span> <span class='ocrx_word' id='word_1_404' title='bbox 2087 418 2157 442; x_wconf 91' lang='lat' dir='ltr'>non</span> <span class='ocrx_word' id='word_1_405' title='bbox 2174 405 2269 452; x_wconf 83' lang='lat' dir='ltr'>posse</span> <span class='ocrx_word' id='word_1_406' title='bbox 2279 420 2338 444; x_wconf 91' lang='lat' dir='ltr'>or·</span> 
     </span>
     <span class='ocr_line' id='line_1_59' title="bbox 1396 454 2340 506; baseline 0.001 -13"><span class='ocrx_word' id='word_1_407' title='bbox 1396 458 1554 493; x_wconf 88' lang='lat' dir='ltr'>dinatam</span> <span class='ocrx_word' id='word_1_408' title='bbox 1581 457 1812 498; x_wconf 89' lang='lat' dir='ltr'>fruitionem,</span> <span class='ocrx_word' id='word_1_409' title='bbox 1833 454 1896 491; x_wconf 80' lang='lat' dir='ltr'>nili</span> <span class='ocrx_word' id='word_1_410' title='bbox 1914 455 1958 490; x_wconf 89' lang='lat' dir='ltr'>ad</span> <span class='ocrx_word' id='word_1_411' title='bbox 1984 466 2056 493; x_wconf 89' lang='lat' dir='ltr'>tres</span> <span class='ocrx_word' id='word_1_412' title='bbox 2081 455 2245 506; x_wconf 85' lang='lat' dir='ltr'>personas</span> <span class='ocrx_word' id='word_1_413' title='bbox 2268 469 2340 497; x_wconf 84' lang='lat' dir='ltr'>ter-</span> 
     </span>
     <span class='ocr_line' id='line_1_60' title="bbox 1399 518 1575 544; baseline -0.006 -1"><span class='ocrx_word' id='word_1_414' title='bbox 1399 518 1575 544; x_wconf 75' lang='lat' dir='ltr'>minetur.</span> 
     </span>
    </p>
   </div>
   <div class='ocr_carea' id='block_1_6' title="bbox 1547 602 2181 746">
    <p class='ocr_par' dir='ltr' id='par_1_10' title="bbox 1547 602 2181 746">
     <span class='ocr_line' id='line_1_61' title="bbox 1547 602 2181 645; baseline 0.005 -3"><span class='ocrx_word' id='word_1_415' title='bbox 1547 602 2049 642; x_wconf 84' lang='lat' dir='ltr'><strong>ARTICVLVS</strong></span> <span class='ocrx_word' id='word_1_416' title='bbox 2111 608 2181 645; x_wconf 85' lang='lat' dir='ltr'>lx.</span> 
     </span>
     <span class='ocr_line' id='line_1_62' title="bbox 1559 703 2176 746; baseline 0.003 -5"><span class='ocrx_word' id='word_1_417' title='bbox 1559 703 1695 742; x_wconf 86' lang='lat' dir='ltr'>Utrum</span> <span class='ocrx_word' id='word_1_418' title='bbox 1713 703 1858 742; x_wconf 88' lang='lat' dir='ltr'>credere</span> <span class='ocrx_word' id='word_1_419' title='bbox 1872 705 1911 742; x_wconf 83' lang='lat' dir='ltr'>fit</span> <span class='ocrx_word' id='word_1_420' title='bbox 1928 706 2176 746; x_wconf 65' lang='lat' dir='ltr'>meritorium,</span> 
     </span>
    </p>
   </div>
   <div class='ocr_carea' id='block_1_7' title="bbox 1511 803 2342 852">
    <p class='ocr_par' dir='ltr' id='par_1_11' title="bbox 1511 803 2342 852">
     <span class='ocr_line' id='line_1_63' title="bbox 1511 803 2342 852; baseline 0.007 -11"><span class='ocrx_word' id='word_1_421' title='bbox 1511 803 1697 852; x_wconf 83' lang='lat' dir='ltr'>Espondeo</span> <span class='ocrx_word' id='word_1_422' title='bbox 1710 805 1902 842; x_wconf 89' lang='lat' dir='ltr'>dicendum</span> <span class='ocrx_word' id='word_1_423' title='bbox 1918 834 1928 848; x_wconf 95' lang='lat'><em>‚</em></span> <span class='ocrx_word' id='word_1_424' title='bbox 1955 806 2099 844; x_wconf 89' lang='lat' dir='ltr'>credere</span> <span class='ocrx_word' id='word_1_425' title='bbox 2113 807 2181 844; x_wconf 82' lang='lat' dir='ltr'>esse</span> <span class='ocrx_word' id='word_1_426' title='bbox 2197 813 2342 847; x_wconf 87' lang='lat' dir='ltr'>merito·</span> 
     </span>
    </p>
   </div>
   <div class='ocr_carea' id='block_1_8' title="bbox 1406 856 2341 945">
    <p class='ocr_par' dir='ltr' id='par_1_12' title="bbox 1406 856 2341 945">
     <span class='ocr_line' id='line_1_64' title="bbox 1484 856 2341 943; baseline 0.007 -54"><span class='ocrx_word' id='word_1_427' title='bbox 1484 856 1616 943; x_wconf 78' lang='lat' dir='ltr'>&amp;rium</span> <span class='ocrx_word' id='word_1_428' title='bbox 1629 881 1644 902; x_wconf 89' lang='lat'>,</span> <span class='ocrx_word' id='word_1_429' title='bbox 1667 867 1707 893; x_wconf 93' lang='lat' dir='ltr'>ut</span> <span class='ocrx_word' id='word_1_430' title='bbox 1725 866 1822 906; x_wconf 85' lang='lat' dir='ltr'>patet</span> <span class='ocrx_word' id='word_1_431' title='bbox 1838 869 1881 894; x_wconf 84' lang='lat' dir='ltr'>ex</span> <span class='ocrx_word' id='word_1_432' title='bbox 1891 857 1995 895; x_wconf 63' lang='lat' dir='ltr'>dieiis</span> <span class='ocrx_word' id='word_1_433' title='bbox 2028 870 2058 894; x_wconf 89' lang='lat'>1.</span> <span class='ocrx_word' id='word_1_434' title='bbox 2075 869 2156 908; x_wconf 87' lang='lat' dir='ltr'>2.q.</span> <span class='ocrx_word' id='word_1_435' title='bbox 2181 871 2341 907; x_wconf 68' lang='lat' dir='ltr'>114.art-</span> 
     </span>
     <span class='ocr_line' id='line_1_65' title="bbox 1406 914 1569 945; baseline -0.012 0"><span class='ocrx_word' id='word_1_436' title='bbox 1406 914 1434 939; x_wconf 82' lang='lat'>¹·</span> <span class='ocrx_word' id='word_1_437' title='bbox 1447 928 1460 945; x_wconf 73' lang='lat' dir='ltr'>a</span> <span class='ocrx_word' id='word_1_438' title='bbox 1534 917 1569 944; x_wconf 82' lang='lat'>2·</span> 
     </span>
    </p>
   </div>
   <div class='ocr_carea' id='block_1_9' title="bbox 1565 1005 2171 1047">
    <p class='ocr_par' dir='ltr' id='par_1_13' title="bbox 1565 1005 2171 1047">
     <span class='ocr_line' id='line_1_66' title="bbox 1565 1005 2171 1047; baseline 0.005 -4"><span class='ocrx_word' id='word_1_439' title='bbox 1565 1005 2066 1047; x_wconf 83' lang='lat' dir='ltr'><strong>ARTICULUS</strong></span> <span class='ocrx_word' id='word_1_440' title='bbox 2118 1010 2171 1046; x_wconf 91' lang='lat' dir='ltr'>X.</span> 
     </span>
    </p>
   </div>
   <div class='ocr_carea' id='block_1_10' title="bbox 1505 1107 2243 1197">
    <p class='ocr_par' dir='ltr' id='par_1_14' title="bbox 1505 1107 2243 1197">
     <span class='ocr_line' id='line_1_67' title="bbox 1505 1107 2243 1156; baseline 0.005 -13"><span class='ocrx_word' id='word_1_441' title='bbox 1505 1107 1641 1145; x_wconf 86' lang='lat' dir='ltr'>Utrum</span> <span class='ocrx_word' id='word_1_442' title='bbox 1656 1110 1746 1144; x_wconf 87' lang='lat' dir='ltr'>ratio</span> <span class='ocrx_word' id='word_1_443' title='bbox 1758 1108 1942 1146; x_wconf 69' lang='lat' dir='ltr'>indufflva</span> <span class='ocrx_word' id='word_1_444' title='bbox 1955 1109 1997 1144; x_wconf 83' lang='lat' dir='ltr'>ad</span> <span class='ocrx_word' id='word_1_445' title='bbox 2013 1122 2052 1146; x_wconf 88' lang='lat' dir='ltr'>ea</span> <span class='ocrx_word' id='word_1_446' title='bbox 2068 1122 2148 1156; x_wconf 78' lang='lat' dir='ltr'>quae</span> <span class='ocrx_word' id='word_1_447' title='bbox 2163 1108 2243 1148; x_wconf 87' lang='lat' dir='ltr'>sunt</span> 
     </span>
     <span class='ocr_line' id='line_1_68' title="bbox 1607 1159 2143 1197; baseline 0.004 -3"><span class='ocrx_word' id='word_1_448' title='bbox 1607 1159 1689 1196; x_wconf 84' lang='lat' dir='ltr'>fidei</span> <span class='ocrx_word' id='word_1_449' title='bbox 1701 1161 1836 1197; x_wconf 87' lang='lat' dir='ltr'>minuat</span> <span class='ocrx_word' id='word_1_450' title='bbox 1849 1162 2015 1197; x_wconf 89' lang='lat' dir='ltr'>meritum</span> <span class='ocrx_word' id='word_1_451' title='bbox 2033 1160 2115 1197; x_wconf 87' lang='lat' dir='ltr'>fidei</span> <span class='ocrx_word' id='word_1_452' title='bbox 2131 1185 2143 1196; x_wconf 86' lang='lat'><strong>.</strong></span> 
     </span>
    </p>
   </div>
   <div class='ocr_carea' id='block_1_11' title="bbox 1531 1256 2219 1409">
    <p class='ocr_par' dir='ltr' id='par_1_15' title="bbox 1531 1256 2219 1409">
     <span class='ocr_line' id='line_1_69' title="bbox 1531 1256 2219 1308; baseline 0.009 -13"><span class='ocrx_word' id='word_1_453' title='bbox 1531 1256 1672 1296; x_wconf 66' lang='lat' dir='ltr'>Bostar.</span> <span class='ocrx_word' id='word_1_454' title='bbox 1686 1269 1717 1296; x_wconf 82' lang='lat'>2.</span> <span class='ocrx_word' id='word_1_455' title='bbox 1735 1260 1821 1296; x_wconf 58' lang='lat' dir='ltr'>diff.</span> <span class='ocrx_word' id='word_1_456' title='bbox 1839 1273 1868 1296; x_wconf 82' lang='lat' dir='ltr'>r.</span> <span class='ocrx_word' id='word_1_457' title='bbox 1880 1272 1913 1308; x_wconf 90' lang='lat' dir='ltr'>q.</span> <span class='ocrx_word' id='word_1_458' title='bbox 1927 1271 1956 1306; x_wconf 88' lang='lat'>3.</span> <span class='ocrx_word' id='word_1_459' title='bbox 1971 1266 2006 1302; x_wconf 72' lang='lat'>§-</span> <span class='ocrx_word' id='word_1_460' title='bbox 2024 1262 2219 1301; x_wconf 83' lang='lat' dir='ltr'>Tenemes.</span> 
     </span>
     <span class='ocr_line' id='line_1_70' title="bbox 1555 1306 2194 1353; baseline 0.006 -9"><span class='ocrx_word' id='word_1_461' title='bbox 1555 1306 1599 1353; x_wconf 66' lang='grc' dir='ltr'>Ῡ.</span> <span class='ocrx_word' id='word_1_462' title='bbox 1618 1309 1675 1346; x_wconf 91' lang='lat' dir='ltr'>Ad</span> <span class='ocrx_word' id='word_1_463' title='bbox 1690 1310 1884 1347; x_wconf 88' lang='lat' dir='ltr'>secundum</span> <span class='ocrx_word' id='word_1_464' title='bbox 1899 1322 1933 1348; x_wconf 88' lang='lat' dir='ltr'>n.</span> <span class='ocrx_word' id='word_1_465' title='bbox 1954 1311 2054 1348; x_wconf 82' lang='lat' dir='ltr'><em>10.S.</em></span> <span class='ocrx_word' id='word_1_466' title='bbox 2072 1311 2194 1349; x_wconf 76' lang='lat' dir='ltr'>Thom-</span> 
     </span>
     <span class='ocr_line' id='line_1_71' title="bbox 1710 1370 2046 1409; baseline 0.009 -14"><span class='ocrx_word' id='word_1_467' title='bbox 1710 1370 1747 1397; x_wconf 87' lang='lat'>2.</span> <span class='ocrx_word' id='word_1_468' title='bbox 1763 1370 1839 1409; x_wconf 89' lang='lat' dir='ltr'><em>2.q.</em></span> <span class='ocrx_word' id='word_1_469' title='bbox 1854 1370 1886 1396; x_wconf 85' lang='lat'>2.</span> <span class='ocrx_word' id='word_1_470' title='bbox 1899 1371 1972 1398; x_wconf 80' lang='lat' dir='ltr'>art.</span> <span class='ocrx_word' id='word_1_471' title='bbox 1990 1373 2046 1398; x_wconf 89' lang='lat'>10.</span> 
     </span>
    </p>
   </div>
   <div class='ocr_carea' id='block_1_12' title="bbox 1405 1455 2356 2717">
    <p class='ocr_par' dir='ltr' id='par_1_16' title="bbox 1516 1455 2347 1505">
     <span class='ocr_line' id='line_1_72' title="bbox 1516 1455 2347 1505; baseline 0.012 -13"><span class='ocrx_word' id='word_1_472' title='bbox 1516 1455 1704 1505; x_wconf 74' lang='lat' dir='ltr'>Espondeo</span> <span class='ocrx_word' id='word_1_473' title='bbox 1727 1461 1881 1498; x_wconf 90' lang='lat' dir='ltr'>rationes</span> <span class='ocrx_word' id='word_1_474' title='bbox 1907 1462 2109 1499; x_wconf 71' lang='lat' dir='ltr'>induffivas</span> <span class='ocrx_word' id='word_1_475' title='bbox 2133 1461 2177 1500; x_wconf 80' lang='lat' dir='ltr'>ad</span> <span class='ocrx_word' id='word_1_476' title='bbox 2199 1461 2347 1499; x_wconf 75' lang='lat' dir='ltr'>creden-</span> 
     </span>
    </p>

    <p class='ocr_par' dir='ltr' id='par_1_17' title="bbox 1407 1507 2351 2062">
     <span class='ocr_line' id='line_1_73' title="bbox 1528 1507 2346 1550; baseline 0.01 -9"><span class='ocrx_word' id='word_1_477' title='bbox 1528 1507 1612 1543; x_wconf 86' lang='lat' dir='ltr'>dum</span> <span class='ocrx_word' id='word_1_478' title='bbox 1628 1520 1701 1544; x_wconf 89' lang='lat' dir='ltr'>non</span> <span class='ocrx_word' id='word_1_479' title='bbox 1718 1512 1875 1549; x_wconf 88' lang='lat' dir='ltr'>minuere</span> <span class='ocrx_word' id='word_1_480' title='bbox 1891 1511 1972 1549; x_wconf 88' lang='lat' dir='ltr'>fidei</span> <span class='ocrx_word' id='word_1_481' title='bbox 1990 1515 2155 1550; x_wconf 89' lang='lat' dir='ltr'>meritum</span> <span class='ocrx_word' id='word_1_482' title='bbox 2175 1539 2181 1547; x_wconf 90' lang='lat'><em>.</em></span> <span class='ocrx_word' id='word_1_483' title='bbox 2206 1514 2346 1549; x_wconf 85' lang='lat' dir='ltr'>Etenim</span> 
     </span>
     <span class='ocr_line' id='line_1_74' title="bbox 1408 1557 2348 1609; baseline 0.005 -18"><span class='ocrx_word' id='word_1_484' title='bbox 1408 1557 1584 1593; x_wconf 67' lang='lat' dir='ltr'>Dec-tores</span> <span class='ocrx_word' id='word_1_485' title='bbox 1601 1558 1786 1597; x_wconf 83' lang='lat' dir='ltr'>Catholici</span> <span class='ocrx_word' id='word_1_486' title='bbox 1801 1565 2019 1600; x_wconf 89' lang='lat' dir='ltr'>creditorum</span> <span class='ocrx_word' id='word_1_487' title='bbox 2046 1566 2214 1601; x_wconf 85' lang='lat' dir='ltr'>veritates</span> <span class='ocrx_word' id='word_1_488' title='bbox 2227 1564 2348 1609; x_wconf 88' lang='lat' dir='ltr'>inqui-</span> 
     </span>
     <span class='ocr_line' id='line_1_75' title="bbox 1407 1612 2347 1660; baseline 0.005 -17"><span class='ocrx_word' id='word_1_489' title='bbox 1407 1619 1524 1659; x_wconf 65' lang='lat' dir='ltr'>rentes</span> <span class='ocrx_word' id='word_1_490' title='bbox 1537 1620 1599 1655; x_wconf 87' lang='lat' dir='ltr'>per</span> <span class='ocrx_word' id='word_1_491' title='bbox 1615 1612 1770 1648; x_wconf 90' lang='lat' dir='ltr'>rationes</span> <span class='ocrx_word' id='word_1_492' title='bbox 1784 1639 1795 1655; x_wconf 86' lang='lat'>‚</span> <span class='ocrx_word' id='word_1_493' title='bbox 1824 1615 1857 1650; x_wconf 85' lang='lat'>&amp;</span> <span class='ocrx_word' id='word_1_494' title='bbox 1872 1616 2025 1650; x_wconf 86' lang='lat' dir='ltr'>nitentes</span> <span class='ocrx_word' id='word_1_495' title='bbox 2051 1615 2246 1660; x_wconf 77' lang='lat' dir='ltr'>intelligere</span> <span class='ocrx_word' id='word_1_496' title='bbox 2259 1613 2347 1649; x_wconf 88' lang='lat' dir='ltr'>illud</span> 
     </span>
     <span class='ocr_line' id='line_1_76' title="bbox 1407 1657 2349 1708; baseline 0.004 -13"><span class='ocrx_word' id='word_1_497' title='bbox 1407 1657 1506 1707; x_wconf 89' lang='lat' dir='ltr'>quod</span> <span class='ocrx_word' id='word_1_498' title='bbox 1518 1658 1746 1698; x_wconf 83' lang='lat' dir='ltr'>crediderunt</span> <span class='ocrx_word' id='word_1_499' title='bbox 1758 1688 1769 1704; x_wconf 85' lang='lat'>,</span> <span class='ocrx_word' id='word_1_500' title='bbox 1784 1663 1944 1708; x_wconf 73' lang='grc' dir='ltr'>ρτοῐεξὶο</span> <span class='ocrx_word' id='word_1_501' title='bbox 1957 1676 2026 1699; x_wconf 91' lang='lat' dir='ltr'>non</span> <span class='ocrx_word' id='word_1_502' title='bbox 2043 1664 2272 1700; x_wconf 85' lang='lat' dir='ltr'>intendebant</span> <span class='ocrx_word' id='word_1_503' title='bbox 2286 1664 2349 1699; x_wconf 90' lang='lat' dir='ltr'>de-</span> 
     </span>
     <span class='ocr_line' id='line_1_77' title="bbox 1410 1709 2350 1762; baseline 0.003 -16"><span class='ocrx_word' id='word_1_504' title='bbox 1410 1710 1545 1746; x_wconf 89' lang='lat' dir='ltr'>struere</span> <span class='ocrx_word' id='word_1_505' title='bbox 1561 1709 1726 1748; x_wconf 86' lang='lat' dir='ltr'>meritum</span> <span class='ocrx_word' id='word_1_506' title='bbox 1739 1711 1822 1749; x_wconf 86' lang='lat' dir='ltr'>fidei</span> <span class='ocrx_word' id='word_1_507' title='bbox 1841 1716 1933 1755; x_wconf 87' lang='lat' dir='ltr'>‚imo</span> <span class='ocrx_word' id='word_1_508' title='bbox 1950 1714 2176 1762; x_wconf 83' lang='lat' dir='ltr'>Augustinus</span> <span class='ocrx_word' id='word_1_509' title='bbox 2189 1741 2201 1757; x_wconf 91' lang='lat'>,</span> <span class='ocrx_word' id='word_1_510' title='bbox 2215 1717 2248 1751; x_wconf 72' lang='lat'>8&lt;</span> <span class='ocrx_word' id='word_1_511' title='bbox 2267 1714 2350 1749; x_wconf 89' lang='lat' dir='ltr'>An·</span> 
     </span>
     <span class='ocr_line' id='line_1_78' title="bbox 1409 1757 2349 1805; baseline 0.003 -9"><span class='ocrx_word' id='word_1_512' title='bbox 1409 1761 1538 1797; x_wconf 83' lang='lat' dir='ltr'>selmus</span> <span class='ocrx_word' id='word_1_513' title='bbox 1557 1757 1809 1798; x_wconf 84' lang='lat' dir='ltr'>arbitratisunt</span> <span class='ocrx_word' id='word_1_514' title='bbox 1840 1763 1872 1800; x_wconf 90' lang='lat' dir='ltr'>se</span> <span class='ocrx_word' id='word_1_515' title='bbox 1890 1765 2068 1801; x_wconf 91' lang='lat' dir='ltr'>meritorie</span> <span class='ocrx_word' id='word_1_516' title='bbox 2097 1766 2254 1801; x_wconf 84' lang='lat' dir='ltr'>laborare</span> <span class='ocrx_word' id='word_1_517' title='bbox 2269 1789 2279 1805; x_wconf 92' lang='lat'><strong><em>,</em></strong></span> <span class='ocrx_word' id='word_1_518' title='bbox 2307 1774 2349 1799; x_wconf 89' lang='lat' dir='ltr'>ut</span> 
     </span>
     <span class='ocr_line' id='line_1_79' title="bbox 1408 1811 2350 1857; baseline 0.001 -10"><span class='ocrx_word' id='word_1_519' title='bbox 1408 1811 1757 1857; x_wconf 85' lang='lat' dir='ltr'>intelligerentquod</span> <span class='ocrx_word' id='word_1_520' title='bbox 1774 1814 2021 1855; x_wconf 83' lang='lat' dir='ltr'>crediderunt,</span> <span class='ocrx_word' id='word_1_521' title='bbox 2046 1814 2239 1852; x_wconf 85' lang='lat' dir='ltr'>secundum</span> <span class='ocrx_word' id='word_1_522' title='bbox 2263 1814 2350 1849; x_wconf 88' lang='lat' dir='ltr'>illud</span> 
     </span>
     <span class='ocr_line' id='line_1_80' title="bbox 1410 1859 2351 1911; baseline 0 -13"><span class='ocrx_word' id='word_1_523' title='bbox 1410 1861 1507 1898; x_wconf 80' lang='lat' dir='ltr'>lsaiae</span> <span class='ocrx_word' id='word_1_524' title='bbox 1526 1871 1559 1907; x_wconf 89' lang='lat'>7.</span> <span class='ocrx_word' id='word_1_525' title='bbox 1577 1859 1681 1905; x_wconf 75' lang='lat' dir='ltr'>juxta</span> <span class='ocrx_word' id='word_1_526' title='bbox 1695 1863 1794 1898; x_wconf 88' lang='lat' dir='ltr'>aliam</span> <span class='ocrx_word' id='word_1_527' title='bbox 1809 1865 2078 1901; x_wconf 80' lang='lat' dir='ltr'>translationem</span> <span class='ocrx_word' id='word_1_528' title='bbox 2091 1891 2103 1907; x_wconf 87' lang='lat'><strong><em>,</em></strong></span> <span class='ocrx_word' id='word_1_529' title='bbox 2126 1863 2351 1911; x_wconf 71' lang='lat' dir='ltr'>Nsficredx&#39;·</span> 
     </span>
     <span class='ocr_line' id='line_1_81' title="bbox 1410 1910 2351 1960; baseline -0.001 -11"><span class='ocrx_word' id='word_1_530' title='bbox 1410 1912 1537 1949; x_wconf 79' lang='lat' dir='ltr'>deritis</span> <span class='ocrx_word' id='word_1_531' title='bbox 1552 1920 1616 1947; x_wconf 81' lang='lat' dir='ltr'>non</span> <span class='ocrx_word' id='word_1_532' title='bbox 1631 1910 1839 1959; x_wconf 76' lang='lat' dir='ltr'>intelligetis</span> <span class='ocrx_word' id='word_1_533' title='bbox 1858 1941 1867 1949; x_wconf 91' lang='lat'>.</span> <span class='ocrx_word' id='word_1_534' title='bbox 1896 1915 2092 1952; x_wconf 86' lang='lat' dir='ltr'>Credentes</span> <span class='ocrx_word' id='word_1_535' title='bbox 2116 1926 2202 1960; x_wconf 86' lang='lat' dir='ltr'>ergo</span> <span class='ocrx_word' id='word_1_536' title='bbox 2231 1915 2351 1960; x_wconf 87' lang='lat' dir='ltr'>inqui-</span> 
     </span>
     <span class='ocr_line' id='line_1_82' title="bbox 1409 1963 2350 2019; baseline 0.002 -21"><span class='ocrx_word' id='word_1_537' title='bbox 1409 1963 1561 2019; x_wconf 53' lang='lat' dir='ltr'>rebant?</span> <span class='ocrx_word' id='word_1_538' title='bbox 1587 1971 1625 1995; x_wconf 86' lang='lat' dir='ltr'>ut</span> <span class='ocrx_word' id='word_1_539' title='bbox 1647 1963 1886 2010; x_wconf 86' lang='lat' dir='ltr'>intelligerent</span> <span class='ocrx_word' id='word_1_540' title='bbox 1912 1977 1951 2000; x_wconf 89' lang='lat' dir='ltr'>ea</span> <span class='ocrx_word' id='word_1_541' title='bbox 1977 1992 1989 2008; x_wconf 84' lang='lat'>,</span> <span class='ocrx_word' id='word_1_542' title='bbox 2015 1979 2096 2015; x_wconf 82' lang='lat' dir='ltr'>qua:</span> <span class='ocrx_word' id='word_1_543' title='bbox 2123 1965 2350 2002; x_wconf 87' lang='lat' dir='ltr'>crediderunt</span> 
     </span>
     <span class='ocr_line' id='line_1_83' title="bbox 1409 2022 1668 2062; baseline -0.004 -13"><span class='ocrx_word' id='word_1_544' title='bbox 1409 2024 1471 2062; x_wconf 89' lang='lat' dir='ltr'>pet</span> <span class='ocrx_word' id='word_1_545' title='bbox 1486 2022 1643 2048; x_wconf 79' lang='lat' dir='ltr'>rationes</span> <span class='ocrx_word' id='word_1_546' title='bbox 1657 2037 1668 2048; x_wconf 87' lang='lat'>.</span> 
     </span>
    </p>

    <p class='ocr_par' dir='ltr' id='par_1_18' title="bbox 1405 2062 2356 2717">
     <span class='ocr_line' id='line_1_84' title="bbox 1514 2062 2352 2110; baseline 0.006 -14"><span class='ocrx_word' id='word_1_547' title='bbox 1514 2062 1665 2098; x_wconf 82' lang='lat' dir='ltr'>Porrofi</span> <span class='ocrx_word' id='word_1_548' title='bbox 1690 2065 1845 2103; x_wconf 82' lang='lat' dir='ltr'>rationes</span> <span class='ocrx_word' id='word_1_549' title='bbox 1870 2066 2066 2103; x_wconf 79' lang='lat' dir='ltr'>necefl&#39;ariae</span> <span class='ocrx_word' id='word_1_550' title='bbox 2096 2066 2352 2110; x_wconf 78' lang='lat' dir='ltr'>excogitentur</span> 
     </span>
     <span class='ocr_line' id='line_1_85' title="bbox 1408 2111 2353 2162; baseline 0.004 -16"><span class='ocrx_word' id='word_1_551' title='bbox 1408 2111 1451 2147; x_wconf 86' lang='lat' dir='ltr'>ad</span> <span class='ocrx_word' id='word_1_552' title='bbox 1471 2111 1713 2159; x_wconf 80' lang='lat' dir='ltr'>persuadenda</span> <span class='ocrx_word' id='word_1_553' title='bbox 1725 2128 1806 2162; x_wconf 82' lang='lat' dir='ltr'>quae</span> <span class='ocrx_word' id='word_1_554' title='bbox 1823 2115 1974 2152; x_wconf 85' lang='lat' dir='ltr'>fideliter</span> <span class='ocrx_word' id='word_1_555' title='bbox 1997 2117 2176 2153; x_wconf 86' lang='lat' dir='ltr'>credimus</span> <span class='ocrx_word' id='word_1_556' title='bbox 2193 2141 2202 2155; x_wconf 90' lang='lat'><em>‚</em></span> <span class='ocrx_word' id='word_1_557' title='bbox 2230 2116 2353 2152; x_wconf 67' lang='lat' dir='ltr'>utile-2</span> 
     </span>
     <span class='ocr_line' id='line_1_86' title="bbox 1407 2161 2356 2215; baseline 0.019 -19"><span class='ocrx_word' id='word_1_558' title='bbox 1407 2161 1501 2197; x_wconf 84' lang='lat' dir='ltr'>soret</span> <span class='ocrx_word' id='word_1_559' title='bbox 1515 2172 1574 2196; x_wconf 88' lang='lat' dir='ltr'>eos</span> <span class='ocrx_word' id='word_1_560' title='bbox 1600 2162 1811 2202; x_wconf 81' lang='lat' dir='ltr'>infidelibus</span> <span class='ocrx_word' id='word_1_561' title='bbox 1837 2177 2033 2215; x_wconf 86' lang='lat' dir='ltr'>proponere</span> <span class='ocrx_word' id='word_1_562' title='bbox 2061 2166 2103 2203; x_wconf 90' lang='lat' dir='ltr'>ad</span> <span class='ocrx_word' id='word_1_563' title='bbox 2133 2175 2356 2212; x_wconf 65' lang='lat' dir='ltr'>extorquen-</span> 
     </span>
     <span class='ocr_line' id='line_1_87' title="bbox 1408 2211 2354 2264; baseline 0.002 -15"><span class='ocrx_word' id='word_1_564' title='bbox 1408 2211 1492 2246; x_wconf 83' lang='lat' dir='ltr'>dum</span> <span class='ocrx_word' id='word_1_565' title='bbox 1505 2222 1627 2248; x_wconf 83' lang='lat' dir='ltr'>eorum</span> <span class='ocrx_word' id='word_1_566' title='bbox 1638 2215 1809 2251; x_wconf 74' lang='lat' dir='ltr'>assensum</span> <span class='ocrx_word' id='word_1_567' title='bbox 1825 2241 1834 2251; x_wconf 91' lang='lat'><strong><em>.</em></strong></span> <span class='ocrx_word' id='word_1_568' title='bbox 1857 2217 1970 2264; x_wconf 87' lang='lat' dir='ltr'>Qod</span> <span class='ocrx_word' id='word_1_569' title='bbox 1988 2217 2009 2252; x_wconf 80' lang='lat' dir='ltr'>st</span> <span class='ocrx_word' id='word_1_570' title='bbox 2036 2213 2212 2262; x_wconf 85' lang='lat' dir='ltr'>ejusmodi</span> <span class='ocrx_word' id='word_1_571' title='bbox 2239 2226 2290 2250; x_wconf 90' lang='lat' dir='ltr'>rat</span> <span class='ocrx_word' id='word_1_572' title='bbox 2300 2218 2354 2251; x_wconf 91' lang='lat' dir='ltr'>io-</span> 
     </span>
     <span class='ocr_line' id='line_1_88' title="bbox 1405 2261 2354 2312; baseline 0.007 -15"><span class='ocrx_word' id='word_1_573' title='bbox 1405 2272 1468 2296; x_wconf 87' lang='lat' dir='ltr'>nes</span> <span class='ocrx_word' id='word_1_574' title='bbox 1479 2261 1623 2295; x_wconf 80' lang='lat' dir='ltr'>minime</span> <span class='ocrx_word' id='word_1_575' title='bbox 1634 2276 1826 2301; x_wconf 87' lang='lat' dir='ltr'>occurrant</span> <span class='ocrx_word' id='word_1_576' title='bbox 1839 2266 1881 2301; x_wconf 90' lang='lat' dir='ltr'>ad</span> <span class='ocrx_word' id='word_1_577' title='bbox 1893 2267 2115 2312; x_wconf 89' lang='lat' dir='ltr'>probandum</span> <span class='ocrx_word' id='word_1_578' title='bbox 2128 2263 2194 2303; x_wconf 79' lang='lat' dir='ltr'>esse</span> <span class='ocrx_word' id='word_1_579' title='bbox 2204 2263 2354 2309; x_wconf 57' lang='grc' dir='ltr'>ίέὅὶυῐη,</span> 
     </span>
     <span class='ocr_line' id='line_1_89' title="bbox 1407 2308 2354 2360; baseline 0.003 -11"><span class='ocrx_word' id='word_1_580' title='bbox 1407 2309 1544 2360; x_wconf 74' lang='lat' dir='ltr'>scilicet</span> <span class='ocrx_word' id='word_1_581' title='bbox 1572 2308 1655 2349; x_wconf 86' lang='lat' dir='ltr'>fidei</span> <span class='ocrx_word' id='word_1_582' title='bbox 1677 2316 1899 2357; x_wconf 75' lang='lat' dir='ltr'>articulum3</span> <span class='ocrx_word' id='word_1_583' title='bbox 1926 2315 1984 2351; x_wconf 89' lang='lat' dir='ltr'>sed</span> <span class='ocrx_word' id='word_1_584' title='bbox 2011 2327 2148 2353; x_wconf 85' lang='lat' dir='ltr'>tanturn</span> <span class='ocrx_word' id='word_1_585' title='bbox 2175 2313 2218 2349; x_wconf 86' lang='lat' dir='ltr'>ad</span> <span class='ocrx_word' id='word_1_586' title='bbox 2236 2314 2354 2352; x_wconf 88' lang='lat' dir='ltr'>osten-</span> 
     </span>
     <span class='ocr_line' id='line_1_90' title="bbox 1407 2358 2351 2411; baseline 0.007 -16"><span class='ocrx_word' id='word_1_587' title='bbox 1407 2358 1562 2409; x_wconf 58' lang='lat' dir='ltr'>Aeneam</span> <span class='ocrx_word' id='word_1_588' title='bbox 1586 2364 1638 2399; x_wconf 84' lang='lat' dir='ltr'>rei</span> <span class='ocrx_word' id='word_1_589' title='bbox 1658 2364 1920 2411; x_wconf 85' lang='lat' dir='ltr'>possibilitatem</span> <span class='ocrx_word' id='word_1_590' title='bbox 1945 2366 2050 2402; x_wconf 89' lang='lat' dir='ltr'>etiam</span> <span class='ocrx_word' id='word_1_591' title='bbox 2080 2367 2167 2402; x_wconf 88' lang='lat' dir='ltr'>utile</span> <span class='ocrx_word' id='word_1_592' title='bbox 2194 2363 2277 2399; x_wconf 66' lang='lat' dir='ltr'>effer</span> <span class='ocrx_word' id='word_1_593' title='bbox 2289 2377 2351 2402; x_wconf 88' lang='lat' dir='ltr'>eos</span> 
     </span>
     <span class='ocr_line' id='line_1_91' title="bbox 1411 2405 2350 2463; baseline 0.005 -16"><span class='ocrx_word' id='word_1_594' title='bbox 1411 2405 1590 2462; x_wconf 60' lang='lat' dir='ltr'>diducere</span> <span class='ocrx_word' id='word_1_595' title='bbox 1606 2424 1728 2450; x_wconf 85' lang='lat' dir='ltr'>contra</span> <span class='ocrx_word' id='word_1_596' title='bbox 1741 2414 1903 2452; x_wconf 86' lang='lat' dir='ltr'>infideles</span> <span class='ocrx_word' id='word_1_597' title='bbox 1914 2417 1978 2463; x_wconf 89' lang='lat' dir='ltr'>qui</span> <span class='ocrx_word' id='word_1_598' title='bbox 1993 2416 2124 2452; x_wconf 86' lang='lat' dir='ltr'>exinde</span> <span class='ocrx_word' id='word_1_599' title='bbox 2145 2415 2350 2461; x_wconf 82' lang='lat' dir='ltr'>aliqualiter</span> 
     </span>
     <span class='ocr_line' id='line_1_92' title="bbox 1407 2458 2350 2508; baseline 0.004 -11"><span class='ocrx_word' id='word_1_600' title='bbox 1407 2458 1710 2508; x_wconf 78' lang='lat' dir='ltr'>persuaderentur</span> <span class='ocrx_word' id='word_1_601' title='bbox 1725 2477 1792 2508; x_wconf 88' lang='lat' dir='ltr'>,ne</span> <span class='ocrx_word' id='word_1_602' title='bbox 1815 2465 2007 2503; x_wconf 84' lang='lat' dir='ltr'>relisterent</span> <span class='ocrx_word' id='word_1_603' title='bbox 2030 2465 2266 2501; x_wconf 87' lang='lat' dir='ltr'>credibilibus</span> <span class='ocrx_word' id='word_1_604' title='bbox 2286 2477 2350 2501; x_wconf 85' lang='lat' dir='ltr'>ve·</span> 
     </span>
     <span class='ocr_line' id='line_1_93' title="bbox 1407 2510 2352 2563; baseline 0.005 -18"><span class='ocrx_word' id='word_1_605' title='bbox 1407 2510 1473 2545; x_wconf 89' lang='lat' dir='ltr'>luti</span> <span class='ocrx_word' id='word_1_606' title='bbox 1490 2511 1757 2556; x_wconf 81' lang='lat' dir='ltr'>impoffibilibus</span> <span class='ocrx_word' id='word_1_607' title='bbox 1770 2544 1779 2553; x_wconf 86' lang='lat'><strong><em>.</em></strong></span> <span class='ocrx_word' id='word_1_608' title='bbox 1797 2517 1957 2552; x_wconf 84' lang='lat' dir='ltr'>Tantum</span> <span class='ocrx_word' id='word_1_609' title='bbox 1969 2527 2057 2563; x_wconf 80' lang='lat' dir='ltr'>ergo</span> <span class='ocrx_word' id='word_1_610' title='bbox 2071 2514 2167 2551; x_wconf 86' lang='lat' dir='ltr'>abest</span> <span class='ocrx_word' id='word_1_611' title='bbox 2186 2527 2224 2550; x_wconf 89' lang='lat' dir='ltr'>ut</span> <span class='ocrx_word' id='word_1_612' title='bbox 2240 2517 2352 2551; x_wconf 79' lang='lat' dir='ltr'>ratio-</span> 
     </span>
     <span class='ocr_line' id='line_1_94' title="bbox 1408 2559 2349 2613; baseline 0.007 -16"><span class='ocrx_word' id='word_1_613' title='bbox 1408 2571 1470 2596; x_wconf 86' lang='lat' dir='ltr'>nes</span> <span class='ocrx_word' id='word_1_614' title='bbox 1487 2559 1696 2600; x_wconf 88' lang='lat' dir='ltr'>inducentes</span> <span class='ocrx_word' id='word_1_615' title='bbox 1725 2565 1770 2601; x_wconf 88' lang='lat' dir='ltr'>ad</span> <span class='ocrx_word' id='word_1_616' title='bbox 1795 2565 2032 2609; x_wconf 85' lang='lat' dir='ltr'>credendum,</span> <span class='ocrx_word' id='word_1_617' title='bbox 2051 2577 2133 2613; x_wconf 74' lang='lat' dir='ltr'>qua:</span> <span class='ocrx_word' id='word_1_618' title='bbox 2157 2564 2237 2602; x_wconf 88' lang='lat' dir='ltr'>sunt</span> <span class='ocrx_word' id='word_1_619' title='bbox 2261 2566 2349 2604; x_wconf 83' lang='lat' dir='ltr'>fidei</span> 
     </span>
     <span class='ocr_line' id='line_1_95' title="bbox 1410 2614 2350 2658; baseline 0.007 -12"><span class='ocrx_word' id='word_1_620' title='bbox 1410 2621 1587 2649; x_wconf 86' lang='lat' dir='ltr'>evacuent</span> <span class='ocrx_word' id='word_1_621' title='bbox 1618 2616 1813 2658; x_wconf 85' lang='lat' dir='ltr'>meritum,</span> <span class='ocrx_word' id='word_1_622' title='bbox 1841 2617 1913 2652; x_wconf 89' lang='lat' dir='ltr'>imo</span> <span class='ocrx_word' id='word_1_623' title='bbox 1927 2618 1960 2652; x_wconf 92' lang='lat' dir='ltr'>in</span> <span class='ocrx_word' id='word_1_624' title='bbox 1974 2617 2106 2652; x_wconf 89' lang='lat' dir='ltr'>talibus</span> <span class='ocrx_word' id='word_1_625' title='bbox 2135 2614 2169 2652; x_wconf 89' lang='lat' dir='ltr'>se</span> <span class='ocrx_word' id='word_1_626' title='bbox 2200 2615 2233 2652; x_wconf 92' lang='lat' dir='ltr'>se</span> <span class='ocrx_word' id='word_1_627' title='bbox 2249 2627 2350 2653; x_wconf 79' lang='lat' dir='ltr'>exer-</span> 
     </span>
     <span class='ocr_line' id='line_1_96' title="bbox 1408 2663 2348 2717; baseline 0.005 -20"><span class='ocrx_word' id='word_1_628' title='bbox 1408 2672 1529 2699; x_wconf 85' lang='lat' dir='ltr'>centes</span> <span class='ocrx_word' id='word_1_629' title='bbox 1542 2663 1677 2701; x_wconf 87' lang='lat' dir='ltr'>constat</span> <span class='ocrx_word' id='word_1_630' title='bbox 1692 2677 1753 2702; x_wconf 90' lang='lat' dir='ltr'>eos</span> <span class='ocrx_word' id='word_1_631' title='bbox 1767 2678 1875 2716; x_wconf 83' lang='lat' dir='ltr'>opera</span> <span class='ocrx_word' id='word_1_632' title='bbox 1889 2667 2071 2704; x_wconf 87' lang='lat' dir='ltr'>meritoria</span> <span class='ocrx_word' id='word_1_633' title='bbox 2085 2666 2324 2717; x_wconf 80' lang='lat' dir='ltr'>representare</span> <span class='ocrx_word' id='word_1_634' title='bbox 2335 2692 2348 2702; x_wconf 89' lang='lat'><em>.</em></span> 
     </span>
    </p>
   </div>
   <div class='ocr_carea' id='block_1_13' title="bbox 1413 3258 2360 3933">
    <p class='ocr_par' dir='ltr' id='par_1_19' title="bbox 1413 3258 2360 3872">
     <span class='ocr_line' id='line_1_97' title="bbox 1444 3258 2351 3298; baseline 0.014 -16"><span class='ocrx_word' id='word_1_635' title='bbox 1444 3261 1482 3286; x_wconf 70' lang='lat' dir='ltr'>(a)</span> <span class='ocrx_word' id='word_1_636' title='bbox 1513 3258 1663 3285; x_wconf 79' lang='lat' dir='ltr'>Notandum</span> <span class='ocrx_word' id='word_1_637' title='bbox 1674 3259 1825 3292; x_wconf 73' lang='lat' dir='ltr'>Magistrum</span> <span class='ocrx_word' id='word_1_638' title='bbox 1836 3263 1982 3288; x_wconf 80' lang='lat' dir='ltr'>Aureolum</span> <span class='ocrx_word' id='word_1_639' title='bbox 1994 3277 2002 3291; x_wconf 85' lang='lat'><em>‚</em></span> <span class='ocrx_word' id='word_1_640' title='bbox 2021 3271 2045 3290; x_wconf 83' lang='lat' dir='ltr'>r·</span> <span class='ocrx_word' id='word_1_641' title='bbox 2057 3264 2112 3292; x_wconf 66' lang='lat' dir='ltr'>dm.</span> <span class='ocrx_word' id='word_1_642' title='bbox 2128 3271 2181 3298; x_wconf 81' lang='lat' dir='ltr'>r-q·</span> <span class='ocrx_word' id='word_1_643' title='bbox 2202 3270 2223 3288; x_wconf 80' lang='lat'>¹·</span> <span class='ocrx_word' id='word_1_644' title='bbox 2235 3268 2284 3294; x_wconf 67' lang='lat'>1³¹²</span> <span class='ocrx_word' id='word_1_645' title='bbox 2293 3268 2351 3286; x_wconf 71' lang='lat'>0¹¹¹*</span> 
     </span>
     <span class='ocr_line' id='line_1_98' title="bbox 1414 3291 2353 3323; baseline 0.003 -8"><span class='ocrx_word' id='word_1_646' title='bbox 1414 3291 1490 3317; x_wconf 86' lang='lat' dir='ltr'>nibus</span> <span class='ocrx_word' id='word_1_647' title='bbox 1496 3291 1604 3319; x_wconf 78' lang='lat' dir='ltr'>antiquis</span> <span class='ocrx_word' id='word_1_648' title='bbox 1612 3300 1688 3323; x_wconf 75' lang='lat' dir='ltr'>atque</span> <span class='ocrx_word' id='word_1_649' title='bbox 1699 3293 1828 3318; x_wconf 79' lang='lat' dir='ltr'>modernis</span> <span class='ocrx_word' id='word_1_650' title='bbox 1837 3301 1960 3320; x_wconf 75' lang='lat' dir='ltr'>conatum</span> <span class='ocrx_word' id='word_1_651' title='bbox 1977 3296 2027 3321; x_wconf 75' lang='lat' dir='ltr'>ess&#39;e</span> <span class='ocrx_word' id='word_1_652' title='bbox 2039 3304 2158 3321; x_wconf 79' lang='lat' dir='ltr'>evertere</span> <span class='ocrx_word' id='word_1_653' title='bbox 2172 3296 2287 3320; x_wconf 74' lang='lat' dir='ltr'>funditus</span> <span class='ocrx_word' id='word_1_654' title='bbox 2293 3301 2353 3318; x_wconf 82' lang='lat' dir='ltr'>om-</span> 
     </span>
     <span class='ocr_line' id='line_1_99' title="bbox 1413 3323 2351 3361; baseline 0.002 -12"><span class='ocrx_word' id='word_1_655' title='bbox 1413 3330 1475 3349; x_wconf 87' lang='lat' dir='ltr'>nem</span> <span class='ocrx_word' id='word_1_656' title='bbox 1486 3323 1671 3361; x_wconf 52' lang='lat' dir='ltr'>Magissriscoti</span> <span class='ocrx_word' id='word_1_657' title='bbox 1681 3324 1821 3351; x_wconf 66' lang='lat' dir='ltr'>doctrinam</span> <span class='ocrx_word' id='word_1_658' title='bbox 1850 3328 1951 3359; x_wconf 68' lang='lat' dir='ltr'>reflatis</span> <span class='ocrx_word' id='word_1_659' title='bbox 1961 3330 2088 3361; x_wconf 63' lang='lat' dir='ltr'>questionis</span> <span class='ocrx_word' id='word_1_660' title='bbox 2098 3346 2105 3358; x_wconf 83' lang='lat'>‚</span> <span class='ocrx_word' id='word_1_661' title='bbox 2115 3331 2139 3353; x_wconf 64' lang='grc' dir='ltr'>ἐκ</span> <span class='ocrx_word' id='word_1_662' title='bbox 2151 3330 2288 3358; x_wconf 76' lang='lat' dir='ltr'>praesertnn</span> <span class='ocrx_word' id='word_1_663' title='bbox 2300 3327 2351 3351; x_wconf 65' lang='lat' dir='ltr'>dr·</span> 
     </span>
     <span class='ocr_line' id='line_1_100' title="bbox 1415 3355 2351 3391; baseline 0.004 -11"><span class='ocrx_word' id='word_1_664' title='bbox 1415 3356 1592 3385; x_wconf 77' lang='lat' dir='ltr'>caprincrpale</span> <span class='ocrx_word' id='word_1_665' title='bbox 1601 3355 1732 3386; x_wconf 68' lang='lat' dir='ltr'>quaesitum</span> <span class='ocrx_word' id='word_1_666' title='bbox 1745 3359 1770 3382; x_wconf 73' lang='lat' dir='ltr'>be</span> <span class='ocrx_word' id='word_1_667' title='bbox 1780 3359 1804 3382; x_wconf 89' lang='lat' dir='ltr'>di</span> <span class='ocrx_word' id='word_1_668' title='bbox 1833 3360 1958 3385; x_wconf 79' lang='lat' dir='ltr'>cultatem</span> <span class='ocrx_word' id='word_1_669' title='bbox 1970 3377 1977 3388; x_wconf 91' lang='lat'><em>,</em></span> <span class='ocrx_word' id='word_1_670' title='bbox 1994 3369 2046 3391; x_wconf 74' lang='lat' dir='ltr'>qux</span> <span class='ocrx_word' id='word_1_671' title='bbox 2067 3365 2100 3387; x_wconf 75' lang='lat' dir='ltr'>eil</span> <span class='ocrx_word' id='word_1_672' title='bbox 2111 3379 2118 3389; x_wconf 86' lang='lat'><em>,</em></span> <span class='ocrx_word' id='word_1_673' title='bbox 2136 3362 2163 3386; x_wconf 82' lang='lat' dir='ltr'>de</span> <span class='ocrx_word' id='word_1_674' title='bbox 2196 3363 2291 3386; x_wconf 69' lang='lat' dir='ltr'>atentia</span> <span class='ocrx_word' id='word_1_675' title='bbox 2305 3359 2351 3382; x_wconf 75' lang='lat' dir='ltr'>Dei</span> 
     </span>
     <span class='ocr_line' id='line_1_101' title="bbox 1415 3387 2352 3426; baseline 0.009 -14"><span class='ocrx_word' id='word_1_676' title='bbox 1415 3387 1589 3425; x_wconf 61' lang='lat' dir='ltr'>obsalutapoffe</span> <span class='ocrx_word' id='word_1_677' title='bbox 1599 3389 1766 3422; x_wconf 67' lang='lat' dir='ltr'>Beatumfrui</span> <span class='ocrx_word' id='word_1_678' title='bbox 1779 3391 1929 3422; x_wconf 75' lang='lat' dir='ltr'>effentiafine</span> <span class='ocrx_word' id='word_1_679' title='bbox 1942 3392 2050 3426; x_wconf 77' lang='lat' dir='ltr'>personis</span> <span class='ocrx_word' id='word_1_680' title='bbox 2059 3413 2064 3419; x_wconf 90' lang='lat'>.</span> <span class='ocrx_word' id='word_1_681' title='bbox 2085 3395 2162 3425; x_wconf 77' lang='lat' dir='ltr'>quue</span> <span class='ocrx_word' id='word_1_682' title='bbox 2178 3395 2221 3419; x_wconf 79' lang='lat' dir='ltr'>ille</span> <span class='ocrx_word' id='word_1_683' title='bbox 2239 3396 2352 3424; x_wconf 77' lang='lat' dir='ltr'>quatuor</span> 
     </span>
     <span class='ocr_line' id='line_1_102' title="bbox 1414 3420 2354 3458; baseline 0.007 -12"><span class='ocrx_word' id='word_1_684' title='bbox 1414 3420 1555 3457; x_wconf 69' lang='lat' dir='ltr'>nationibus</span> <span class='ocrx_word' id='word_1_685' title='bbox 1566 3436 1572 3448; x_wconf 91' lang='lat'><em>,</em></span> <span class='ocrx_word' id='word_1_686' title='bbox 1592 3422 1850 3451; x_wconf 74' lang='lat' dir='ltr'>quasdemossrativas</span> <span class='ocrx_word' id='word_1_687' title='bbox 1859 3432 1945 3454; x_wconf 77' lang='lat' dir='ltr'>putat,</span> <span class='ocrx_word' id='word_1_688' title='bbox 1965 3428 2067 3452; x_wconf 71' lang='lat' dir='ltr'>mittitur</span> <span class='ocrx_word' id='word_1_689' title='bbox 2079 3427 2229 3458; x_wconf 72' lang='lat' dir='ltr'>perfimdere</span> <span class='ocrx_word' id='word_1_690' title='bbox 2239 3442 2247 3455; x_wconf 85' lang='lat'>‚</span> <span class='ocrx_word' id='word_1_691' title='bbox 2277 3424 2354 3449; x_wconf 69' lang='lat'>&amp;²¹¹⁴</span> 
     </span>
     <span class='ocr_line' id='line_1_103' title="bbox 1415 3452 2354 3490; baseline 0.01 -13"><span class='ocrx_word' id='word_1_692' title='bbox 1415 3452 1530 3478; x_wconf 64' lang='lat' dir='ltr'>{tentate</span> <span class='ocrx_word' id='word_1_693' title='bbox 1539 3453 1670 3485; x_wconf 79' lang='lat' dir='ltr'>Augustini</span> <span class='ocrx_word' id='word_1_694' title='bbox 1682 3471 1689 3477; x_wconf 90' lang='lat'><strong><em>.</em></strong></span> <span class='ocrx_word' id='word_1_695' title='bbox 1706 3456 1823 3480; x_wconf 77' lang='lat' dir='ltr'>statuens</span> <span class='ocrx_word' id='word_1_696' title='bbox 1833 3457 2023 3483; x_wconf 74' lang='lat' dir='ltr'>conclusionem</span> <span class='ocrx_word' id='word_1_697' title='bbox 2046 3459 2110 3484; x_wconf 68' lang='lat' dir='ltr'>haine</span> <span class='ocrx_word' id='word_1_698' title='bbox 2122 3477 2130 3488; x_wconf 91' lang='lat'>,</span> <span class='ocrx_word' id='word_1_699' title='bbox 2148 3461 2194 3484; x_wconf 79' lang='lat' dir='ltr'>Dei</span> <span class='ocrx_word' id='word_1_700' title='bbox 2215 3459 2354 3490; x_wconf 62' lang='lat' dir='ltr'>efflatum.»</span> 
     </span>
     <span class='ocr_line' id='line_1_104' title="bbox 1416 3486 2355 3524; baseline 0.003 -15"><span class='ocrx_word' id='word_1_701' title='bbox 1416 3494 1447 3509; x_wconf 72' lang='lat' dir='ltr'>ne</span> <span class='ocrx_word' id='word_1_702' title='bbox 1457 3487 1552 3518; x_wconf 76' lang='lat' dir='ltr'>concipi</span> <span class='ocrx_word' id='word_1_703' title='bbox 1561 3486 1658 3517; x_wconf 72' lang='lat' dir='ltr'>quidem</span> <span class='ocrx_word' id='word_1_704' title='bbox 1664 3487 1723 3520; x_wconf 79' lang='lat' dir='ltr'>poffe</span> <span class='ocrx_word' id='word_1_705' title='bbox 1734 3501 1741 3513; x_wconf 64' lang='grc' dir='ltr'><strong>ι</strong></span> <span class='ocrx_word' id='word_1_706' title='bbox 1759 3488 1827 3512; x_wconf 81' lang='lat' dir='ltr'>modo</span> <span class='ocrx_word' id='word_1_707' title='bbox 1835 3489 1861 3519; x_wconf 65' lang='lat' dir='ltr'>dns</span> <span class='ocrx_word' id='word_1_708' title='bbox 1870 3490 1941 3515; x_wconf 72' lang='lat' dir='ltr'>hnHe</span> <span class='ocrx_word' id='word_1_709' title='bbox 1951 3491 2148 3524; x_wconf 63' lang='lat' dir='ltr'>apprehendatur</span> <span class='ocrx_word' id='word_1_710' title='bbox 2159 3509 2167 3520; x_wconf 93' lang='lat'>,</span> <span class='ocrx_word' id='word_1_711' title='bbox 2179 3491 2231 3522; x_wconf 78' lang='lat' dir='ltr'>stne</span> <span class='ocrx_word' id='word_1_712' title='bbox 2249 3492 2355 3515; x_wconf 72' lang='lat' dir='ltr'>crimea·</span> 
     </span>
     <span class='ocr_line' id='line_1_105' title="bbox 1416 3519 2356 3573; baseline 0.01 -33"><span class='ocrx_word' id='word_1_713' title='bbox 1416 3519 1643 3573; x_wconf 53' lang='lat' dir='ltr'>refer-lonarummc</span> <span class='ocrx_word' id='word_1_714' title='bbox 1649 3519 1752 3551; x_wconf 78' lang='lat' dir='ltr'>proinde</span> <span class='ocrx_word' id='word_1_715' title='bbox 1764 3520 1841 3544; x_wconf 78' lang='lat' dir='ltr'>multo</span> <span class='ocrx_word' id='word_1_716' title='bbox 1852 3525 1933 3547; x_wconf 74' lang='lat' dir='ltr'>minus</span> <span class='ocrx_word' id='word_1_717' title='bbox 1944 3525 2064 3552; x_wconf 64' lang='lat' dir='ltr'>intuitive</span> <span class='ocrx_word' id='word_1_718' title='bbox 2072 3526 2151 3550; x_wconf 67' lang='lat' dir='ltr'>videri</span> <span class='ocrx_word' id='word_1_719' title='bbox 2159 3525 2264 3550; x_wconf 72' lang='lat' dir='ltr'>aBeaess</span> <span class='ocrx_word' id='word_1_720' title='bbox 2274 3538 2280 3545; x_wconf 90' lang='lat'>·</span> <span class='ocrx_word' id='word_1_721' title='bbox 2291 3524 2356 3554; x_wconf 70' lang='lat' dir='ltr'>Qiae</span> 
     </span>
     <span class='ocr_line' id='line_1_106' title="bbox 1417 3549 2356 3586; baseline 0.005 -14"><span class='ocrx_word' id='word_1_722' title='bbox 1417 3551 1445 3579; x_wconf 79' lang='lat' dir='ltr'>ip</span> <span class='ocrx_word' id='word_1_723' title='bbox 1456 3556 1474 3572; x_wconf 71' lang='grc' dir='ltr'><em>κ</em></span> <span class='ocrx_word' id='word_1_724' title='bbox 1485 3549 1674 3576; x_wconf 72' lang='lat' dir='ltr'>exafflffimeac</span> <span class='ocrx_word' id='word_1_725' title='bbox 1695 3552 1890 3579; x_wconf 77' lang='lat' dir='ltr'>luculentiffime</span> <span class='ocrx_word' id='word_1_726' title='bbox 1907 3556 2050 3585; x_wconf 76' lang='lat' dir='ltr'>explicat&amp;</span> <span class='ocrx_word' id='word_1_727' title='bbox 2066 3556 2198 3586; x_wconf 71' lang='lat' dir='ltr'>declarat,</span> <span class='ocrx_word' id='word_1_728' title='bbox 2217 3556 2280 3581; x_wconf 84' lang='lat' dir='ltr'>nihil</span> <span class='ocrx_word' id='word_1_729' title='bbox 2290 3556 2356 3579; x_wconf 80' lang='lat' dir='ltr'>inta-</span> 
     </span>
     <span class='ocr_line' id='line_1_107' title="bbox 1419 3581 2358 3619; baseline 0.011 -13"><span class='ocrx_word' id='word_1_730' title='bbox 1419 3581 1490 3619; x_wconf 69' lang='lat' dir='ltr'>(tum</span> <span class='ocrx_word' id='word_1_731' title='bbox 1503 3582 1647 3614; x_wconf 84' lang='lat' dir='ltr'>relinquens</span> <span class='ocrx_word' id='word_1_732' title='bbox 1658 3599 1665 3611; x_wconf 91' lang='lat'>,</span> <span class='ocrx_word' id='word_1_733' title='bbox 1674 3584 1740 3613; x_wconf 84' lang='lat' dir='ltr'>quod</span> <span class='ocrx_word' id='word_1_734' title='bbox 1751 3586 1894 3611; x_wconf 78' lang='lat' dir='ltr'>conducere</span> <span class='ocrx_word' id='word_1_735' title='bbox 1903 3588 1985 3613; x_wconf 71' lang='lat' dir='ltr'>valeat</span> <span class='ocrx_word' id='word_1_736' title='bbox 1995 3589 2024 3613; x_wconf 87' lang='lat' dir='ltr'>ad</span> <span class='ocrx_word' id='word_1_737' title='bbox 2036 3590 2074 3613; x_wconf 89' lang='lat' dir='ltr'>rei</span> <span class='ocrx_word' id='word_1_738' title='bbox 2083 3590 2230 3614; x_wconf 73' lang='lat' dir='ltr'>dificillima:</span> <span class='ocrx_word' id='word_1_739' title='bbox 2246 3586 2358 3616; x_wconf 71' lang='lat' dir='ltr'>explica-</span> 
     </span>
     <span class='ocr_line' id='line_1_108' title="bbox 1420 3615 2357 3653; baseline 0.011 -15"><span class='ocrx_word' id='word_1_740' title='bbox 1420 3621 1518 3640; x_wconf 79' lang='lat' dir='ltr'>tionem</span> <span class='ocrx_word' id='word_1_741' title='bbox 1531 3631 1538 3638; x_wconf 84' lang='lat'><strong>.</strong></span> <span class='ocrx_word' id='word_1_742' title='bbox 1547 3617 1623 3648; x_wconf 80' lang='lat' dir='ltr'>Quod</span> <span class='ocrx_word' id='word_1_743' title='bbox 1633 3615 1663 3641; x_wconf 73' lang='lat' dir='ltr'>:ld</span> <span class='ocrx_word' id='word_1_744' title='bbox 1673 3624 1718 3641; x_wconf 81' lang='lat' dir='ltr'>nos</span> <span class='ocrx_word' id='word_1_745' title='bbox 1725 3617 1817 3652; x_wconf 78' lang='lat' dir='ltr'>attinet</span> <span class='ocrx_word' id='word_1_746' title='bbox 1827 3626 1948 3648; x_wconf 79' lang='lat' dir='ltr'>putamus</span> <span class='ocrx_word' id='word_1_747' title='bbox 1968 3621 2113 3646; x_wconf 75' lang='lat' dir='ltr'>Aureolum</span> <span class='ocrx_word' id='word_1_748' title='bbox 2132 3619 2357 3653; x_wconf 74' lang='lat' dir='ltr'>profun‹li¹li1ne..e</span> 
     </span>
     <span class='ocr_line' id='line_1_109' title="bbox 1420 3647 2356 3686; baseline 0.005 -15"><span class='ocrx_word' id='word_1_749' title='bbox 1420 3647 1605 3677; x_wconf 72' lang='lat' dir='ltr'>perscrutatum</span> <span class='ocrx_word' id='word_1_750' title='bbox 1621 3649 1862 3678; x_wconf 63' lang='lat' dir='ltr'>pra-sensquaelttum</span> <span class='ocrx_word' id='word_1_751' title='bbox 1874 3668 1880 3679; x_wconf 87' lang='lat'><strong><em>‚</em></strong></span> <span class='ocrx_word' id='word_1_752' title='bbox 1892 3659 1919 3676; x_wconf 85' lang='lat' dir='ltr'>ac</span> <span class='ocrx_word' id='word_1_753' title='bbox 1941 3653 2018 3686; x_wconf 82' lang='lat' dir='ltr'>digne</span> <span class='ocrx_word' id='word_1_754' title='bbox 2026 3652 2120 3679; x_wconf 81' lang='lat' dir='ltr'>senstsse</span> <span class='ocrx_word' id='word_1_755' title='bbox 2127 3662 2153 3679; x_wconf 74' lang='lat' dir='ltr'>nc</span> <span class='ocrx_word' id='word_1_756' title='bbox 2168 3652 2356 3684; x_wconf 63' lang='lat' dir='ltr'>scripstss&#39;ede.)</span> 
     </span>
     <span class='ocr_line' id='line_1_110' title="bbox 1423 3678 2360 3716; baseline 0.004 -12"><span class='ocrx_word' id='word_1_757' title='bbox 1423 3678 1475 3716; x_wconf 54' lang='lat' dir='ltr'>Dei</span> <span class='ocrx_word' id='word_1_758' title='bbox 1488 3679 1587 3705; x_wconf 76' lang='lat' dir='ltr'>summa</span> <span class='ocrx_word' id='word_1_759' title='bbox 1600 3681 1739 3710; x_wconf 63' lang='lat' dir='ltr'>Maiestate.</span> <span class='ocrx_word' id='word_1_760' title='bbox 1750 3681 1812 3706; x_wconf 66' lang='lat' dir='ltr'>illut!</span> <span class='ocrx_word' id='word_1_761' title='bbox 1821 3684 1939 3709; x_wconf 67' lang='lat' dir='ltr'>dolemus</span> <span class='ocrx_word' id='word_1_762' title='bbox 1948 3693 1976 3710; x_wconf 76' lang='lat' dir='ltr'>ac</span> <span class='ocrx_word' id='word_1_763' title='bbox 1988 3688 2113 3710; x_wconf 78' lang='lat' dir='ltr'>miramur</span> <span class='ocrx_word' id='word_1_764' title='bbox 2122 3691 2256 3713; x_wconf 79' lang='lat' dir='ltr'>neminem</span> <span class='ocrx_word' id='word_1_765' title='bbox 2266 3692 2299 3710; x_wconf 82' lang='lat' dir='ltr'>cx</span> <span class='ocrx_word' id='word_1_766' title='bbox 2309 3692 2323 3708; x_wconf 90' lang='lat' dir='ltr'>n</span> <span class='ocrx_word' id='word_1_767' title='bbox 2331 3693 2360 3709; x_wconf 82' lang='lat'>0·</span> 
     </span>
     <span class='ocr_line' id='line_1_111' title="bbox 1423 3712 2358 3749; baseline 0.012 -14"><span class='ocrx_word' id='word_1_768' title='bbox 1423 3712 1477 3736; x_wconf 77' lang='lat' dir='ltr'>ssus</span> <span class='ocrx_word' id='word_1_769' title='bbox 1485 3714 1552 3749; x_wconf 67' lang='lat' dir='ltr'>Seoti</span> <span class='ocrx_word' id='word_1_770' title='bbox 1562 3713 1721 3739; x_wconf 66' lang='lat' dir='ltr'>senatoribus</span> <span class='ocrx_word' id='word_1_771' title='bbox 1730 3715 1771 3738; x_wconf 85' lang='lat' dir='ltr'>seu</span> <span class='ocrx_word' id='word_1_772' title='bbox 1783 3716 1892 3745; x_wconf 80' lang='lat' dir='ltr'>antiquis</span> <span class='ocrx_word' id='word_1_773' title='bbox 1903 3717 1944 3741; x_wconf 84' lang='lat' dir='ltr'>seu</span> <span class='ocrx_word' id='word_1_774' title='bbox 1955 3718 2085 3743; x_wconf 79' lang='lat' dir='ltr'>modernis</span> <span class='ocrx_word' id='word_1_775' title='bbox 2101 3722 2244 3746; x_wconf 79' lang='lat' dir='ltr'>connixum</span> <span class='ocrx_word' id='word_1_776' title='bbox 2253 3718 2358 3745; x_wconf 75' lang='lat' dir='ltr'>obviam</span> 
     </span>
     <span class='ocr_line' id='line_1_112' title="bbox 1422 3744 2358 3780; baseline 0.01 -10"><span class='ocrx_word' id='word_1_777' title='bbox 1422 3745 1461 3770; x_wconf 81' lang='lat' dir='ltr'>ire</span> <span class='ocrx_word' id='word_1_778' title='bbox 1471 3744 1527 3768; x_wconf 80' lang='lat' dir='ltr'>huic</span> <span class='ocrx_word' id='word_1_779' title='bbox 1538 3746 1660 3778; x_wconf 71' lang='lat' dir='ltr'>Magistro</span> <span class='ocrx_word' id='word_1_780' title='bbox 1670 3761 1678 3773; x_wconf 90' lang='lat'><em>,</em></span> <span class='ocrx_word' id='word_1_781' title='bbox 1686 3753 1736 3776; x_wconf 81' lang='lat' dir='ltr'>quo</span> <span class='ocrx_word' id='word_1_782' title='bbox 1745 3753 1824 3773; x_wconf 86' lang='lat' dir='ltr'>nemo</span> <span class='ocrx_word' id='word_1_783' title='bbox 1835 3749 1985 3777; x_wconf 73' lang='lat' dir='ltr'>profundius</span> <span class='ocrx_word' id='word_1_784' title='bbox 1995 3767 2003 3780; x_wconf 86' lang='lat'><em>,</em></span> <span class='ocrx_word' id='word_1_785' title='bbox 2022 3757 2050 3775; x_wconf 81' lang='lat' dir='ltr'>ac</span> <span class='ocrx_word' id='word_1_786' title='bbox 2068 3751 2294 3778; x_wconf 73' lang='lat' dir='ltr'>subtiliusswtum</span> <span class='ocrx_word' id='word_1_787' title='bbox 2307 3753 2358 3775; x_wconf 82' lang='lat' dir='ltr'>im·</span> 
     </span>
     <span class='ocr_line' id='line_1_113' title="bbox 1424 3779 2360 3816; baseline 0.014 -16"><span class='ocrx_word' id='word_1_788' title='bbox 1424 3779 1564 3808; x_wconf 81' lang='lat' dir='ltr'>pugnavit.</span> <span class='ocrx_word' id='word_1_789' title='bbox 1576 3781 1712 3804; x_wconf 78' lang='lat' dir='ltr'>coeterum</span> <span class='ocrx_word' id='word_1_790' title='bbox 1721 3780 1868 3807; x_wconf 78' lang='lat' dir='ltr'>expendere</span> <span class='ocrx_word' id='word_1_791' title='bbox 1880 3788 1934 3809; x_wconf 72' lang='lat' dir='ltr'>quae</span> <span class='ocrx_word' id='word_1_792' title='bbox 1940 3790 2030 3808; x_wconf 83' lang='lat' dir='ltr'>contra</span> <span class='ocrx_word' id='word_1_793' title='bbox 2041 3784 2190 3816; x_wconf 79' lang='lat' dir='ltr'>Magistrum</span> <span class='ocrx_word' id='word_1_794' title='bbox 2201 3802 2208 3814; x_wconf 84' lang='lat'><em>,</em></span> <span class='ocrx_word' id='word_1_795' title='bbox 2227 3789 2360 3816; x_wconf 78' lang='lat' dir='ltr'>Scotum...-</span> 
     </span>
     <span class='ocr_line' id='line_1_114' title="bbox 1425 3811 2360 3852; baseline 0.013 -20"><span class='ocrx_word' id='word_1_796' title='bbox 1425 3816 1472 3833; x_wconf 72' lang='lat' dir='ltr'>exa</span> <span class='ocrx_word' id='word_1_797' title='bbox 1478 3811 1677 3847; x_wconf 61' lang='lat' dir='ltr'>geratAureolus</span> <span class='ocrx_word' id='word_1_798' title='bbox 1686 3812 1785 3843; x_wconf 77' lang='lat' dir='ltr'>integra</span> <span class='ocrx_word' id='word_1_799' title='bbox 1795 3819 1859 3842; x_wconf 73' lang='lat' dir='ltr'>opus</span> <span class='ocrx_word' id='word_1_800' title='bbox 1869 3813 1928 3839; x_wconf 75' lang='lat' dir='ltr'>elset</span> <span class='ocrx_word' id='word_1_801' title='bbox 1940 3814 2112 3845; x_wconf 76' lang='lat' dir='ltr'>disputatione</span> <span class='ocrx_word' id='word_1_802' title='bbox 2119 3818 2186 3847; x_wconf 82' lang='lat' dir='ltr'>quod</span> <span class='ocrx_word' id='word_1_803' title='bbox 2196 3825 2247 3843; x_wconf 89' lang='lat' dir='ltr'>non</span> <span class='ocrx_word' id='word_1_804' title='bbox 2259 3821 2360 3852; x_wconf 60' lang='lat' dir='ltr'>cogruit</span> 
     </span>
     <span class='ocr_line' id='line_1_115' title="bbox 1423 3844 1772 3872; baseline 0.009 -7"><span class='ocrx_word' id='word_1_805' title='bbox 1423 3844 1552 3872; x_wconf 71' lang='lat' dir='ltr'>propolim</span> <span class='ocrx_word' id='word_1_806' title='bbox 1561 3844 1772 3870; x_wconf 74' lang='lat' dir='ltr'>nostrornssituti.</span> 
     </span>
    </p>

    <p class='ocr_par' dir='ltr' id='par_1_20' title="bbox 2165 3885 2313 3933">
     <span class='ocr_line' id='line_1_116' title="bbox 2165 3885 2313 3933; baseline 0.007 -12"><span class='ocrx_word' id='word_1_807' title='bbox 2165 3885 2313 3933; x_wconf 73' lang='lat' dir='ltr'>Quffl-</span> 
     </span>
    </p>
   </div>
   <div class='ocr_carea' id='block_1_14' title="bbox 2449 470 2505 518">
    <p class='ocr_par' dir='ltr' id='par_1_21' title="bbox 2449 470 2505 518">
     <span class='ocr_line' id='line_1_117' title="bbox 2449 470 2505 518; baseline 0.036 -2"><span class='ocrx_word' id='word_1_808' title='bbox 2449 470 2505 518; x_wconf 70' lang='grc' dir='ltr'>(α)</span> 
     </span>
    </p>
   </div>
  </div>
 </body>
</html>
