2576 3991
708 150 870 200 Tamus
886 147 919 199 Ι
917 149 975 202 II.
984 153 1113 200 Part.
1127 150 1166 199 I.
1182 148 1377 227 Qaestt'o
1394 151 1544 201 XVII.
1553 154 1656 202 Art.
1671 155 1747 201 VJ.

208 231 308 266 Nam
325 236 434 274 ageris
450 221 758 272 perfeRiiiffeirca
774 219 866 256 idem
879 219 1012 265 passum
1029 221 1162 257 fortius

208 281 284 325 agit
299 307 309 323 ,
331 280 365 315 8(
381 274 547 324 impedit,
571 283 614 306 ne
628 282 711 316 agat
724 271 844 307 minus
859 270 1057 316 perfeetum
1074 296 1087 313 ,
1114 280 1158 307 ut

206 342 307 378 patet
317 329 361 366 de
373 330 454 374 igne
471 325 640 358 vincente
660 333 790 368 aquam
808 322 841 356 in
858 319 917 356 sua
947 324 1156 367 operatione

207 382 300 418 circa
319 380 409 416 idem
426 373 563 422 paffum
580 397 589 406 .
606 369 763 417 obieeta
775 382 896 406 autem
914 371 1156 416 intelligibilia

207 430 369 478 nestit-&u
385 421 636 463 intelleffionis
652 421 731 458 sui-it
743 420 859 457 caufae
871 421 1054 457 naturales
1066 420 1156 475 afli-

210 494 265 518 vae
279 509 287 523 ‚
312 481 344 515 ἃ
360 475 563 513 intellectus
581 472 772 514 similiter-3
793 483 880 519 ergo
894 472 1012 508 minus
1038 474 1154 518 perie-

211 535 308 572 &nm
323 527 553 574 intellegibile
572 523 742 571 praefeiite
768 522 885 568 magis
915 520 1074 570 perfecie
1101 521 1169 558 in-,

211 579 387 626 telligibili
401 606 411 621 ‚
426 591 467 615 ac
479 578 692 613 immutante
706 572 926 611 intellefiwm
940 598 952 614 ‚
965 582 1154 619 nunquam

210 629 432 671 intellefstum
462 627 506 665 ad
523 628 576 664 sui
597 626 844 672 cognitionem
875 633 1035 660 moveret
1049 650 1060 665 ,
1087 632 1154 661 nec

211 691 437 719 averteretur
453 678 653 716 intellec’ms
665 676 784 712 abillo
794 675 911 719 magis
923 673 1080 723 perfeeto
1092 698 1102 713 ‚
1116 673 1153 708 &

207 730 445 770 efficacillimo
458 729 673 774 intelligibili
687 740 697 764 ι
710 726 860 763 omnino
871 726 982 771 igitur
992 731 1156 772 oportet,

208 783 486 821 intellectionem
504 781 550 817 lic
568 779 632 818 sub
643 778 845 814 voluntatis
867 773 1044 822 potestate
1069 784 1157 811 con!

208 835 317 870 tineri·
334 863 340 867 .
367 843 408 868 ut
425 832 660 878 avertiqueat
673 826 909 865 consideratio
921 827 966 863 ab
981 837 1057 864 uno
1073 851 1086 869 ,
1115 826 1152 862 &

207 883 253 922 ad
266 883 540 920 alhidconverri
556 879 786 927 intelligibile
802 902 814 913 .
1051 926 1060 934 ·
1121 928 1129 936 .

307 934 407 984 Qia
451 946 537 970 vero
575 933 688 976 prima
726 928 931 967 intellectus
978 936 1157 973 cogitatio

206 997 347 1023 omnem
364 995 484 1020 actum
499 983 699 1020 voluntatis
710 978 881 1029 praecedit
897 1005 908 1021 ,
922 978 1062 1014 dicente
1073 978 1155 1014 Au-

205 1035 353 1083 gustino
368 1047 399 1073 π.
417 1036 461 1070 de
475 1036 537 1073 lib.
557 1034 678 1071 arbitr.
697 1045 777 1080 cap.
795 1040 850 1076 15.
865 1030 959 1067 Non
975 1030 1030 1065 ef?
1043 1031 1080 1065 in
1093 1037 1157 1077 po-

205 1086 337 1129 testate
348 1084 465 1122 noma
476 1088 563 1133 quin
578 1084 663 1131 visis·
674 1093 869 1132 tangamur
888 1106 898 1116 .
922 1083 1027 1118 Hanc
1053 1091 1154 1116 nou-2

205 1137 334 1173 cadere
348 1136 415 1172 sub
426 1137 616 1184 imperium
630 1133 830 1172 voluntatis
844 1130 1072 1168 manifestum
1085 1128 1154 1170 est;

204 1188 410 1235 Sequente-s
438 1198 525 1231 ergo
536 1186 778 1235 cogitationes
795 1181 875 1229 sunt
890 1183 925 1219 in
955 1181 1155 1230 potestate-³

202 1237 324 1275 nostra
344 1265 352 1277 ‚
376 1249 557 1285 quatenus
573 1238 782 1273 intellectus
797 1232 889 1270 stans
903 1235 938 1271 in
967 1232 1154 1291 perfecta,

203 1287 492 1325 consideratione
519 1288 629 1325 unius
654 1284 897 1331 intelligibilis
911 1311 923 1328 ,
950 1285 985 1320 &
1010 1293 1154 1319 interim

203 1339 413 1387 imperfecte
424 1337 489 1376 fibi
501 1338 760 1386 apparentibus
778 1336 853 1372 aliis
866 1334 1023 1382 objectis
1039 1335 1086 1371 ab
1112 1334 1155 1369 il-

204 1388 242 1425 lo
253 1414 265 1431 ‚
288 1389 458 1425 voluntas
471 1391 566 1426 valet
582 1399 746 1425 avertere
759 1383 875 1434 ipsum
893 1388 938 1422 ab
953 1384 1156 1422 considera-

206 1438 306 1475 tione
318 1437 458 1486 objecti
474 1441 631 1488 perfecte
642 1440 664 1476 li
673 1442 705 1477 bi
720 1437 878 1483 cogniti,
889 1437 923 1474 &
941 1446 1156 1473 convertere

203 1487 250 1524 ad
265 1502 306 1525 ea
322 1517 334 1533 ‚
357 1501 435 1538 quae
448 1502 518 1526 non
530 1491 681 1539 perinde
700 1491 760 1526 libi
774 1486 959 1536 perspecta
982 1485 1062 1523 sunt
1076 1513 1090 1529 ‚
1117 1487 1155 1523 &

202 1537 331 1586 jubere
344 1566 354 1580 ‚
377 1551 418 1575 ut
436 1544 614 1579 attentius
631 1542 691 1577 illa
719 1538 1003 1581 considerando,
1027 1549 1156 1575 eorum

202 1588 446 1632 consequatur
465 1590 655 1633 perfectam
672 1590 919 1632 cognitionem
937 1613 951 1626 .

306 1635 367 1672 Ad
379 1647 604 1680 argumenta.
625 1637 683 1674 Ad
702 1637 858 1684 primum
876 1636 1159 1683 respondeo,vo.

204 1685 366 1721 litionem
398 1688 617 1733 praeexigere
644 1687 891 1732 cognitionem
916 1697 1044 1723 natura
1057 1689 1156 1734 prio.

207 1747 278 1770 rem
294 1762 302 1769 .
320 1735 380 1771 Ad
395 1735 464 1770 hoc
475 1746 594 1772 autem
608 1747 648 1770 ut
659 1736 771 1769 volun
787 1744 843 1769 tas
852 1745 1039 1772 convertat
1051 1739 1159 1775 intel-

207 1785 336 1822 lectum
350 1784 392 1819 ad
408 1785 556 1832 aliquod
568 1783 757 1832 objectum
771 1806 781 1821 ‚
804 1781 887 1818 satis
903 1784 971 1820 effe
986 1810 998 1824 ‚
1026 1797 1067 1819 ut
1092 1790 1158 1821 ali-

157 1866 161 1868 .
205 1847 277 1882 qua
291 1836 427 1871 ratione
441 1837 679 1883 quantumuis
691 1835 902 1882 imperfecta
918 1833 959 1868 lit
977 1833 1156 1868 voluntati

205 1884 479 1930 praesentarum:
497 1899 543 1922 ex
555 1899 600 1923 eo
614 1887 706 1922 enim
721 1883 834 1930 potest
849 1884 913 1919 sibi
930 1883 1156 1930 complacere

206 1937 241 1971 in
258 1938 318 1971 aiio
337 1963 348 1978 ,
373 1936 405 1971 8<
422 1938 610 1982 praecipere
623 1936 823 1973 intellectui
837 1946 877 1972 ut
889 1933 1048 1972 attendat
1071 1946 1157 1973 exa-

205 1990 301 2024 ctius
319 1988 412 2022 iilius
427 1987 699 2024 confidcrationi
716 2015 723 2024 .

307 2037 364 2074 Aa
384 2035 575 2074 secundum
591 2039 745 2075 dicimus
760 2064 770 2080 ‚
799 2039 958 2089 Qoties
971 2037 1076 2074 causa
1089 2036 1148 2074 su-

204 2088 322 2136 perior
335 2100 405 2125 non
421 2088 468 2125 est
483 2089 691 2136 simpliciter
704 2088 893 2125 necessaria
909 2114 921 2133 ‚
944 2087 1000 2126 fed
1015 2089 1158 2125 contin·

203 2149 328 2184 genter
340 2142 521 2176 concurrit
537 2152 619 2177 cum
635 2140 797 2178 inferiori
808 2139 853 2176 lic
868 2168 877 2183 ‚
892 2152 931 2177 ut
944 2139 1093 2177 effeetus
1106 2139 1159 2176 in-

206 2188 341 2224 ferioris
354 2190 467 2226 causae
481 2190 547 2226 else
566 2203 675 2240 queat
687 2192 757 2228 line
777 2192 920 2229 influxu
947 2190 1161 2240 superioris,

204 2252 276 2276 non
290 2239 339 2275 est
358 2240 618 2278 inconveniens
634 2246 669 2278 in
688 2243 747 2279 liis
761 2241 829 2279 effe
843 2242 1024 2291 quendam
1039 2242 1160 2278 circu-

203 2291 276 2327 lum
291 2315 301 2327 .
317 2293 359 2328 Et
377 2293 427 2327 ita
441 2291 544 2329 estin
562 2291 644 2330 casu
664 2307 676 2334 ;
703 2306 786 2330 nam
805 2295 976 2331 voluntas
1005 2305 1076 2330 non
1105 2291 1158 2328 est

203 2338 309 2376 causa
322 2343 511 2380 necessaria
524 2344 779 2382 intelleeiionis
794 2372 806 2387 ‚
823 2356 906 2381 cum
919 2356 999 2382 ante
1011 2355 1159 2381 omnem

205 2391 323 2428 :ustum
342 2395 541 2431 voluntatis
557 2395 626 2432 esse
651 2395 751 2444 poslit
783 2395 982 2432 intellefikio
1009 2408 1021 2431 :-
1045 2405 1160 2442 quare

203 2445 339 2488 optime
353 2444 416 2480 stat
430 2473 441 2487 ,
464 2445 542 2494 post
555 2449 707 2494 primam
731 2446 1015 2483 iniciieetionem
1043 2445 1160 2492 perfe-

203 2493 296 2530 eiam
310 2521 322 2536 ‚
338 2496 368 2531 Β(
387 2498 472 2533 alias
486 2497 739 2546 imperfectas,
762 2498 992 2535 voluntatem
1008 2499 1163 2544 impeta·

206 2556 242 2580 re
256 2546 452 2583 tutemet-”tui
469 2575 479 2590 ,
505 2559 545 2583 ut
564 2548 700 2596 satagat
715 2548 907 2597 perlefi’tius
925 2547 1163 2597 cognoscere,

206 2607 286 2642 quae
303 2597 402 2643 prius
419 2599 620 2645 attingebat
635 2598 841 2648 imperfcae
858 2625 868 2635 .

301 2645 361 2684 Ad
391 2649 539 2683 tertium
573 2650 771 2696 respondeo
784 2677 796 2692 ,
825 2650 888 2685 etsi
917 2651 1088 2687 memori-i
1119 2648 1161 2685 sit

206 2690 382 2730 sufficiens
396 2697 500 2733 causa
514 2699 769 2736 intellefflonis
782 2710 961 2746 quantum
975 2701 1019 2736 ad
1046 2698 1162 2747 perfe-

204 2744 362 2781 aionem
378 2769 392 2790 ‚
422 2760 533 2794 quam
549 2750 680 2786 exinde
704 2749 820 2798 potest
849 2752 1040 2797 accipere,
1066 2749 1162 2787 nihi-

205 2795 361 2831 lominus
374 2808 611 2836 concurrente
626 2812 710 2837 cum
726 2801 851 2836 eadem
863 2802 1032 2837 memoria
1050 2802 1159 2837 etiam

205 2846 396 2883 voluntate
409 2874 423 2891 ,
456 2862 497 2885 ut
512 2850 802 2898 causasuperiori
816 2878 826 2893 ,
844 2863 927 2887 nata
944 2849 1081 2898 estipsa
1102 2853 1158 2887 in-

201 2897 364 2933 tenet—ilo
389 2899 473 2936 elici
497 2901 669 2937 intensior
689 2928 698 2942 ,
726 2901 917 2950 perseRior
933 2928 946 2944 ‚
976 2903 1010 2940 8<
1038 2902 1161 2949 limpi-

203 2947 282 2984 dior
299 2974 312 2990 ,
336 2950 644 2996 quemadmodum
661 2963 678 2987 e
693 2951 870 2988 converso
882 2963 1071 2989 avertente
1096 2967 1163 2990 vo·

205 2999 344 3034 inmate
356 3001 682 3038 considerationem
713 3001 868 3049 alicujus
899 3001 1037 3049 objefti
1057 3029 1067 3044 ‚
1097 3006 1160 3041 illa

204 3047 403 3084 intellectio
415 3053 541 3088 evadit
559 3052 728 3089 remissior
745 3079 758 3095 ‚
789 3065 828 3088 ac
846 3052 966 3101 seipsa
993 3054 1161 3100 imperfe-

205 3098 324 3139 ΕΗΟΓΞ
350 3099 458 3147 idque
470 3114 617 3151 propter
632 3102 796 3139 ordinem
829 3103 959 3139 harum
982 3108 1161 3150 potentia-

203 3159 286 3185 !Um
306 3176 316 3191 ²
345 3161 483 3198 exquo
509 3153 578 3197 fit,
601 3164 642 3191 ut
663 3151 697 3190 se
720 3164 851 3191 mutuo
873 3154 1047 3191 adiuvent
1062 3181 1074 3198 ,
1101 3158 1159 3193 vel

204 3198 404 3248 impediant
419 3227 430 3237 .

348 3300 868 3344 ARTlCULUS
920 3304 1011 3342 Vll.

248 3399 383 3438 Utrum
400 3403 505 3442 astus
521 3403 678 3442 senlitivi
696 3405 877 3454 appetitus
893 3405 1092 3455 imperetur
1109 3432 1120 3443 .
1136 3430 1145 3464 ,ι

257 3499 401 3538 Dor-zor.
417 3503 510 3542 Prot.
529 3518 564 3555 q.
575 3516 612 3552 4.
626 3514 699 3542 art.
719 3518 750 3542 1.
765 3517 801 3553 3.
813 3505 851 3542 d.
871 3517 930 3554 33.
947 3518 983 3543 2.
999 3506 1034 3542 d.
1046 3518 1110 3554 4²·

308 3562 343 3598 q.
358 3564 394 3599 4.
410 3561 448 3596 s.
470 3555 532 3596 Ad
545 3555 674 3605 quast.
688 3557 830 3593 tertiam
846 3557 888 3594 S.
909 3557 1058 3595 Thomas

507 3617 536 3642 i.
552 3618 588 3643 2.
607 3619 642 3655 q.
665 3617 723 3655 ¹7·
748 3616 817 3644 art.
838 3617 873 3655 7.

212 3701 305 3788 V
327 3699 448 3763 Idetur
461 3705 564 3743 ae‘tus
580 3710 766 3768 appetitus
780 3707 936 3745 senlitivi
966 3707 1065 3767 haud
1084 3695 1168 3756 '‘im-

336 3762 448 3797 pz'rari
465 3781 475 3790 .
494 3759 592 3794 Nam
606 3770 653 3793 ex
670 3760 869 3797 Aristotele
894 3758 1166 3806 i.Poltt.cap.3.

216 3803 282 3838 Ru
297 3801 546 3890 iOYtffomiIiBtur
570 3809 745 3856 appetitui
759 3809 934 3860 „infcriori
959 3810 1167 3859 principatu

358 3864 422 3887 om,
489 3881 498 3890 ι

1236 221 1409 266 politico,
1427 220 1539 256 civili
1564 221 1699 258 scilicet
1727 247 1738 263 ‚
1758 220 1889 259 adeout
1913 227 2094 270 appetitus
2124 225 2182 260 ille

1233 268 1334 318 possit
1347 281 1473 306 contra
1490 273 1668 308 moveri&
1688 271 1843 308 resistere
1860 274 2011 320 imperio
2029 276 2178 310 rationis

1232 320 1473 368 praecipientis
1504 333 1517 361 3
1551 321 1758 358 dominatur
1785 333 1868 357 vero
1898 328 2068 370 potentiae
2096 326 2177 359 loco

1234 370 1380 407 motivae
1403 371 1608 417 principatu
1635 371 1838 419 disporieo,
1865 384 1904 408 ut
1931 377 2078 411 Domini
2104 374 2177 410 ser-

1230 421 1288 457 vis
1304 445 1316 461 ‚
1340 421 1477 467 quibus
1490 433 1562 457 non
1583 423 1664 459 licet
1691 424 1889 471 quicquam
1918 436 2022 470 agere
2048 437 2174 461 contra

1228 469 1479 519 praesc-riptum
1497 472 1640 509 illorum
1659 486 1670 514 3
1697 487 1786 520 ergo
1816 472 1967 509 sensitivi
1989 476 2173 522 appetitus

1228 519 1331 557 astus
1355 533 1426 558 non
1452 522 1675 569 imperantur
1701 525 1747 560 fic
1777 551 1788 566 ‚
1821 535 1858 560 ut
1881 524 1982 559 aliter
2009 525 2087 561 sieri
2111 539 2171 562 ne-

1226 582 1388 618 queant,
1411 583 1521 619 quam
1538 571 1734 610 seeundum
1751 575 1938 621 imperium
1962 599 1972 610 .

1331 623 1502 660 Fraeterea
1520 648 1532 664 ,
1557 623 1709 661 Statius
1727 624 1879 662 senlitivi
1895 627 2078 671 appetitus
2109 627 2172 661 im·

1225 684 1398 721 petantur
1415 686 1428 714 ‚-
1451 674 1563 718 igitur
1578 676 1638 710 tali
1654 676 1689 712 in
1703 676 1787 713 astu
1805 675 1916 724 posset
1931 678 2074 724 reperiri
2090 688 2168 724 pec-

1225 734 1368 761 catum.
1388 725 1470 759 Hoc
1484 735 1605 761 autem
1619 726 1668 761 est
1685 729 1789 775 plane
1816 725 1941 762 falsum
1961 753 1972 768 ‚
1994 728 2080 773 quia
2110 738 2171 772 per

1225 774 1316 811 illud
1331 801 1345 818 ,
1370 774 1470 821 quod
1487 773 1536 810 est
1553 787 1748 815 commune
1761 779 1865 815 nobis
1882 778 1917 814 8:
1933 778 2049 814 brutis
2064 804 2075 821 ,
2100 789 2172 813 non

1224 825 1313 861 inest
1329 825 1468 861 homini
1481 836 1668 874 peccatum
1686 853 1696 864 .

1324 877 1465 913 Contra
1479 904 1489 918 ,
1509 877 1738 923 Augustinus
1758 889 1812 916 iz.
1828 878 1871 915 de
1883 879 2169 925 Trinit.cap.12-

1228 923 1328 963 Talis
1341 929 1482 963 nuncin
1497 940 1564 964 uno
1576 928 1712 966 homine
1727 933 1931 966 tentatt‘onit
1941 931 1997 965 eft
2017 929 2100 966 ordo
2126 929 2170 972 ἀπ’

1215 976 1401 1026 progreffio
1417 1004 1426 1018 ‚
1454 977 1569 1023 qualit
1592 987 1676 1015 tunc
1689 983 1726 1016 in
1737 984 1860 1028 prtmis
1868 979 2036 1028 praeceffit
2043 990 2173 1028 paren-

1222 1028 1322 1065 tibus
1340 1053 1349 1062 .
1367 1028 1418 1063 vt
1429 1029 1523 1063 enirn
1537 1038 1627 1065 tunc
1645 1029 1793 1076 serpent
1815 1032 1946 1068 malum
1960 1030 2073 1078 suasit
2095 1041 2174 1067 mu-

1220 1078 1331 1120 lieri,
1355 1077 1500 1125 ipfizque
1525 1077 1687 1127 consensit
1706 1082 1835 1118 deinde
1865 1083 1946 1117 viro
1966 1081 2034 1127 fico
2056 1082 2171 1123 dedit,

1213 1127 1334 1176 sicque
1345 1128 1620 1180 consummatum
1637 1131 1692 1167 ef?
1705 1142 1885 1176 peccatum
1911 1145 1921 1168 ε
1947 1131 2055 1171 ita&
2079 1144 2173 1168 nunc

1220 1181 1258 1216 in
1267 1178 1368 1217 nobis
1379 1188 1444 1228 pro
1457 1178 1630 1225 serpente
1642 1182 1698 1218 efl
1709 1181 1885 1230 sensualis
1906 1192 2019 1221 motu-t
2031 1186 2174 1225 animae,

1217 1239 1280 1276 pro
1291 1230 1437 1266 muliere
1450 1229 1604 1276 inferior
1611 1236 1726 1279 portio
1740 1235 1887 1269 racionis
1905 1259 1915 1274 ,
1934 1241 1999 1280 pro
2013 1236 2091 1269 viro
2100 1232 2172 1278 su-

1210 1281 1334 1328 perior
1345 1285 1492 1319 ratiom's
1497 1282 1617 1330 portio
1633 1309 1642 1319 .
1657 1286 1753 1321 Cum
1772 1295 1858 1329 ergo
1887 1284 1998 1320 hoino
2027 1283 2175 1321 conseri·

1219 1331 1289 1368 tire
1316 1344 1425 1378 queat
1452 1334 1487 1370 8<
1515 1332 1687 1380 refragari
1721 1337 1837 1371 motui
1863 1333 2012 1371 sensuali
2029 1336 2171 1375 animae5

1219 1382 1340 1429 potest
1352 1384 1448 1420 enim
1462 1395 1611 1432 peccare
1639 1386 1674 1422 3<
1706 1397 1776 1421 non
1804 1396 1976 1433 peccare,
2011 1385 2174 1433 profesto

1219 1432 1321 1470 aetus
1338 1433 1694 1484 sensitiviappetitus
1720 1435 1802 1483 eius
1828 1435 2032 1474 subduntur
2057 1438 2172 1486 impe·

1221 1485 1277 1521 rio
1292 1510 1304 1527 ,
1323 1486 1358 1522 &
1377 1487 1573 1532 potestati.

1322 1536 1540 1585 Respoiideo
1553 1537 1749 1576 dicendum
1766 1565 1777 1582 ‚
1803 1539 1922 1576 Astus
1939 1538 2091 1576 sensitivi
2110 1550 2172 1587 ap-

1220 1586 1358 1634 petitus
1370 1589 1497 1625 cadere
1511 1588 1775 1635 subimperium
1798 1592 2002 1627 voluntatis
2020 1617 2031 1632 ‚
2054 1589 2172 1625 domi-

1220 1639 1340 1672 nantis
1356 1649 1482 1674 eorum
1496 1640 1647 1688 politice
1658 1652 1728 1676 non
1754 1641 1929 1688 dispotice
1955 1653 1995 1676 ut
2022 1643 2171 1687 imper-at

1222 1688 1489 1733 poteiitiaeloco
1502 1690 1647 1725 niotivae
1676 1714 1686 1723 .
1718 1691 1924 1728 Declaratio
1955 1703 1967 1723 ι
1989 1691 2172 1727 Voluntas

1221 1736 1399 1783 appetitui
1414 1736 1611 1784 conjunffla
1624 1737 1885 1775 senlitivonata
1910 1739 1960 1775 est
1992 1739 2055 1776 fibi
2084 1753 2171 1776 con-

1221 1785 1388 1823 detestari
1415 1815 1427 1829 ‚
1464 1789 1774 1835 quemadmodum
1810 1789 2017 1827 intellectus
2056 1789 2175 1828 sensui

1224 1833 1351 1867 unitus
1363 1858 1373 1872 ,
1401 1846 1508 1870 natus
1521 1836 1575 1871 est
1587 1835 1762 1871 sensibilia
1776 1840 1969 1885 intelligere
1985 1866 1994 1876 .
2009 1840 2087 1886 Ipsa
2107 1843 2175 1878 ita·

1223 1891 1297 1928 que
1311 1882 1481 1921 voluntas
1493 1896 1565 1921 non
1576 1883 1727 1933 sequens
1751 1890 1914 1933 regulam
1943 1891 2094 1927 rationiS
2123 1904 2177 1928 re-

1222 1931 1306 1977 aa,
1317 1931 1377 1968 sed
1390 1938 1505 1985 magis
1515 1931 1675 1972 senlitivi
1688 1940 1873 1988 appetitus
1884 1941 2176 1987 inclinationem,

1223 1985 1362 2032 appetit
1376 1985 1410 2023 8<
1424 1987 1697 2025 condeieeiatur
1707 1988 1751 2026 de
1760 1988 1918 2037 objeffis
1934 1989 2101 2029 senfitivo
2115 2006 2181 2041 ap-

1222 2035 1357 2084 pet-itui
1373 2039 1679 2076 convenientibus
1697 2052 1710 2081 3
1735 2053 1783 2079 ex
1798 2054 1877 2090 quo
1892 2042 1931 2078 fit
1951 2053 1990 2079 ut
2007 2045 2042 2079 in
2060 2042 2181 2080 homi·

1224 2087 1332 2124 nibus
1356 2100 1427 2138 pro
1445 2091 1745 2139 complexionum
1767 2093 1976 2131 diverlitate
1999 2095 2039 2131 sit
2065 2096 2183 2132 domi-

1225 2137 1326 2174 nium
1367 2142 1590 2188 appetituum
1620 2141 1870 2182 sensitivorum
1894 2172 1911 2189 ,
1950 2144 2183 2186 secunduma

1223 2188 1328 2235 quod
1369 2191 1648 2241 praedominium
1690 2197 1861 2234 voluntas
1895 2199 2050 2235 maxime
2079 2197 2181 2234 incli-

1223 2250 1330 2277 natur
1364 2241 1409 2278 ad
1446 2244 1569 2280 actum
1611 2243 1696 2293 ejus
1723 2260 1733 2284 ι
1773 2258 1815 2284 ac
1859 2259 2054 2296 propterea
2095 2248 2181 2295 qui-

1225 2289 1306 2327 dam
1326 2291 1516 2341 sequentes
1529 2297 1678 2343 primam
1695 2298 1970 2335 inclinationem
1984 2300 2054 2336 sine
2072 2310 2181 2346 regu<-

1224 2341 1256 2377 la
1269 2340 1421 2388 justitiae
1433 2346 1551 2393 primo
1568 2348 1783 2385 inclinantur
1796 2349 2034 2386 adluxuriam
2055 2364 2067 2392 ;
2093 2351 2179 2396 qui-

1224 2392 1309 2430 dam
1336 2397 1456 2443 primo
1477 2396 1523 2432 ad
1549 2396 1753 2447 superbiam
1773 2427 1784 2442 ,
1817 2401 1851 2436 8<
1877 2400 1923 2436 {ic
1950 2402 1997 2437 de
2024 2404 2179 2436 caetei‘is.

1223 2441 1426 2492 Appetitus
1441 2460 1533 2496 ergo.
1547 2447 1736 2486 senlitiviis
1772 2463 1845 2488 non
1865 2450 2029 2487 subditur
2051 2453 2182 2486 volun·

1223 2496 1307 2533 tatis
1321 2499 1474 2545 imperio
1497 2499 1532 2538 35
1560 2500 1726 2548 potestati
1753 2501 1930 2547 di-spotice
1971 2502 2182 2550 praecipien-

1223 2548 1294 2588 tis;
1318 2550 1415 2587 Nam
1428 2547 1564 2598 semper
1583 2551 1648 2587 stat
1661 2563 1788 2587 natura
1805 2551 1961 2588 senlitivi
1988 2554 2178 2600 appetitus

1225 2599 1261 2635 iri
1274 2597 1377 2636 suum
1390 2602 1614 2638 conveniens
1627 2604 1661 2638 8<
1675 2602 1883 2639 deieeiabiie
1896 2603 2181 2651 tendens‚quan·

1225 2652 1363 2687 tumvis
1380 2652 1552 2689 voluntas
1568 2653 1605 2688 in
1625 2655 1848 2691 contrarium
1882 2656 2019 2689 nitatur
2049 2681 2056 2689 .
2087 2657 2129 2691 Et
2156 2653 2180 2690 fi

1222 2702 1414 2748 coi-‚tingat
1427 2705 1626 2740 naturalem
1644 2705 1913 2742 inclinationem
1932 2705 2076 2741 vincere
2104 2731 2113 2746 ,
2142 2703 2181 2739 id

1226 2753 1316 2787 citra
1328 2752 1580 2791 difficultatem
1600 2766 1670 2790 non
1699 2757 1789 2797 erit,
1816 2767 1881 2792 nec
1910 2756 1980 2791 sine
2009 2755 2182 2792 tristitia-o

1225 2803 1398 2851 potentiae
1429 2804 1639 2847 inferioriS‚
1661 2805 1793 2842 avuisae
1816 2807 1917 2855 quasi
1947 2818 2008 2853 per
2034 2809 2107 2842 vim
2134 2818 2181 2845 aa

1225 2855 1376 2901 proprio
1390 2854 1646 2894 delectabili&
1673 2855 1927 2896 constitutioni
1954 2859 2182 2907 complexio-

1226 2905 1281 2940 nis
1298 2905 1368 2941 suae
1383 2908 1620 2944 conveniente
1636 2933 1646 2944 .

1327 2955 1576 2995 Veruntamen
1589 2958 1690 2994 astus
1703 2958 1862 2996 senlitivi·
1890 2959 2074 3007 appetitus
2101 2961 2185 2998 sub-

1225 3005 1530 3054 dunturimperio
1553 3010 1751 3047 voluntatis
1785 3011 1956 3058 politice;
1981 3022 2020 3046 ut
2053 3013 2183 3049 enim-³

1227 3058 1398 3107 Princeps
1415 3060 1506 3104 regit
1539 3058 1701 3096 subditos
1718 3087 1728 3102 ‚
1763 3073 1924 3110 quorum
1949 3060 2042 3109 juste
2067 3063 2182 3099 domi-

1228 3118 1359 3151 natur,
1389 3110 1438 3145 ita
1458 3110 1629 3146 voluntas
1648 3110 1680 3146 in
1701 3109 1813 3158 regno
1827 3113 1957 3149 animae
1981 3124 2020 3148 ut
2043 3115 2183 3161 Regina

1226 3158 1319 3206 gerit
1334 3161 1492 3207 regimen
1506 3161 1654 3197 aetnam
1685 3160 1841 3199 senlitivi
1875 3164 2056 3211 appetitus
2085 3164 2181 3212 ipsos

1227 3208 1450 3246 moderando
1477 3238 1488 3254 ‚
1518 3223 1560 3247 ac
1585 3212 1619 3248 in
1645 3211 1807 3249 deditum
1841 3211 1949 3249 finem
1972 3213 2180 3259 dirigendo.

1226 3260 1429 3308 thuidem
1462 3262 1613 3306 intelligi
1644 3263 1756 3308 potest
1778 3263 1993 3310 dupliciter,
2023 3266 2179 3302 rationa-

1226 3311 1298 3346 lem
1316 3312 1516 3359 appetitum
1532 3311 1705 3359 pastiones
1725 3315 1898 3353 moderari
1915 3341 1924 3350 .
1942 3318 2039 3352 Nam
2053 3327 2114 3351 aut
2128 3328 2182 3352 at.

1226 3360 1341 3397 tendit
1356 3361 1591 3399 moderamini
1608 3362 1807 3411 pastionum
1820 3364 2106 3408 inexisteniium,
2119 3377 2180 3402 aut

1225 3410 1436 3448 futurarum
1455 3439 1464 3449 .
1486 3414 1647 3449 Primum
1671 3415 1779 3449 etiam
1808 3415 2004 3462 dupliciter
2032 3419 2178 3453 evenire

1227 3462 1477 3510 potestzUno
1489 3463 1599 3500 modo
1628 3464 1827 3501 minuendo
1852 3465 2068 3508 vallionem,
2096 3476 2179 3513 quw

1229 3522 1313 3549 nata
1323 3512 1374 3549 est
1384 3511 1519 3550 sieriab
1532 3512 1683 3559 objeeto
1699 3514 1940 3553 secunduml'e
1957 3545 1967 3559 ‚
1999 3529 2041 3552 ne
2060 3517 2094 3551 sii
2111 3519 2183 3551 im·

1227 3562 1437 3605 moderata,
1462 3563 1718 3610 utiobjeftum
1731 3577 1853 3602 natum
1882 3567 1967 3603 effe:
1998 3567 2180 3602 oblectare

1229 3614 1429 3660 potentiam
1443 3613 1642 3651 sensitivam
1659 3616 1944 3654 sibidereiiaam
1970 3630 1980 3652 ε
2007 3629 2070 3653 aut
2091 3617 2182 3653 refe·

1231 3662 1344 3698 tendo
1357 3662 1631 3701 detestationem
1643 3667 1741 3703 iilam
1757 3669 1791 3703 in
1805 3667 1912 3704 finem
1931 3668 2059 3704 rationi
2076 3667 2180 3703 reete

1232 3713 1510 3750 convenientem
1526 3741 1538 3756 ‚
1568 3716 1609 3751 :id
1625 3728 1733 3764 quem
1753 3717 1862 3754 finem
1877 3731 1947 3755 non
1967 3719 2119 3754 refertur
2133 3729 2179 3755 ex

1233 3762 1394 3797 absoluta
1409 3766 1548 3802 ratione
1563 3766 1700 3811 objeffl
1715 3766 1871 3804 senlitivi
1885 3771 2070 3817 appetitus
2089 3793 2100 3802 .
2116 3772 2184 3804 Fu-

1233 3822 1370 3862 [ιιι-3η]ι
1387 3815 1518 3860 pariter
1544 3818 1723 3854 moderari
1748 3817 1843 3866 posse
1870 3820 2067 3868 dupliciter
2089 3845 2101 3860 ,
2128 3820 2185 3854 vel

1418 3866 1454 3901 N
1485 3875 1506 3900 2
2024 3869 2138 3904 decli·

2210 306 2240 329 2.
2256 302 2285 330 d.
2306 312 2357 339 42.
2377 317 2407 345 q.

2209 349 2281 375 ψη.
2297 345 2342 370 ισ.

2206 579 2261 624 Ubi
2273 578 2352 616 supra
2375 590 2405 617 q.

2210 625 2220 649 3
2232 639 2237 644 .
2249 627 2278 645 m
2292 628 2403 657 argum.

2202 656 2323 694 pri-'mip-

2209 844 2318 879 Magi'st.
2338 847 2405 875 §tn-

2208 891 2279 911 teut-
2304 885 2320 913 d
2357 895 2405 913 tw

2206 922 2309 950 Caute
2337 925 2407 953 Iliun*

2206 969 2330 999 quoque.

2209 1555 2316 1589 ’nd-29·
2331 1563 2354 1590 ⁶.
2368 1561 2417 1589 Po.

2208 1594 2372 1628 eestAEd-&d
2386 1606 2417 1631 6.

2208 1642 2270 1670 ‘il-²¹·
2283 1638 2306 1667 §-
2320 1638 2416 1671 Restat

2207 1681 2292 1702 nunc·
2312 1679 2347 1703 V.

2209 1711 2300 1746 Quian
2306 1724 2397 1747 rung,

2207 1748 2302 1786 igitur
2314 1770 2324 1781 .

2216 2999 2283 3039 Qia
2305 3002 2416 3030 rarione

2217 3043 2290 3068 aetus
2311 3039 2415 3069 senfiti'-

2216 3079 2244 3105 vi
2269 3080 2412 3115 appetitu:

2217 3118 2390 3154 imperen:iir
2405 3137 2415 3152 ,

2215 3164 2247 3183 ac
2262 3164 2301 3181 vo
2311 3154 2406 3187 lunt-is

2217 3203 2316 3221 eorum
2326 3196 2416 3230 bomi-

2214 3241 2311 3261 uetur.
