2628 4026
146 543 210 570 Hoc
252 533 341 564 verbo

149 575 313 610 fignificatur

148 618 215 645 hanc
248 609 346 640 descri-

149 656 272 693 ptionem
287 657 344 676 non

148 691 255 720 differre
312 685 344 713 ab

147 740 179 758 ea
199 735 252 766 qua
275 724 346 754 dici-

148 778 194 797 tur
207 768 252 792 lex
265 771 346 791 ,ωεν-

150 817 186 834 na
195 804 345 839 estsummn

152 842 223 873 ratio
237 844 297 870 ΨΥ.

153 1377 260 1407 Mensis
282 1397 292 1412 ,
322 1387 348 1417 q.

155 1416 205 1445 cit.
216 1427 253 1444 m.
266 1427 295 1454 4.

177 3396 279 3421 [πάντ.
302 3405 327 3422 .;.
341 3404 370 3430 q.

179 3442 219 3459 ιο.
234 3442 307 3469 tesia
323 3434 369 3460 in-

171 3470 219 3496 bcz
256 3489 265 3502 ‚
299 3481 371 3498 circa

174 3508 285 3538 invicti<
297 3519 371 3544 qux·

179 3545 255 3572 situm
275 3549 371 3574 eadem

177 3584 277 3611 docere
345 3586 371 3613 S.

175 3622 319 3649 'simmam
346 3624 373 3650 &

171 3660 283 3686 Scotum
296 3678 306 3693 ‚
320 3669 374 3698 qua

175 3707 274 3735 nempe
286 3707 375 3727 ratio—

175 3745 206 3763 ne
229 3736 376 3775 cognosca-

465 125 563 170 340

379 181 522 216 tandem
547 176 595 212 est
611 176 828 223 principium
853 174 988 210 ordinis
1014 173 1121 220 ipfius
1138 174 1179 207 ad
1197 171 1319 217 proxi-

379 244 478 266 mum
494 230 624 264 dicitur
639 239 649 265 ς
664 234 726 269 per
738 238 842 273 quam
853 225 917 260 illa
934 253 943 267 ‚
960 236 1033 271 (με
1045 221 1240 270 temporalis
1255 220 1317 266 est,

377 281 464 318 ret-7⁶>
481 280 616 325 fertur.
631 276 689 313 Ad
705 275 958 312 ostend-:ndum
973 286 1057 319 ergo
1070 300 1080 315 ‚
1095 274 1204 318 legem
1221 282 1323 306 aeter-

379 330 533 367 nameise
549 325 744 364 universale
761 326 975 373 principium
999 324 1134 358 ordinis
1162 322 1318 356 rationa-

381 382 426 416 lis
443 391 612 415 creaturae
627 405 637 420 ‚
660 387 711 412 tot
730 386 914 423 ponuntur
929 375 1084 409 membra
1106 374 1140 408 in
1162 371 1318 420 praeaiie-

382 442 461 477 gata
476 430 710 475 descriptione
724 452 732 460 .

482 479 542 515 Ad
557 476 748 513 secundum
761 474 965 514 dicendum3
980 471 1206 517 Augustinus
1217 471 1320 505 Con-

385 530 444 566 fcs.
457 530 518 564 lih-
538 540 571 562 2.
587 536 660 574 cap.
682 536 721 568 4.
737 527 769 560 8<
786 537 818 568 ς.
835 524 952 559 scribit
972 550 981 564 ‚
1004 524 1079 558 Lex
1092 531 1154 557 tua
1164 521 1320 556 Domine

384 582 442 616 lex
457 580 571 624 legum
591 604 600 619 ,
628 575 669 612 ὀ*
687 575 743 610 lex
760 584 822 609 tua
834 583 876 608 tu
893 598 904 614 ,
918 571 960 610 ρξ’
975 582 1015 607 tu
1028 571 1100 619 ipsa
1126 572 1182 606 lex
1201 582 1212 609 ;
1242 582 1321 615 quae

385 630 463 664 sunt
481 626 705 671 intelligenda
722 623 940 660 intransitive
960 650 970 665 ‚
1001 624 1033 657 8(
1046 634 1116 657 non
1130 621 1321 669 transitive,

386 680 514 715 scilicet
547 679 605 712 lex
632 674 887 719 omnipotentis
919 671 1063 706 artificis
1078 697 1089 711 ‚
1111 671 1153 705 de
1188 683 1259 717 qua
1273 671 1321 703 ait

385 729 476 766 idem
496 724 654 771 August.
667 723 762 770 quod
778 721 850 766 ipsa
865 721 912 756 est
926 719 1059 756 summa
1071 720 1323 767 veritaszSum-

387 792 441 815 rna
459 788 575 813 autem
591 774 720 808 veritas
745 770 813 818 ipse
828 770 875 804 est
901 769 1000 805 Deus
1026 794 1036 803 .
1079 770 1189 805 Ratio
1205 781 1324 804 autem

387 828 602 877 procedit,ac
619 823 638 857 fi
657 821 743 858 illud
761 819 952 860 transitive,
965 821 998 855 8(
1014 831 1074 866 per
1086 819 1323 855 diverfitatem

386 872 758 914 dicereturDiffinitur
775 882 862 914 ergo
878 871 925 905 ibi
937 872 993 906 lex
1007 882 1137 906 aeterna
1155 882 1216 918 per
1228 881 1326 905 com-

387 927 609 976 parationem
623 923 664 957 ad
680 921 799 956 omnia
816 922 908 957 bona
925 946 935 962 ‚
959 933 1039 967 quae
1053 923 1098 956 ab
1129 932 1202 959 arte
1215 921 1324 968 prima

387 977 592 1013 derivantur
608 1000 617 1015 ,
630 985 710 1019 quae
726 970 774 1007 est
787 983 911 1007 eorum
929 970 1035 1007 causa
1047 999 1054 1007 .
1077 971 1148 1008 Sed
1163 971 1326 1018 quaedam

385 1029 477 1063 bona
492 1024 569 1061 sunt
587 1022 710 1071 abipsa
725 1022 926 1058 immediate
941 1049 952 1065 ,
974 1023 1138 1068 quaedam
1152 1034 1237 1059 vero
1254 1033 1326 1056 me-

385 1077 442 1112 dia
456 1075 607 1111 humana
619 1073 824 1121 operatione
848 1098 857 1108 .
890 1074 1033 1109 Dicitur
1044 1084 1132 1118 crgo
1162 1073 1220 1109 lex
1237 1070 1328 1118 effe)

385 1128 536 1163 omnium
561 1125 709 1165 artium,
722 1135 759 1158 ut
772 1123 981 1168 intelligitur
993 1123 1058 1159 effe
1071 1125 1191 1171 regula
1216 1126 1327 1159 bona-

385 1189 465 1213 rum
495 1176 741 1223 operationum
775 1174 956 1209 rationalis
985 1185 1155 1209 creaturae
1177 1188 1189 1215 3
1218 1175 1251 1210 8(
1269 1174 1326 1208 lex

387 1228 626 1274 omnipotentis
637 1223 787 1268 artificis
801 1249 813 1264 ‚
828 1222 1018 1259 secundum
1031 1225 1129 1270 quod
1145 1224 1192 1259 est
1206 1224 1327 1268 regula

391 1278 533 1313 iliorum
553 1277 730 1310 bonorum
744 1300 756 1316 ‚
785 1274 1078 1321 quaeimmediate
1096 1273 1328 1322 proficiscun-

389 1338 449 1364 tur
465 1339 482 1361 a
499 1327 694 1370 Creatore.⁴

489 1376 546 1412 Ad
560 1376 703 1410 tertium
718 1372 912 1420 respondeo
924 1398 937 1415 ‚
960 1373 1120 1408 dubitari
1139 1385 1206 1408 non
1220 1372 1329 1420 poffe,

390 1427 478 1474 quin
491 1425 632 1472 proprie
651 1425 735 1469 legis
752 1434 891 1458 aeternae
906 1424 1051 1459 ratioai
1067 1422 1246 1460 effentiam
1263 1425 1331 1459 Dei

391 1478 567 1524 pertineat
583 1487 594 1514 3
609 1473 681 1520 ipsa
695 1475 787 1509 enim
800 1472 848 1507 est
861 1475 1168 1510 incommutabilis
1185 1475 1330 1516 veritas,

391 1522 763 1570 incommutabilisque
779 1534 906 1557 natura
922 1537 933 1563 3
955 1525 988 1559 8(
1022 1525 1252 1560 nihilominus
1268 1536 1330 1571 per

392 1575 720 1624 appropriationem
737 1599 749 1614 ‚
774 1584 882 1618 penes
898 1572 1056 1609 diversos
1077 1585 1193 1609 tamen
1214 1576 1331 1616 aetus,

392 1625 561 1662 omnibus
573 1623 824 1670 appropriatur
838 1620 1008 1669 personis.
1026 1624 1143 1670 Exigit
1159 1623 1330 1670 siquidem

393 1678 451 1712 lex
469 1676 717 1711 auftoritatem
735 1674 767 1706 in
789 1673 921 1708 ferente
948 1675 1088 1719 iegem3
1112 1675 1145 1710 8(
1171 1674 1216 1709 fic
1237 1675 1331 1710 Patri

393 1725 666 1773 appropriatur.
685 1723 882 1758 Veritatem
900 1750 911 1765 ,
938 1727 1022 1771 quia
1048 1728 1107 1760 lex
1138 1736 1206 1760 non
1225 1724 1334 1760 fertur

396 1778 466 1813 fine
481 1775 572 1810 rtha
588 1775 722 1809 ratione
740 1799 750 1814 ,
774 1785 846 1820 qua
864 1773 928 1809 sub
940 1776 1114 1811 inteilefta
1128 1775 1333 1822 appropria-

395 1839 454 1863 tur
469 1825 556 1861 Filio
576 1839 588 1865 3
613 1826 646 1860 8(
672 1824 861 1859 bonitatem
877 1851 888 1866 ‚
909 1825 1049 1870 quaeest
1067 1827 1099 1860 in
1125 1824 1269 1871 judiciis
1284 1824 1334 1860 se—

394 1876 554 1913 cundum
581 1876 694 1921 legem
710 1900 722 1916 ,
743 1875 777 1910 ἃ
823 1876 872 1910 ita
903 1877 1153 1923 appropriatur
1182 1875 1334 1922 Spiritui

393 1927 548 1967 Seneko.

565 2025 1068 2074 ARTICULUS
1122 2026 1170 2062 11.

511 2126 644 2161 Vtrum
660 2125 716 2160 iex
732 2136 861 2160 aeterna
880 2126 920 2161 sit
932 2129 1100 2163 omnibus
1115 2136 1198 2162 nora
1215 2151 1227 2163 .

395 2226 558 2274 &slagish
574 2224 716 2271 Alenst’s
732 2233 806 2272 3.p.
821 2238 854 2272 q.
870 2226 929 2262 26.
942 2238 987 2260 m.
1006 2238 1040 2263 2.
1053 2229 1095 2264 S.
1116 2227 1235 2263 Thom.
1255 2235 1284 2260 ι.
1299 2235 1335 2262 2.

732 2287 763 2321 q.
782 2287 841 2321 93.
859 2285 932 2312 art.
951 2286 987 2310 2.

522 2375 642 2410 {detur
658 2375 715 2410 lex
729 2385 856 2409 aeterna
869 2386 941 2410 non
952 2373 1018 2410 effe
1031 2377 1198 2411 omnibus
1211 2384 1336 2410 nota.‚.

529 2428 622 2462 Nam
640 2423 798 2469 August,
814 2424 856 2460 de
869 2436 952 2460 vera
971 2425 1092 2472 Relig.
1106 2427 1252 2462 scribit.
1272 2421 1335 2469 Est

395 2471 468 2523 Iex,
479 2475 666 2516 fecundum
677 2486 779 2521 quam
792 2474 892 2511 Deus
911 2475 1051 2522 judicat
1069 2479 1180 2513 omnia
1190 2503 1200 2519 ,
1214 2476 1256 2510 de
1267 2485 1337 2521 qua

398 2527 516 2564 nullus
526 2524 826 2573 jtcdit-arepotest.
859 2528 945 2562 Haec
958 2537 1076 2563 autem
1096 2529 1151 2563 lex
1182 2533 1340 2561 aeterna-³

398 2577 448 2613 est
469 2592 479 2618 3
503 2587 588 2619 ergo
604 2576 726 2611 nullus
740 2573 903 2620 judicare
915 2575 1027 2622 potest
1044 2579 1085 2613 de
1103 2579 1179 2621 lege
1195 2586 1336 2611 aeterna.

399 2624 792 2671 Cumiyiturjudicare
807 2626 850 2660 de
883 2627 1004 2673 aliquo
1029 2628 1068 2663 fit
1086 2627 1174 2663 iliud
1203 2624 1339 2668 nossea,

401 2678 546 2723 evidens
561 2675 609 2710 est
626 2702 637 2718 ,
663 2675 793 2712 nemini
823 2676 890 2712 Dei
906 2678 1018 2724 legem
1052 2689 1217 2715 aeternaru
1243 2676 1340 2713 esse,

400 2739 520 2764 notam
540 2753 548 2762 .

503 2777 678 2812 Praeterea
692 2802 702 2818 ‚
714 2776 870 2822 August.
882 2789 919 2823 4.
934 2777 1080 2816 Confes.
1097 2791 1177 2825 cap.
1191 2790 1225 2826 7.
1240 2778 1340 2825 Igno-

404 2829 521 2863 rabam
542 2854 552 2868 ,
568 2826 684 2872 iuquit
698 2850 710 2867 ‚
725 2825 767 2864 (ἔγ
780 2838 844 2861 non
856 2839 1021 2866 noveram
1032 2829 1209 2877 justitiam
1218 2840 1339 2864 veram

405 2879 610 2913 interiorem
623 2902 632 2918 ‚
657 2875 887 2922 eszqsltffima
904 2877 977 2924 lege
993 2882 1061 2916 Dei
1084 2883 1340 2927 omnipotentis,

405 2941 474 2975 qua
483 2927 728 2972 formarentur
745 2926 925 2971 regionum
936 2941 1042 2965 mores
1057 2957 1067 2972 ‚
1093 2942 1169 2965 cum
1180 2929 1251 2977 ipsa
1264 2929 1342 2964 ubi-

406 2990 472 3025 qste
487 2976 589 3018 elsi-t:
611 2978 695 3010 Haec
712 2987 829 3010 autem
843 2976 890 3011 est
908 2978 962 3012 iex
977 2991 1118 3019 (Herna,
1130 2992 1209 3023 quae
1223 2991 1340 3014 tamen

403 3026 649 3072 Augustinum
664 3026 790 3061 latebat
809 3037 820 3065 ;
836 3037 904 3061 non
918 3027 967 3063 est
984 3030 1092 3074 igitur
1104 3032 1199 3064 omni
1215 3031 1340 3065 animae

404 3089 490 3113 nota
506 3102 514 3110 .

504 3127 642 3160 Contra
658 3152 667 3166 ‚
697 3127 853 3169 August.
869 3128 912 3164 de
933 3140 1014 3164 vera
1051 3129 1261 3176 Relig.cap.
1283 3141 1337 3175 30-

407 3177 531 3213 Memi
547 3176 664 3222 nostrae
681 3175 784 3210 talem
811 3178 921 3224 legem
932 3178 1055 3214 videre
1080 3179 1264 3226 conceffium
1280 3178 1342 3225 est3

406 3240 493 3273 crgo
508 3228 561 3260 lex
577 3237 700 3260 :eterna
718 3225 766 3260 cst
781 3230 905 3263 animae
920 3229 1081 3263 rationaii
1093 3228 1343 3275 nota‚ejusque

405 3279 506 3312 noxio
523 3276 581 3310 sibi
595 3274 754 3321 impressa
773 3303 781 3311 .
799 3279 839 3313 Et
853 3278 942 3313 idem
961 3277 1075 3314 asserit
1103 3289 1130 3312 ι.
1148 3279 1188 3313 de
1202 3278 1343 3316 liharb.

406 3337 478 3374 cap.
493 3327 528 3361 6.

510 3373 723 3420 Respondeo
736 3402 747 3418 ,
775 3377 980 3412 Secundum
999 3377 1152 3422 August.
1171 3377 1213 3412 de
1227 3391 1343 3414 vera.-

411 3426 595 3471 Religione
612 3434 683 3470 cap.
705 3437 760 3470 3¹·
782 3436 948 3461 aeternam
980 3426 1093 3473 legem
1121 3429 1258 3464 mundis
1274 3433 1349 3466 aui.

410 3476 536 3523 missas
550 3475 597 3520 est
609 3475 805 3521 cognfivw
820 3504 828 3518 ‚
848 3477 1016 3522 judicare
1031 3491 1096 3513 non
1109 3477 1238 3523 efsfizs.
1260 3480 1349 3513 iilud

412 3539 532 3564 autem
551 3525 691 3561 interest
706 3528 794 3561 inter
807 3526 901 3562 nosse
916 3554 926 3569 ‚
941 3529 974 3563 &
987 3527 1149 3571 judicare
1169 3555 1180 3570 ,
1195 3529 1293 3574 quod
1307 3528 1350 3564 ad

414 3575 697 3625 cognoscendum
711 3576 789 3611 satis
806 3576 855 3612 cst
870 3604 879 3618 ,
906 3588 943 3613 ut
957 3577 1139 3614 videamus
1157 3580 1290 3626 aliquid
1303 3581 1351 3614 ita

414 3628 508 3669 effe3
532 3627 574 3661 ad
588 3625 820 3672 judicandum
839 3639 926 3664 vcro
941 3629 1078 3675 aliquid
1095 3629 1256 3665 addimus
1273 3656 1284 3673 ,
1311 3641 1353 3665 ur.

416 3679 658 3713 videamusita
674 3676 767 3724 posse
793 3677 858 3713 effe
877 3704 887 3718 ,
913 3679 969 3714 vel
987 3680 1086 3715 aiitct
1108 3694 1117 3716 ι
1145 3681 1243 3716 velut
1270 3693 1350 3717 cum

417 3729 569 3765 dicimus
584 3755 595 3771 ,
624 3730 668 3764 ita
681 3729 823 3765 debebit
838 3728 903 3765 effe
917 3756 929 3772 ‚
945 3731 999 3766 vei
1012 3729 1136 3768 debuit
1154 3758 1165 3774 ,
1183 3732 1267 3767 utin
1283 3729 1355 3767 suis

1089 109 1268 152 Summae
1298 98 1486 167 Joanm's
1503 104 1630 148 Dum
1663 99 1778 149 Scoti

1409 171 1580 214 operibus
1593 171 1747 206 artifices
1767 169 1903 204 faciunt
1919 193 1927 202 .
1948 167 2120 213 judicare
2145 169 2256 213 igitur
2273 168 2345 204 des

1409 219 1485 265 lege
1497 232 1620 261 :eterna
1641 222 1759 257 nulius
1776 218 1888 266 potest
1903 246 1913 260 ,
1939 219 2020 263 quia
2032 217 2197 262 judicans
2214 218 2346 264 semper

1407 270 1455 303 eii
1473 270 1632 317 superior
1646 270 1821 317 judicato,
1837 267 1891 302 sed
1910 269 2046 308 videre,
2062 267 2119 301 seu
2133 267 2345 313 cognoscere

1406 329 1495 362 eam,
1509 322 1655 358 cuilibet
1669 321 1792 356 animat
1806 318 2008 366 impressum
2025 317 2073 353 est
2091 331 2101 355 ς
2115 317 2169 353 sed
2187 331 2258 354 non
2269 317 2348 364 ejus

1405 365 1580 412 judicium
1597 398 1606 407 .

1504 422 1566 456 Ad
1580 421 1731 464 primum
1747 431 1998 464 argumentum
2015 430 2112 465 patet
2127 431 2171 454 ex
2184 419 2288 455 dietis
2301 445 2312 455 .

1504 470 1565 504 Ad
1578 468 1771 504 secundum
1785 469 1973 505 dicendum
2000 468 2267 508 Damascenus
2279 471 2340 506 iib.

1411 529 1439 552 t.
1457 519 1552 553 fidei
1567 517 1685 553 ortod.
1699 529 1781 564 cap,
1798 530 1826 553 1.
1844 520 1876 554 8(
1894 529 1926 564 3.
1943 518 2061 554 scribit
2079 546 2088 560 ‚
2115 522 2260 566 cognitio
2272 522 2344 556 ext:

1396 565 1520 613 stendi
1533 568 1651 602 Deum
1663 569 1756 603 nobis
1770 569 1989 604 naturaliter
1998 568 2062 614 ins
2057 578 2133 604 ertu
2145 570 2204 616 est,
2204 567 2240 613 s
2234 570 2278 604 ed
2285 579 2342 605 ta-

1401 629 1479 654 men
1494 621 1672 654 intantum
1684 617 1844 653 invaluit
1854 616 2030 668 pernicioj'
2029 632 2050 654 a
2075 618 2253 654 hominum
2269 632 2342 656 ma-

1401 667 1486 705 litia
1500 696 1509 711 ,
1532 668 1576 705 ὠ
1590 666 1742 703 deduxit
1754 669 1791 703 ie
1802 669 1985 704 baratrum
1998 695 2009 710 ,
2034 677 2075 704 ut
2096 669 2253 705 dicerent
2276 681 2341 707 non

1401 719 1466 767 effe
1495 720 1611 756 Deum
1640 744 1649 753 .
1674 718 1778 754 Sicut
1800 729 1885 763 ergo
1913 718 2076 754 habitum
2103 720 2341 765 cognoscendi

1403 766 1717 815 Deumimpreffus
1731 767 1779 803 est
1803 769 1926 805 animae
1957 770 2191 812 naturaiiter,
2220 782 2338 806 tamen

1401 823 1516 857 anima
1529 819 1611 854 ac-tu
1638 817 1753 866 potest
1768 817 1884 853 Deum
1912 820 2101 866 ignorare,
2126 831 2209 855 cum
2234 820 2336 868 ipsa-t

1402 874 1530 908 avertit
1546 869 1577 904 se
1590 870 1634 904 ab
1651 869 1777 904 habitu
1789 869 1849 903 iiio
1865 894 1877 909 ‚
1904 871 1937 905 8(
1955 881 2014 916 per
2030 868 2079 904 sui
2111 872 2280 907 malitiam
2295 870 2340 906 ad

1402 924 1582 958 exteriora
1599 920 1845 955 convertitur:
1865 918 1908 954 sic
1923 921 1979 956 lex
1997 930 2122 956 aeterna
2139 920 2225 956 inest
2240 922 2340 957 omni

1402 974 1525 1007 animae
1543 969 1734 1006 secundum
1750 969 1912 1004 habitum
1932 997 1941 1011 ‚
1969 969 2025 1005 sed
2036 981 2151 1007 tamen
2163 984 2224 1018 per
2239 972 2341 1007 maii·

1401 1024 1484 1059 tiam
1498 1020 1651 1057 nostram
1666 1019 1884 1066 quandoque
1901 1022 1944 1055 ab
1958 1019 2028 1067 ipsa
2057 1023 2249 1057 avertimur
2261 1049 2273 1065 ,
2302 1023 2340 1058 &

1403 1071 1648 1109 convertimur
1665 1069 1708 1105 ad
1726 1071 1901 1106 exteriora
1919 1072 2007 1107 mala
2026 1096 2038 1113 ,
2067 1071 2196 1107 adeout
2226 1072 2338 1119 ipsam

1403 1125 1610 1169 ignoremus
1623 1120 1743 1166 quoad
1756 1120 1872 1156 aetum
1893 1133 1904 1161 3
1929 1122 1960 1157 8(
1979 1120 2048 1157 hoc
2073 1123 2241 1167 intelligit
2260 1127 2339 1161 Au-

1402 1173 1497 1220 gust.
1508 1185 1590 1210 cum
1604 1173 1652 1206 ait
1666 1197 1677 1212 ‚
1697 1169 1901 1217 ignorabam
1913 1171 1990 1212 &a
2007 1175 2102 1210 Nam
2117 1175 2341 1220 quicumque

1402 1227 1630 1260 cenverteret
1653 1220 1686 1257 se
1701 1222 1742 1256 ad
1759 1223 1860 1258 ilium
1874 1222 2036 1257 habitum
2059 1225 2276 1268 cognitionis
2291 1226 2343 1260 le·

1402 1276 1456 1319 gis
1475 1285 1626 1314 anemae,
1640 1271 1669 1306 se
1681 1284 1779 1318 mper
1794 1284 1870 1307 eam
1883 1271 2110 1316 cognosceret
2122 1287 2133 1315 3
2147 1286 2229 1310 nam
2244 1275 2345 1321 quod

1403 1323 1596 1370 aliquando
1608 1325 1746 1369 ignoret
1761 1334 1836 1359 eam
1855 1347 1866 1363 ,
1889 1323 2008 1357 evenit
2034 1337 2080 1360 ex
2105 1325 2283 1361 aversione
2299 1327 2346 1360 ab

1404 1375 1463 1409 iila
1477 1398 1487 1409 .

1556 1471 2059 1511 ARTICVLVS
2115 1474 2183 1511 111.

1467 1574 1598 1609 Vtrum
1609 1573 1725 1608 omnis
1744 1573 1801 1607 lex
1815 1573 1923 1620 alege
1936 1585 2064 1609 aeterna
2079 1572 2262 1610 derivetur
2276 1599 2284 1609 .

1407 1674 1510 1720 Mag.
1526 1672 1666 1719 Alensts
1684 1685 1713 1718 3.
1725 1682 1759 1721 p.
1771 1685 1804 1720 q.
1820 1673 1880 1709 26.
1895 1687 1939 1709 m.
1955 1685 1990 1722 7.
2003 1677 2047 1711 ab
2059 1684 2132 1711 art.
2156 1686 2184 1712 t.
2197 1673 2345 1724 &fhqq.

1590 1723 1631 1760 S.
1652 1722 1772 1758 Thsm.
1796 1735 1824 1758 1.
1842 1735 1877 1759 2.
1891 1737 1924 1772 q.
1942 1735 2005 1772 93.
2023 1733 2094 1760 art.
2112 1737 2144 1773 3.

1519 1823 1665 1859 [dentur
1680 1835 1749 1859 non
1762 1835 1883 1862 omnes
1900 1827 1992 1871 leges
2008 1836 2025 1857 a
2043 1825 2110 1860 Dei
2127 1836 2256 1862 aeterna
2270 1828 2348 1871 iege

1535 1874 1711 1909 derivari.
1726 1876 1864 1911 Etenim
1878 1889 1894 1910 a
1911 1877 1976 1911 Dei
1998 1873 2178 1920 justiffima
2205 1877 2346 1912 reciiffi-

1405 1937 1537 1972 maque
1553 1925 1741 1960 voluntate
1767 1924 1853 1961 nihil
1872 1927 2033 1971 iniquum
2052 1925 2167 1973 potest
2180 1926 2351 1971 procede·

1405 1991 1442 2014 re
1458 2003 1470 2020 ,
1495 1977 1528 2012 8(
1543 1977 1577 2010 in
1591 1976 1675 2010 aiios
1688 1973 1913 2011 transfundi.
1938 1974 2007 2013 Sed
2021 1976 2197 2021 contingit
2211 1978 2348 2011 inveni-

1408 2031 1437 2064 ri
1451 2030 1541 2063 inter
1556 2025 1718 2060 homines
1731 2025 1826 2068 leges
1842 2027 1982 2071 iniquas
1998 2051 2009 2067 ‚
2023 2026 2161 2061 dicente
2177 2025 2277 2068 isaia,
2296 2038 2349 2062 ιο.

1408 2080 1476 2116 Vae
1486 2078 1547 2125 qui
1562 2076 1714 2111 condunt
1724 2073 1815 2119 leges
1830 2078 1968 2123 iniquas
1983 2089 1993 2116 ;
2011 2088 2097 2121 ergo
2114 2075 2188 2110 fieri
2201 2087 2270 2112 non
2287 2089 2352 2123 po-

1408 2129 1472 2165 test
1489 2154 1500 2170 ‚
1527 2137 1564 2160 ut
1581 2124 1758 2171 ejusmodi
1775 2128 1867 2170 leges
1880 2127 2089 2161 deriventur
2106 2138 2122 2157 a
2141 2126 2222 2160 Deo‘
2237 2151 2246 2160 .

1509 2177 1681 2211 Praeterea
1699 2200 1708 2209 .
1743 2176 1850 2221 Legis
1872 2176 2005 2210 fomitis
2032 2176 2064 2210 8(
2079 2177 2197 2211 carnis
2217 2177 2350 2221 princi-

1408 2232 1506 2277 pium
1520 2224 1586 2262 esse
1601 2238 1670 2260 non
1684 2225 1800 2270 potest
1816 2227 1872 2261 lex
1888 2237 2014 2269 §eterna
2032 2238 2043 2265 ;
2072 2237 2157 2271 ergo
2170 2237 2238 2260 non
2252 2239 2350 2273 qua:-

1409 2289 1564 2324 cumque
1577 2276 1632 2310 lex
1649 2276 1693 2309 ab
1710 2275 1767 2309 illa
1783 2274 1962 2310 descendit
1980 2276 2151 2309 Probatio
2168 2275 2347 2320 assumpti:

1413 2331 1521 2365 Rom.
1539 2339 1572 2371 7.
1592 2323 1708 2360 Video
1722 2323 1830 2371 legem
1843 2328 1884 2360 in
1895 2325 2057 2359 memhris
2070 2326 2152 2359 meis
2166 2328 2353 2372 captivan-

1415 2389 1486 2416 tem
1503 2390 1555 2412 me
1570 2377 1607 2411 in
1618 2374 1850 2421 legepeccati.
1874 2375 1944 2411 Vbi
1962 2385 1972 2405 i
1988 2374 2205 2415 ‚ioffa.Hec,
2221 2376 2352 2423 inquit,

1411 2430 1470 2466 lex
1482 2427 1573 2463 mala
1586 2453 1598 2469 ‚
1622 2438 1691 2472 qua
1706 2425 1849 2473 quisque
1862 2426 1998 2461 carnali
2013 2424 2261 2471 consuetudine
2284 2427 2354 2462 im-

1406 2480 1561 2529 plicatus
1574 2475 1808 2522 aflringnun
1821 2486 1908 2521 ergo
1921 2474 2094 2521 ejusmodi
2110 2475 2164 2511 lex
2182 2488 2252 2511 non
2271 2489 2354 2526 pro-

1415 2528 1564 2567 ceditde
1576 2529 1650 2573 lege
1665 2539 1793 2562 aeterna
1812 2525 1904 2561 Dei.

1512 2580 1681 2615 Praetcrea
1698 2577 1790 2612 idem
1809 2577 1978 2622 probatur
2000 2573 2042 2607 de
2058 2574 2194 2621 iegibus
2226 2576 2354 2611 huma-

1414 2633 1582 2668 nis.Nam
1600 2629 1692 2673 leges
1706 2639 1765 2674 per
1781 2626 1942 2661 homines
1960 2626 2039 2660 iat'e
2056 2625 2232 2672 impunita
2249 2627 2352 2662 relin-

1413 2692 1531 2727 quunt
1547 2706 1556 2720 ‚
1580 2690 1661 2724 quae
1676 2678 1717 2712 ad
1735 2676 1974 2725 praescriptum
1993 2675 2080 2719 legis
2104 2687 2240 2712 aeternae
2272 2676 2350 2711 sunt

1413 2730 1593 2780 punienda
1608 2740 1749 2775 peccata
1767 2743 1781 2767 ,·
1804 2739 1889 2773 ergo
1905 2726 1984 2761 talis
2002 2726 2059 2760 lex
2088 2725 2215 2771 injusta
2246 2738 2350 2773 repu-

1416 2781 1522 2818 tanda
1538 2781 1585 2816 est
1600 2806 1609 2821 ,
1637 2790 1700 2814 nec
1717 2778 1907 2826 procedere
1919 2775 2067 2811 subinde
2079 2788 2096 2810 a
2115 2778 2190 2822 iege
2207 2787 2350 2812 (eterna.

1418 2831 1645 2877 Affumptum
1663 2830 1764 2863 docet
1784 2826 1934 2873 August.
1957 2840 1986 2862 1.
2003 2826 2045 2861 de
2063 2827 2189 2862 lib.arb
2220 2838 2300 2873 cap.
2317 2838 2352 2871 ς.

1418 2884 1496 2919 Lex
1504 2882 1583 2922 illa,
1600 2879 1780 2926 inquiens,
1793 2891 1867 2926 quae
1884 2876 2045 2923 regendis
2064 2878 2271 2912 civitatibus
2274 2877 2356 2922 ser·

1419 2943 1484 2968 tur
1498 2959 1507 2973 ‚
1533 2929 1643 2966 multa
1658 2930 1811 2964 concedit
1861 2936 1968 2974 atque
1982 2928 2155 2972 impunita
2169 2940 2199 2962 νι
2207 2926 2356 2975 linquit.

1420 2994 1495 3028 quae
1505 2992 1565 3031 per
1581 2981 1738 3016 divinam
1749 2978 2007 3027 providentiam
2024 2977 2355 3019 vindicantur3haec

1420 3034 1529 3079 igitur
1541 3033 1595 3068 iex
1612 3042 1681 3066 non
1699 3029 1882 3065 derivatur
1899 3039 1916 3061 a
1932 3025 2110 3061 reetiffima
2126 3030 2261 3064 ratione
2275 3029 2355 3064 Dei.

1520 3083 1691 3118 Praetcrca
1718 3082 1880 3126 arguitur
1901 3075 1992 3112 idem
2018 3075 2059 3112 de
2090 3079 2164 3123 iege
2190 3080 2353 3115 naturali.

1421 3136 1516 3168 Nam
1532 3132 1709 3168 derivatio
1724 3131 1840 3175 legum
1857 3129 1966 3172 alege
1983 3138 2108 3163 aeterna
2123 3155 2132 3169 ‚
2161 3129 2209 3164 est
2225 3141 2286 3175 per
2302 3141 2356 3165 ra-

1420 3184 1556 3218 tionem
1572 3179 1895 3228 apprehendentem
1912 3179 2023 3222 legem
2037 3189 2214 3213 aeternain:
2230 3179 2286 3214 sed
2305 3179 2359 3214 so-

1420 3233 1442 3269 li
1455 3243 1623 3267 creaturae
1639 3231 1798 3264 rationaii
1815 3226 2011 3264 coucefl'um
2028 3227 2075 3262 est
2096 3229 2214 3264 videre
2242 3231 2357 3274 legem

1421 3292 1691 3325 aeternatmcrgo
1702 3281 1758 3315 les-t
1771 3276 2095 3323 naturalis,praecise
2108 3291 2144 3314 ut
2158 3278 2205 3314 est
2218 3282 2252 3315 in
2265 3291 2363 3315 crea-

1423 3344 1503 3367 tura
1518 3332 1682 3366 rationaii
1698 3355 1706 3368 ,
1723 3331 1830 3374 alege
1848 3339 1976 3362 aeterna
1992 3327 2174 3364 derivatur
2191 3342 2203 3369 3
2229 3341 2358 3377 quate·

1424 3393 1491 3416 nus
1507 3393 1594 3426 ergo
1606 3391 1739 3414 caetera:
1758 3381 1801 3413 ab
1820 3378 1962 3412 homine
1993 3377 2151 3413 coustant
2182 3380 2356 3426 propria„-

1424 3443 1566 3473 natura,
1581 3442 1648 3465 non
1667 3430 1796 3464 habent
1811 3430 1921 3472 legem
1940 3440 1956 3460 a
1976 3429 2039 3463 Dei
2058 3429 2132 3474 lege
2146 3429 2355 3465 derivatam.

1526 3482 1663 3516 Contra
1681 3478 1833 3523 August-
1853 3477 1925 3512 nde
1942 3478 2001 3511 lib.
2015 3480 2089 3513 arb.
2104 3492 2183 3525 cap.
2196 3491 2227 3525 5.
2242 3478 2360 3516 [Vibil

1430 3532 1477 3577 est
1488 3530 1626 3576 juflum
1647 3553 1658 3571 ‚
1686 3539 1794 3577 arque
1806 3528 2000 3574 legitimum
2013 3529 2197 3577 ,mfiquod
2209 3530 2363 3566 homines

1422 3582 1490 3628 sihi
1504 3594 1547 3618 ex
1571 3581 1644 3627 lege
1669 3591 1799 3616 <eterna
1820 3579 2083 3616 derivaverunt
2112 3605 2121 3614 .
2153 3583 2245 3617 Nam
2271 3580 2358 3616 stcut

1429 3633 1544 3668 omnis
1559 3633 1698 3667 bonitas
1714 3655 1727 3674 ‚
1751 3629 1799 3666 est
1813 3630 1856 3664 de
1869 3641 1995 3665 oetcrna
2020 3631 2176 3665 bonitate
2205 3632 2295 3674 Dei,
2323 3631 2360 3666 &

1427 3684 1540 3717 omnis
1557 3682 1686 3717 veritas
1701 3694 1717 3716 a
1735 3681 1845 3727 prima
1863 3682 2012 3715 veritate
2036 3681 2223 3716 derivatur
2239 3693 2251 3720 ς
2272 3691 2360 3725 ergo

1429 3733 1583 3769 {imiliter
1597 3733 1629 3768 8(
1644 3733 1739 3778 leges
1749 3742 1871 3769 omnes
1884 3731 2005 3778 prima:
2016 3757 2028 3774 ‚
2056 3733 2112 3768 vei
2131 3742 2258 3814 etet-niz?
2274 3731 2359 3776 legis

2250 3791 2311 3815 unt

2381 180 2426 199 ΝΠ
2449 183 2463 202 R
2497 179 2574 212 nobis

2379 210 2423 238 lex
2455 223 2574 257 oeterna,

2379 249 2405 275 3<
2419 252 2536 287 qualiter
2545 258 2575 291 fit

2381 290 2510 322 omnibus
2524 295 2575 326 im.

2378 325 2464 362 preffa
2483 350 2492 359 .
