2603 4046
110 2478 245 2509 chhard.
281 2491 311 2518 4.

108 2515 167 2543 <³¹¹7-
190 2530 232 2551 ¹5·
256 2530 308 2549 art.

108 2564 135 2586 ς.
152 2565 182 2592 q.
201 2569 222 2585 ι.

105 2592 272 2630 Triplicirer

107 2632 195 2667 fOtCst
249 2645 310 2668 ςἮς

109 2669 195 2697 alium
234 2673 312 2702 diffa-

111 2715 206 2737 aiulfe·

151 3419 314 3455 Reti-agian!

110 3462 213 3490 crimen
241 3460 313 3487 altc-

110 3501 132 3527 ri
172 3498 239 3527 salso
264 3499 316 3525 im-

134 3538 245 3569 oman,
258 3545 314 3563 non

111 3547 197 3605 ζὼς(
221 3579 262 3611 jus
288 3574 314 3601 in

114 3613 317 3649 famavmqntm

117 3652 166 3679 tali
195 3663 221 3679 ιη
245 3651 319 3678 fafto

116 3691 204 3717 anm
224 3711 231 3722 ‚
256 3690 319 3715 idco

116 3738 225 3756 (εις-ὐτ
261 3727 320 3753 rei-

118 3775 132 3792 ’1
156 3777 207 3793 'js
224 3774 317 3802 .“;””Ϊ““ι1

415 143 520 197 496

381 255 594 295 RVRSVM
622 252 929 294 ARTICVLUS
958 252 1226 292 INClDENS.

382 361 513 397 Vtrum
526 356 761 393 damnificatus
775 357 933 402 aliquem
949 356 984 390 in
998 357 1095 390 bono
1111 353 1226 398 famae,

430 417 594 443 teneatur
615 407 659 443 ad
686 405 947 442 restitutionem
964 431 975 446 ‚
999 407 1048 439 ita
1074 403 1175 449 quod

480 460 650 506 poenitere
666 468 749 493 vere
765 469 834 493 non
850 454 949 503 poffit
962 481 974 496 ‚
1000 453 1060 491 nifi
1075 453 1129 491 fa-

652 518 745 545 mam
763 507 924 546 restituat
938 504 952 543 ἓ

392 608 523 647 DoHor
534 621 571 654 4.
588 605 670 653 dzst.
693 617 746 652 15.
762 619 795 654 q.
810 618 847 650 4.
861 603 1186 651 utriusquescripti
1202 630 1213 640 .

468 659 511 694 S.
534 659 703 695 Therma.
718 670 750 693 2.
766 669 799 704 q.
817 657 959 691 62.art.
974 666 1010 694 2.-
1033 657 1066 690 in
1092 653 1144 691 se-

629 708 749 745 cundo
761 706 950 756 principali
962 731 972 741 .

343 840 346 843 Α
455 808 575 843 lderur
602 807 636 842 in
661 806 743 843 casu
765 805 926 853 expolito
949 803 993 839 de
1013 803 1153 839 laefione
1177 801 1277 837 fama.

463 870 531 893 non
547 859 655 892 teneri
669 859 750 904 quis
764 856 807 892 ad
834 854 1091 891 restitutionem
1112 878 1120 888 .
1135 852 1277 889 Etenim

330 921 460 950 extra,
489 909 532 944 de
555 907 758 950 calumnia,
782 915 852 952 cap.
876 916 905 939 r.
932 904 976 943 ὠ·
992 915 1025 939 2.
1058 904 1202 940 infamis
1227 900 1278 938 est

329 960 594 1001 denunciatur,
624 959 678 993 vel
691 957 876 993 accusator
893 955 963 990 falli
978 955 1134 993 criminis
1150 967 1162 995 ;
1188 963 1277 997 ergo

329 1020 463 1055 negans
491 1021 616 1044 verum
643 1008 775 1044 crimen
801 1007 866 1043 fibi
890 1006 1095 1053 impolitum
1111 1031 1122 1045 ‚
1144 1001 1276 1050 injuste

330 1063 477 1098 infamat
495 1057 736 1094 accusantem.
766 1058 850 1105 quia
863 1056 1013 1092 ostendit
1033 1067 1114 1092 eum
1130 1050 1276 1091 accusa-

329 1121 441 1148 torem
467 1108 537 1145 filli
556 1109 711 1148 criminis
730 1122 742 1150 3
764 1110 797 1144 8(
821 1107 1051 1145 nihilominus
1063 1104 1276 1150 neganstale

329 1164 464 1198 crimen
483 1158 544 1194 libi
560 1160 784 1206 impolitum,
812 1170 882 1194 non
901 1169 1040 1194 tenetur
1059 1155 1189 1192 famam
1223 1166 1280 1189 re-

329 1211 473 1249 stituere
487 1207 665 1246 accusanti
687 1223 698 1251 ;
723 1211 793 1245 imo
809 1209 922 1254 magis
946 1205 1115 1244 accusans
1146 1205 1278 1241 debere

332 1261 520 1297 restituere
550 1260 677 1298 famam
705 1260 870 1297 accusato
900 1285 910 1300 ‚
948 1261 1008 1296 cui
1039 1259 1187 1306 impegit
1211 1255 1278 1293 cri·

330 1323 414 1348 men
431 1338 441 1353 ,
465 1311 562 1358 quod
582 1323 649 1346 non
665 1309 777 1358 potest
795 1310 948 1357 probare
966 1336 975 1345 .

436 1361 635 1405 Pr-aeterea,
667 1361 892 1408 Quicunque
907 1370 1050 1397 tenetur
1076 1359 1189 1405 magis
1217 1368 1279 1391 ze·

331 1414 406 1450 lare
423 1424 487 1459 pro
501 1412 587 1446 fama
620 1411 762 1457 propria
779 1436 789 1452 ,
811 1421 917 1457 quam
941 1424 1005 1458 pro
1029 1411 1141 1445 aliena
1157 1436 1166 1451 ‚
1192 1406 1280 1443 ficut

332 1463 446 1508 magis
461 1462 607 1507 diligere
626 1460 774 1505 seipsum
789 1487 799 1502 ,
821 1474 930 1507 quam
958 1462 1171 1509 proximum
1189 1470 1201 1498 3
1224 1455 1282 1491 sed

333 1512 519 1548 accusatus
532 1517 565 1547 in
584 1512 730 1558 publico
743 1511 785 1546 de
799 1514 947 1548 crimine
962 1512 1106 1547 occulto
1121 1536 1131 1551 ,
1156 1507 1281 1554 nequit

334 1562 461 1598 famam
477 1561 572 1597 suam
589 1561 766 1596 custodire
784 1561 923 1597 illaesam
943 1589 953 1603 ,
980 1561 1041 1597 nisi
1068 1560 1203 1596 direne
1235 1558 1284 1592 al.

332 1624 448 1649 terum
463 1611 678 1647 diffamando
693 1639 702 1653 ,
728 1624 852 1658 nempe
870 1611 1062 1648 inficiendo
1075 1611 1207 1645 crimen
1242 1609 1286 1644 si-

333 1665 369 1698 bi
388 1664 589 1702 imnofivum
607 1690 615 1704 ‚
646 1663 735 1698 acal¹
749 1665 796 1697 eri
814 1662 991 1699 inurendo
1006 1672 1126 1697 notam
1143 1660 1285 1694 delato·

337 1716 382 1750 ris
400 1715 467 1749 falsi
484 1715 643 1749 criminis
659 1727 670 1754 3
697 1725 783 1759 ergo
796 1712 860 1748 iste
880 1712 1071 1748 secundum
1086 1710 1214 1746 reetam
1230 1721 1287 1743 ra-

335 1766 471 1800 tionem
488 1775 627 1800 tenetur
639 1776 720 1799 eum
746 1763 952 1805 diffamare,
981 1763 1064 1798 licet
1098 1759 1283 1801 indm—eie,

336 1815 370 1849 8(
385 1827 445 1859 per
459 1814 683 1862 consequens
702 1827 772 1850 non
788 1815 977 1852 restituere
989 1839 1000 1855 ,
1025 1813 1110 1859 quia
1125 1812 1159 1846 in
1175 1811 1285 1859 prima

336 1865 478 1900 afflone
494 1877 565 1901 non
578 1866 651 1910 egit
666 1865 800 1909 injuste
813 1893 822 1902 .

437 1917 576 1950 Contra
592 1942 603 1958 ,
627 1917 784 1960 August.
800 1916 952 1965 Epistola
970 1918 1012 1953 ad
1029 1915 1283 1952 Macedonium

340 1976 375 2000 2.
389 1966 422 2001 8(
441 1969 587 2012 ponitur
606 1978 661 2011 14.
676 1977 711 2011 q.
728 1966 762 2002 6.
779 1979 853 2014 cap.
870 1970 905 2003 Si
924 1981 974 2004 res
994 1983 1005 2009 3
1032 1969 1137 2017 Qun
1166 1966 1287 2001 dimit-

339 2018 434 2050 titur
444 2025 623 2063 peccatum
635 2042 646 2059 ,
671 2016 734 2062 mſs
743 2019 954 2065 restituatur
975 2017 1132 2055 ablatum
1145 2043 1156 2059 ,
1177 2015 1211 2064 fi
1234 2028 1287 2051 re-

339 2066 447 2102 Hirui
460 2068 570 2113 potest
583 2093 592 2103 .

442 2118 579 2153 Rursus
593 2116 763 2154 Proverb.
779 2120 1001 2155 22.ffl1elius
1019 2119 1066 2164 est
1081 2129 1199 2153 nomen
1230 2119 1288 2154 bo-

339 2179 422 2202 man}
440 2194 450 2208 ‚
478 2180 582 2216 quam
610 2168 750 2203 divitia?
774 2169 893 2205 multae
919 2183 929 2209 ;
965 2180 1052 2213 ergo
1091 2169 1169 2213 plus
1193 2166 1287 2200 laedit

338 2220 544 2266 proximum
563 2246 572 2259 ‚
590 2218 753 2253 auferens
769 2223 796 2254 ei
816 2231 943 2254 nomen
962 2220 1096 2254 bonum
1115 2243 1128 2261 ,
1142 2227 1285 2262 quam-2

339 2269 404 2314 qui
417 2271 571 2317 expoliat
586 2281 665 2304 eum
679 2269 816 2305 dititiis
835 2282 846 2310 3
873 2269 895 2303 fi
913 2280 1000 2313 ergo
1016 2269 1124 2301 homo
1143 2275 1286 2300 tenetur

341 2319 520 2354 restituere
534 2331 619 2366 opes
642 2318 797 2354 subiatas
812 2345 822 2361 ,
853 2320 967 2354 multo
1001 2318 1114 2362 magis
1136 2313 1289 2353 adstrin-

340 2370 439 2414 gitur
454 2369 498 2404 ad
517 2368 735 2404 sarciendam
753 2368 880 2403 famam
896 2367 1012 2404 laesam
1026 2391 1037 2404 .

447 2418 659 2466 Respondeo
682 2432 694 2460 3
726 2419 924 2455 diffamatio
952 2418 1106 2465 proximi
1131 2405 1303 2460 intelligi*

342 2469 840 2517 potestingeneretripliciter
857 2469 1001 2505 evenire
1030 2493 1040 2502 .
1065 2469 1151 2504 Vno
1179 2465 1288 2501 modo

343 2521 365 2556 fi
380 2519 601 2565 qnisfnlsum
628 2521 759 2556 crimen
785 2520 888 2556 alteri
909 2520 1068 2567 imponat
1090 2531 1101 2552 ε
1119 2516 1288 2554 Secundo

344 2583 468 2606 verum
486 2573 618 2606 crimen
635 2597 647 2612 ,
668 2571 854 2606 occultum
874 2581 991 2606 tamen
1008 2596 1019 2612 ,
1047 2580 1119 2604 non
1147 2566 1290 2602 servato

343 2621 575 2667 ordinejuris
591 2622 624 2655 in
643 2621 791 2667 publico
816 2620 1077 2669 proponendo;
1100 2620 1208 2654 tertio
1231 2616 1292 2655 de·

345 2672 454 2716 nique
472 2670 578 2705 modo
605 2682 731 2706 verum
755 2673 888 2707 crimen
913 2670 968 2706 sed
991 2670 1177 2705 occultum
1192 2696 1201 2711 ,
1224 2669 1290 2707 in...

345 2719 492 2768 publico
509 2731 625 2757 tamen
639 2721 700 2757 fibi
715 2722 918 2769 impolitum
934 2719 1182 2767 negando;tali
1195 2718 1290 2755 enim

345 2773 381 2806 in
410 2771 503 2806 faeie
530 2783 687 2817 negans,
716 2774 932 2808 calumniam
958 2773 1066 2806 inurit
1091 2768 1289 2820 imponenti

346 2822 410 2858 fibi
423 2821 556 2856 crimen
572 2848 582 2863 ‚
609 2823 708 2867 quod
723 2834 843 2860 revera
855 2823 1010 2868 patravit
1028 2849 1038 2858 .

447 2871 505 2909 Ad
525 2874 676 2917 primum
692 2874 891 2910 membrum
904 2871 1003 2921 quod
1015 2874 1157 2915 attinet,
1170 2871 1291 2908 dicen-

347 2921 431 2957 dum
447 2947 456 2960 ‚
482 2934 649 2969 oportere
663 2925 809 2959 omnino
833 2924 961 2959 famam
993 2923 1105 2961 laesam
1135 2922 1292 2970 proximi

349 2972 531 3007 restituere
548 2999 558 3013 ,
586 2972 811 3009 retraftando
824 2987 906 3022 quae
921 2973 1136 3009 calumniose
1150 2971 1290 3009 effutita

347 3021 428 3057 sunt
452 3035 463 3062 3
494 3023 660 3069 idqucita
679 3025 821 3071 publice
837 3026 1000 3061 utialteri
1016 3024 1177 3071 imposita
1192 3021 1290 3063 sunt;

348 3084 430 3108 nam
444 3074 603 3119 alioquin
622 3086 690 3109 non
720 3073 920 3112 servaretur
936 3074 1070 3120 justitia
1097 3076 1129 3108 in
1144 3073 1293 3109 redden-

345 3121 394 3159 do
423 3126 588 3170 proximo
603 3123 701 3171 quod
718 3126 778 3161 fibi
810 3126 873 3162 fuit
905 3125 1035 3172 lnjuste
1052 3125 1209 3160 ablatum
1228 3135 1290 3171 per

343 3173 534 3223 impactam
549 3175 761 3210 calumniam
779 3204 789 3215 .

446 3224 584 3259 Contra
597 3224 664 3258 hoc
684 3225 790 3269 facit,
818 3230 903 3275 qnia
923 3228 1075 3275 quisque
1097 3225 1208 3269 magis
1236 3234 1289 3258 te-

343 3287 451 3315 netur
465 3275 585 3310 zelare
605 3274 733 3309 famam
752 3281 929 3325 propriam
948 3304 958 3319 ,
971 3289 1078 3324 quam
1095 3276 1240 3359 alferius
1256 3275 1289 3307 in

345 3340 389 3364 eo
401 3325 482 3363 casu
498 3338 505 3360 :
522 3325 775 3369 nequitautem
794 3329 984 3363 retrafiare
1008 3327 1099 3362 <licia
1135 3324 1180 3360 ‘na
1195 3323 1290 3367 apud

348 3373 717 3421 aliossinedispendio
740 3380 888 3422 propriae
915 3378 1016 3415 samse
1039 3391 1048 3417 ;
1080 3387 1148 3409 non
1178 3376 1289 3419 igitur

350 3439 490 3464 tenetur
511 3426 540 3462 se
557 3423 759 3461 retraetarc.
777 3427 991 3473 Responsio:
1009 3429 1102 3462 Bona
1118 3423 1290 3470 corporis,

351 3481 382 3514 8<
397 3478 566 3523 quaelibet
580 3478 752 3511 exteriora
770 3490 838 3511 non
855 3478 934 3514 sunt
947 3476 1122 3521 diligenda
1137 3502 1147 3516 ‚
1176 3473 1238 3510 nisi
1254 3475 1290 3507 in

350 3528 474 3563 ordine
488 3528 530 3563 ad
545 3528 666 3562 animae
683 3529 814 3562 bonum
830 3530 862 3566 S<
878 3528 920 3562 ad
935 3527 1072 3567 Deuni;
1086 3526 1154 3562 boc
1170 3535 1290 3561 autem

354 3591 422 3614 non
438 3578 484 3614 est
499 3605 508 3619 ,
539 3577 599 3613 nisi
613 3578 892 3623 quatennsjuste
909 3577 1048 3622 possum
1063 3586 1289 3621 competere)

352 3629 627 3676 illiquidijgit,
656 3630 816 3673 cuiergo
834 3627 1052 3674 porestjnste
1084 3638 1290 3672 competere
1322 3643 1325 3646 ⁴

352 3682 494 3727 propria
512 3680 601 3714 fama
618 3704 628 3718 ‚
641 3677 743 3714 debet
761 3680 871 3724 magis
887 3679 1034 3726 diligere
1048 3680 1142 3714 illam
1156 3704 1165 3718 ‚
1182 3688 1290 3722 quam

352 3731 494 3766 alterius
512 3755 521 3769 ,
550 3728 605 3763 cui
621 3739 688 3763 non
704 3730 817 3775 potest
833 3729 926 3774 juste
938 3741 1138 3775 competere
1167 3753 1175 3762 .
1203 3730 1252 3764 At
1270 3724 1293 3759 fi

352 3783 411 3817 sibi
429 3790 632 3828 competere
647 3781 770 3826 nequit
787 3781 845 3816 nisi
863 3778 992 3824 injuste
1006 3805 1015 3821 ‚
1028 3780 1126 3815 altari
1143 3789 1227 3813 vcro
1240 3774 1294 3822 ju.

976 139 1158 187 Summae
1174 133 1364 204 Joannis
1378 138 1507 184 Dum
1523 137 1641 186 Scoti

1360 203 1410 240 ste
1420 231 1431 246 ‚
1444 206 1554 250 magis
1566 206 1673 242 debet
1685 218 1759 242 eam
1777 201 1934 253 di'legere
1948 206 2078 250 alteri,
2101 210 2159 243 cui
2173 203 2298 250 juste.)

1350 256 1644 301 convenit,quam
1660 255 1797 298 sibi‚cui
1814 258 1958 304 injuste.
1972 261 2013 295 Et
2026 260 2072 294 ita
2087 257 2184 293 estin
2199 255 2298 291 casu.

1349 301 1446 341 Nam
1464 305 1631 340 accusato
1645 305 1687 339 de
1705 306 1793 340 falso
1807 309 1976 351 crimine,
1999 308 2093 355 juste
2124 307 2297 343 convenit

1350 355 1440 389 sama
1455 379 1468 396 ,
1483 354 1614 400 injuste
1626 354 1744 391 ablata
1758 381 1768 396 ,
1784 369 1854 392 non
1870 360 1951 394 item
1965 362 1994 396 ei
2014 361 2078 407 qui
2097 356 2298 393 accusavit:

1349 406 1385 440 8(
1401 415 1472 438 non
1487 403 1705 450 solum,quia
1727 407 1900 442 mentitus
1911 409 1958 445 est
1970 412 2004 446 in
2017 407 2298 446 accusandmve.

1350 466 1428 490 rum
1445 454 1553 490 etiam
1566 455 1652 500 quia
1667 456 1808 502 publice
1823 459 1991 495 mentitus
2005 460 2054 496 est
2067 487 2077 502 ‚
2104 470 2179 505 quo
2195 459 2231 492 in
2248 457 2299 492 fa-

1349 504 1409 539 ξὶο
1429 501 1652 546 sufficienter,
1670 506 1702 541 8(
1715 503 1958 550 judicabiliter
1974 510 2008 547 se
2023 510 2235 546 diffamavit.
2251 509 2298 544 Et

1349 553 1430 589 ideo
1441 553 1560 599 postea
1577 553 1766 590 ostendens
1787 555 1920 592 direele
1945 559 2183 596 innocentiam
2210 559 2299 594 alte-

1351 604 1426 638 rius
1439 630 1449 644 ,
1465 605 1523 639 cui
1537 604 1724 639 teneturin
1741 604 1833 647 hoc,
1861 607 1894 642 8(
1911 608 2080 644 ἰηάἰτεᾶἶε
2095 609 2296 645 nocentiam

1350 653 1490 695 sui,non
1503 665 1590 689 tunc
1607 656 1745 702 proprie
1761 654 1792 692 se
1804 654 2035 701 diffamat,sed
2049 658 2187 705 praecise
2201 670 2296 695 amo-

1349 714 1409 738 vet
1429 703 1550 740 falsam
1567 704 1707 741 laudem
1729 733 1738 747 ,
1750 718 1824 754 qua
1838 707 1867 742 is
1886 707 2056 758 indignus
2070 707 2134 750 est,
2146 707 2222 755 post
2239 721 2296 744 ac-

1349 752 1572 791 cusationem
1598 755 1801 794 mendacem
1835 782 1844 792 .
1875 758 2088 804 Exemplum
2116 785 2124 793 .
2153 758 2297 804 Aliquis

1351 804 1552 842 fornicatur
1565 806 1682 841 tribus
1697 807 1922 847 videntibus,
1937 809 2001 855 qui
2014 807 2130 855 postea
2143 807 2298 844 deferen.

1349 864 1404 890 tes
1424 854 1654 892 fornicarium
1673 869 1744 893 non
1762 856 1944 894 diffamant
1962 857 2299 905 illum‚sedipsemet

1351 902 1386 940 se
1401 903 1599 942 diffamavit
1614 907 1648 942 in
1666 906 1761 942 faao
1776 909 1840 943 illo
1856 909 2005 955 publico
2019 934 2030 944 .
2060 910 2101 946 Et
2113 907 2298 955 quisque-v

1354 954 1434 990 sane
1452 958 1679 993 committens
1695 958 1943 1006 quodcunque
1957 960 2089 995 crimen
2106 960 2298 1006 publicas,

1351 1007 1502 1041 incurrit
1517 1007 1692 1043 laeslonem
1720 1007 1902 1055 dignitatis
1917 1035 1929 1051 ,
1956 1010 1990 1044 8(
2005 1009 2230 1058 dispendium
2247 1008 2300 1043 fa·

1353 1056 1402 1091 cit
1418 1058 1575 1104 propriae
1587 1058 1686 1094 famae
1700 1071 1880 1105 quantum
1900 1059 1947 1095 est
1961 1059 1996 1094 in
2009 1059 2042 1096 se
2054 1087 2067 1103 ,
2094 1071 2158 1095 nec
2181 1060 2300 1107 publi-

1354 1107 1449 1141 catio
1464 1106 1614 1155 sequens
1628 1108 1800 1146 laefionem
1816 1111 1934 1150 farnae,
1947 1111 2064 1147 aufert
2081 1111 2129 1146 illi
2146 1110 2300 1156 dignita·

1354 1168 1423 1192 tem
1442 1183 1454 1199 ,
1482 1157 1540 1195 sed
1553 1160 1804 1196 tantummodo
1816 1161 1898 1197 facit
1915 1160 2083 1198 devenire
2106 1161 2221 1206 tnagis
2234 1161 2302 1196 in„

1355 1209 1537 1255 publicum
1552 1210 1640 1245 illud
1655 1236 1665 1251 ‚
1687 1211 1786 1256 quod
1803 1224 1846 1247 ex
1865 1222 1991 1249 natura
2007 1212 2107 1249 aelus
2131 1210 2297 1252 exerciti,

1354 1269 1427 1294 erat
1441 1257 1513 1305 jam
1530 1259 1734 1307 simpliciter
1746 1263 1929 1308 publicum
1943 1285 1953 1295 .

1457 1309 1592 1355 Quoad
1615 1310 1807 1348 secundum
1829 1311 1950 1347 casum
1964 1312 2007 1348 de
2019 1313 2229 1360 propalante
2246 1322 2304 1347 ve-

1356 1372 1436 1396 rum
1451 1361 1582 1394 crimen
1601 1361 1787 1397 occultum
1808 1389 1819 1404 ,
1847 1375 1916 1399 non
1931 1362 2070 1398 servato
2093 1362 2192 1410 Juris
2208 1362 2303 1397 ordi·

1355 1422 1399 1445 ne
1416 1436 1429 1452 ,
1456 1409 1647 1446 dicendum
1665 1438 1676 1453 ‚
1693 1411 1786 1447 haud
1802 1413 2020 1449 tenerihunc
2035 1415 2184 1448 verbum
2199 1412 2303 1448 suum

1358 1459 1547 1496 retractare
1567 1474 1579 1501 3
1609 1463 1696 1507 quia
1711 1462 1759 1496 ita
1775 1461 1907 1500 faciens
1923 1464 2165 1503 mentiretur3
2188 1472 2303 1497 cuma,

1358 1521 1456 1546 certo
1468 1521 1585 1546 teneat
1600 1523 1722 1546 verum
1735 1511 1801 1549 effe
1817 1541 1828 1556 ,
1858 1514 1956 1561 quod
1983 1512 2054 1560 ipse
2075 1513 2238 1548 ordinate
2254 1510 2304 1546 ef·

1359 1561 1455 1596 furiit
1472 1586 1481 1596 .
1510 1564 1596 1598 Non
1617 1572 1758 1599 tenetur
1773 1577 1891 1602 autem
1904 1564 1986 1610 quis
2004 1564 2142 1598 mentiri
2157 1572 2306 1610 propter

1356 1610 1604 1659 quodcunque
1616 1614 1751 1648 bonum
1780 1614 1997 1650 reddendum
2029 1614 2112 1648 alii.
2142 1611 2307 1649 Tenetur

1357 1673 1474 1697 tamen
1492 1663 1560 1697 alio
1575 1663 1684 1697 modo
1698 1664 1798 1699 licito
1810 1665 1954 1702 reddere
1969 1664 2017 1698 iili
2031 1664 2171 1706 famam,
2187 1673 2227 1699 ut
2244 1674 2306 1711 per

1357 1711 1567 1758 hujusmodi
1582 1716 1712 1750 verba:
1732 1716 1818 1752 Non
1837 1714 1990 1751 credatis
2002 1726 2081 1749 eum
2097 1712 2163 1749 esse
2179 1714 2306 1754 talem,

1359 1763 1450 1800 male
1463 1764 1554 1799 enim
1572 1763 1663 1807 dixi,
1679 1764 1961 1815 fatueloquutus
1975 1764 2068 1799 sum:
2084 1766 2116 1799 8<
2132 1763 2308 1810 haecqui-

1358 1814 1438 1849 dem
1458 1825 1541 1849 vera
1561 1812 1640 1850 sunt
1661 1843 1672 1859 ‚
1690 1816 1773 1863 quia
1795 1816 1959 1854 servatus
1978 1826 2046 1849 non
2065 1812 2308 1860 fuitordoJu·

1361 1866 1408 1901 ris
1421 1890 1429 1900 .
1465 1863 1689 1911 Propositum
1709 1866 1757 1903 est
1773 1870 1862 1905 enirn
1883 1869 1916 1902 in
1936 1864 2080 1911 public)
2095 1889 2106 1905 ,
2122 1864 2222 1910 quod
2238 1874 2309 1900 non

1359 1915 1408 1953 est
1421 1927 1543 1951 verum
1561 1917 1742 1962 publicum
1762 1931 1772 1958 ς
1803 1920 1834 1955 8(
1856 1915 2034 1967 persuasio
2061 1915 2140 1958 illa,
2167 1927 2231 1951 non
2254 1925 2311 1950 re,

1355 1968 1489 2018 putetis
1512 1967 1615 2015 istum
1630 1968 1761 2005 malum
1778 1996 1787 2011 ‚
1816 1970 1911 2004 bona
1937 1966 2009 2003 est:
2038 1977 2117 2000 nam
2151 1966 2307 2012 quilibet

1361 2018 1628 2066 praesumendus
1642 2019 1689 2055 est
1703 2021 1819 2055 bonus
1836 2047 1844 2060 ‚
1859 2019 1976 2054 donec
1990 2017 2214 2051 contrarium
2231 2026 2309 2061 pro.

1388 2081 1477 2108 etur,
1490 2068 1593 2115 quta
1608 2068 1695 2105 illud
1714 2080 1812 2105 extra
1827 2069 1868 2105 de
1886 2068 2054 2102 scrutinio
2073 2068 2107 2100 in
2123 2065 2245 2100 ordine
2264 2064 2310 2098 fa-

1361 2119 1490 2153 ciendo
1503 2145 1512 2159 ‚
1533 2129 1612 2164 cap.
1630 2120 1738 2154 unico
1751 2145 1761 2159 ‚
1792 2115 2151 2163 Humanasragt'litas
2180 2113 2283 2149 illstm
2299 2141 2310 2155 ‚

1360 2181 1461 2216 quem
1475 2168 1662 2213 iudignum
1675 2168 1740 2216 effe
1754 2181 1819 2205 non
1831 2180 1871 2205 no
1878 2168 2093 2211 vic‚a'ignum
2105 2165 2206 2200 debet
2219 2164 2312 2199 aeffi-

1361 2231 1459 2253 mare
1474 2244 1483 2252 .
1514 2217 1728 2253 Diffamatus
1743 2231 1862 2253 autem
1876 2228 1945 2251 non
1960 2217 2010 2250 est
2040 2217 2214 2261 probatus
2241 2226 2311 2250 ma.

1361 2269 1417 2303 lus
1429 2278 1546 2302 coram
1559 2267 1602 2302 iis
1615 2292 1627 2309 ,
1654 2268 1718 2311 qui
1731 2268 1918 2303 audierunt
1931 2267 2118 2301 oecultum
2142 2266 2309 2301 crimen..

1360 2319 1582 2354 revelantem
1595 2330 1606 2358 ;
1634 2327 1721 2360 ergo
1734 2319 1867 2354 bonum
1881 2314 1929 2352 est
1946 2314 2156 2364 persuadere
2166 2314 2214 2352 eis
2225 2339 2238 2359 ,
2266 2328 2309 2352 ne

1359 2377 1526 2416 reputent
1544 2380 1626 2403 eum
1643 2366 1830 2413 indignum
1842 2394 1853 2409 ,
1883 2378 1947 2402 nec
1959 2367 2088 2402 malum
2101 2391 2114 2403 .

1469 2419 1506 2454 ln
1520 2420 1626 2454 tertio
1637 2420 1800 2455 membro
1813 2418 1945 2466 pariter
1957 2416 2006 2453 est
2017 2415 2206 2454 dicendum
2223 2444 2232 2458 ‚
2251 2430 2312 2453 ne-

1362 2480 1506 2515 gantem
1524 2480 1647 2504 verum
1662 2470 1795 2505 crimen
1806 2469 1994 2504 occultum
2012 2494 2024 2509 ,
2036 2468 2099 2504 fibi
2117 2468 2152 2503 in
2165 2469 2310 2516 publico

1363 2520 1569 2568 impolitum
1588 2546 1598 2561 ‚
1624 2531 1694 2555 non
1722 2520 1837 2556 teneri
1862 2517 2050 2555 retranare
2086 2519 2310 2565 negationem

1365 2569 1462 2606 suam
1481 2585 1494 2612 3
1521 2571 1608 2617 quia
1621 2581 1692 2606 non
1709 2581 1852 2607 tenetur
1865 2570 2075 2616 quicunque
2104 2567 2220 2604 statim
2247 2570 2310 2605 in„

1363 2620 1505 2668 judicio
1516 2619 1680 2656 confiteri
1693 2619 1725 2656 se
1741 2634 1840 2658 reum
1855 2619 2014 2656 nondum
2029 2619 2308 2659 conviciumzte·

1364 2683 1472 2708 netur
1483 2683 1600 2708 tamen
1613 2683 1674 2718 per
1687 2671 1850 2719 quaedam
1864 2671 1972 2707 verba
1987 2668 2311 2712 sobria,restituere

1365 2722 1494 2758 famam
1511 2723 1562 2758 illi
1575 2721 1778 2765 accusanti,
1803 2733 1913 2769 quem
1929 2720 2102 2757 indirefte
2115 2721 2257 2756 notavit
2269 2721 2311 2756 de

1364 2773 1544 2809 calumnia
1560 2801 1571 2816 ,
1589 2772 1744 2809 dicendo
1761 2799 1770 2814 ‚
1798 2783 1864 2809 non
1875 2771 2038 2810 habeatis
2054 2779 2202 2820 cumpro
2214 2773 2307 2808 calu-

1365 2825 1640 2872 mniatore‚quia
1657 2822 1758 2859 credo
1773 2821 1928 2870 babuisse
1945 2822 2065 2857 bonam
2083 2824 2312 2858 intentionem

1360 2875 1577 2927 proponendo
1594 2888 1605 2916 ;
1629 2873 1687 2911 vel
1694 2874 1793 2920 sorte
1803 2882 1890 2922 puta
1897 2870 1999 2917 vitfe
2007 2873 2241 2920 probaturum
2257 2875 2310 2907 in·

1366 2923 1615 2970 tentumsuum
1630 2952 1639 2966 ,
1667 2923 1710 2962 (ξ’
1721 2924 1883 2972 deceptus
1894 2924 1940 2972 est
1955 2949 1963 2958 .
1982 2922 2048 2960 Sed
2062 2922 2105 2959 de
2122 2922 2188 2958 hac
2204 2934 2313 2959 mate·

1367 2977 1416 3012 ria
1436 2975 1547 3019 magis
1562 2976 1651 3012 infra
1664 2987 1697 3022 q.
1713 2975 1856 3023 69,art.
1876 2973 1958 3013 μεθ’
1973 2985 2006 3009 2.

1470 3025 1528 3060 Ad
1543 3036 1751 3072 argumenta
1767 3051 1775 3060 .
1789 3025 1846 3064 Ad
1862 3025 2012 3072 primum
2031 3035 2127 3071 patet
2139 3037 2182 3062 ex
2196 3025 2310 3062 statim

1369 3077 1472 3114 dietis
1485 3077 1517 3110 in
1538 3077 1730 3123 3.membr⁰
1745 3102 1754 3111 .
1772 3075 1830 3112 Ad
1847 3074 2039 3111 secundum
2055 3074 2076 3110 si
2092 3077 2256 3122 arguitur
2268 3075 2312 3110 de

1369 3130 1430 3165 illo
1446 3154 1456 3168 ‚
1482 3130 1544 3171 qui
1562 3140 1632 3164 non
1652 3125 1790 3162 servato
1813 3124 1914 3172 Juris
1931 3125 2077 3166 ordine,
2100 3127 2133 3163 in
2164 3126 2312 3172 publico

1370 3176 1557 3214 accusatus
1573 3205 1584 3220 ,
1602 3178 1783 3224 negaverit
1802 3203 1811 3217 ,
1826 3175 1984 3211 concedo
1999 3174 2095 3211 hunc
2111 3188 2180 3211 non
2196 3176 2312 3210 teneri

1371 3229 1555 3265 restituere
1572 3228 1702 3263 famam
1720 3226 1924 3268 accusanti,
1940 3225 2009 3260 imo
2027 3225 2195 3262 accusans
2209 3237 2314 3261 accu-

1372 3280 1446 3314 sato
1462 3291 1472 3318 ;
1500 3279 1531 3313 &
1566 3281 1720 3323 imputet
1748 3275 1915 3311 accusans
1946 3272 2225 3312 dtffamationem
2252 3276 2316 3312 fibi

1372 3329 1433 3375 ipfi
1453 3341 1465 3368 3
1487 3329 1571 3373 qnia
1584 3325 1875 3375 &imprudenter
1889 3351 1898 3366 ,
1913 3325 1946 3360 8(
1966 3323 2093 3370 injuste
2109 3329 2181 3372 egit
2196 3328 2230 3362 in
2244 3339 2318 3374 pu-

1371 3381 1468 3416 blico
1485 3377 1673 3413 deferendo
1687 3377 1784 3424 quod
1802 3376 1984 3410 occultum
2001 3386 2076 3411 erat
2094 3401 2103 3410 .

1472 3429 1509 3464 Si
1526 3439 1610 3461 vero
1622 3428 1708 3461 illud
1723 3436 1971 3472 argumentum
1998 3425 2058 3461 fiat
2072 3427 2115 3464 de
2140 3426 2318 3463 mendaci-

1372 3491 1425 3514 ter
1438 3477 1626 3513 accusante
1641 3478 1863 3511 innocentem
1880 3502 1891 3517 ,
1919 3476 2069 3520 quinon
2084 3477 2198 3522 potest
2215 3488 2315 3512 accu.

1374 3528 1446 3563 sato
1457 3527 1600 3563 reddere
1615 3527 1743 3561 famam
1756 3550 1767 3568 ‚
1790 3526 1850 3560 nili
1867 3537 1947 3560 cum
1962 3523 2012 3561 sni
2029 3526 2319 3569 diffamatione-‚‚

1372 3590 1467 3626 patet
1488 3577 1664 3624 responsio
1676 3588 1719 3612 ex
1731 3575 2027 3623 primoarticu103
2045 3578 2129 3624 quia
2152 3578 2319 3624 indignus

1372 3628 1419 3663 est
1441 3629 1530 3664 fama
1551 3626 1709 3673 posttiile
1736 3625 1957 3660 mendacium
1983 3629 2197 3673 publicum&
2227 3628 2321 3662 alius

1373 3689 1460 3713 vero
1472 3679 1602 3723 dignus
1616 3676 1664 3712 cst
1678 3675 1792 3718 fama,
1816 3675 1898 3711 ideo
1923 3687 1970 3712 ex
1997 3675 2160 3721 justitia,
2183 3675 2233 3714 est
2259 3677 2324 3714 sibi

1373 3729 1465 3765 fama
1479 3727 1655 3764 reddenda
1669 3752 1680 3762 .

2238 3828 2324 3865 AR.

2335 1340 2471 1388 Referenff
2492 1352 2540 1375 ve.
2579 1347 2580 1367 3

2336 1389 2399 1407 rum
2430 1390 2535 1412 crimen
2578 1392 2581 1421 ξ

2336 1417 2482 1448 occultum
2526 1439 2539 1455 ‚

2337 1464 2395 1484 non
2429 1466 2539 1487 tenetur
2579 1464 2581 1470 ’

2336 1495 2539 1530 reti-affirmati
2579 1494 2582 1527 ἑ

2338 1533 2503 1576 quidergo?
2546 1576 2549 1579 Ι
2580 1545 2582 1579 3

2379 2420 2541 2458 Negantein

2344 2460 2452 2487 crimen
2475 2463 2540 2490 veru

2342 2497 2484 2526 occultum
2514 2501 2541 2527 in

2344 2536 2461 2573 publico
2494 2539 2540 2567 fib·

2345 2574 2532 2612 impolitum„

2344 2623 2400 2642 uon
2415 2617 2501 2642 teneri
2515 2615 2542 2643 se

2343 2654 2492 2681 reti-aelam
2505 2673 2514 2681 .

2345 2690 2387 2719 Est
2399 2690 2544 2720 confilium

2345 2729 2492 2759 char-iram
2506 2731 2545 2758 ιιό

2340 2768 2447 2805 justiriae
2461 2779 2543 2806 regu—

2344 2805 2371 2836 ln
2386 2808 2545 2839 euScholia.

2343 2843 2380 2873 ste
2413 2845 2451 2874 ad
2471 2856 2500 2876 n.
2515 2858 2544 2885 ς.

2353 3431 2470 3478 Negans·
2529 3443 2556 3474 in

2355 3479 2469 3512 publico
2480 3484 2556 3517 quod

2355 3517 2495 3546 commifit
2529 3524 2557 3550 ju

2357 3555 2471 3594 Ofcuiro
2523 3562 2557 3589 ἃ]

2357 3594 2423 3624 ΠῙΙἋΙῚ
2446 3603 2556 3629 tenetur

2357 3633 2532 3668 ²tcusuori,
