2598 4012
695 136 855 188 Tomus
885 139 971 187 ΙῙῙ.
998 142 1127 190 Pam.
1147 141 1198 189 Ι.
1226 139 1421 211 Qaestio
1443 140 1565 192 VIII.
1593 147 1697 191 Art.
1723 146 1782 193 ΙΙ.

258 210 341 256 ejus
356 236 365 250 ,
394 209 545 256 ideoque
557 218 629 244 non
654 206 933 253 correspondent
957 209 1031 247 istis
1051 211 1195 247 auibus

257 258 404 305 objeaa
416 259 575 294 distineia
592 281 601 292 .
616 258 798 305 Quivis
810 259 921 304 igitur
933 261 983 295 illi
998 261 1073 296 duo
1085 261 1194 297 assen-

259 308 532 347 Γυςῐηῐεῐῐεὸὶιιε
558 306 773 342 sufficienter
800 309 964 345 dividant
986 309 1196 348 assensum..

258 359 457 397 inteiieaus
473 359 507 391 in
523 358 737 398 communi,
759 357 892 394 adeout
920 362 1016 396 inter
1037 373 1098 397 eos
1123 373 1195 397 nori

257 412 358 448 cadat
370 408 527 444 medium
543 433 554 449 ,
580 417 663 442 cum
677 408 774 443 nulla
792 408 855 444 sint
868 410 1065 446 accidentia
1079 411 1195 447 media

253 474 301 499 ex
315 468 414 507 parte
425 455 562 502 objefffi
576 483 588 499 ,
602 469 620 491 a
635 468 707 505 qua
721 458 833 505 accipi
844 470 954 506 queat
969 461 1036 497 alia
1050 465 1198 503 veritas,

254 522 361 558 quam
378 508 543 555 principii
556 509 611 543 vel
627 506 879 555 consequentis
903 522 914 545 ε
943 522 1101 547 attamen
1127 513 1198 547 alia

256 560 306 596 est
324 559 468 594 ratioex
482 569 581 606 pirte
607 559 826 600 voluntatis,
860 572 899 598 ut
923 561 1059 597 dietum
1083 562 1132 598 est
1160 563 1198 597 in

245 609 423 658 solusione
439 633 450 643 .

357 658 416 695 Ad
432 657 625 694 secundum
655 658 855 698 resnondeo
880 688 892 704 ‚
928 662 1199 708 Argumentum

257 709 453 757 procedere
468 708 512 743 de
525 708 610 744 abiu
633 710 766 745 efficaci
792 714 923 748 amoris
951 727 962 749 z
984 713 1053 750 Sed
1068 712 1110 748 de
1136 711 1200 747 tali

257 759 458 795 aEtunobis
484 770 552 794 non
581 759 629 794 est
661 758 776 797 sermo
794 789 805 804 ,
831 763 887 799 sed
914 766 1025 809 magis
1050 765 1094 799 de
1116 763 1200 798 aaa

253 809 453 852 inefficaci,
482 810 537 844 vel
551 809 595 846 de
611 810 760 857 simplici
791 814 942 860 quadam
975 815 1200 859 complacen-

256 862 321 902 tia,
334 873 407 908 qua
427 860 593 896 voluntas
609 860 840 907 prosequitur
856 868 989 900 bonum
1006 865 1067 899 fibi
1079 864 1201 899 osten-

256 909 336 947 sum
354 923 423 948 non
437 910 500 947 sub
515 913 650 947 ratione
666 910 768 955 siv-is,
794 926 855 950 aut
872 915 1068 950 mediorum
1086 915 1129 949 ad
1160 911 1201 947 fi-

255 975 337 999 nem
356 990 368 1005 ,
386 962 524 999 haberis
537 962 656 999 astum
672 963 816 1000 volendi
832 965 919 1000 illud
934 964 1096 1000 absolute
1109 964 1199 999 citra

254 1013 416 1050 ordinem
427 1014 470 1049 ad
484 1013 582 1050 aliud
597 1038 606 1047 .
624 1015 713 1063 Qo
730 1016 810 1052 affin
829 1015 944 1062 polito
961 1043 969 1054 ,
997 1013 1067 1062 ipsa
1085 1013 1200 1060 potest

256 1064 433 1112 imperare
446 1063 665 1107 intelleftiii,
692 1068 902 1113 utinquirat
914 1068 1021 1112 quale
1046 1065 1086 1101 sit
1113 1064 1201 1099 illud

257 1115 422 1165 bonum„
446 1117 479 1152 8(
493 1115 651 1162 qualiter
678 1117 873 1153 volendum
889 1144 897 1156 ‚
926 1117 960 1152 8(
988 1127 1077 1152 tunc
1107 1117 1201 1151 ulte-

256 1165 332 1201 rius
344 1164 458 1214 potest
474 1168 521 1202 illi
535 1164 690 1202 affeniiri
704 1169 757 1202 vel
773 1180 917 1211 propter
948 1165 980 1202 se
997 1193 1008 1209 ‚
1035 1167 1091 1202 vel
1116 1178 1200 1214 pro·

252 1218 443 1263 preraliud
457 1245 468 1259 ,
491 1227 597 1265 prout
615 1215 723 1253 fuerit
735 1218 797 1254 sibi
826 1220 871 1254 ab
903 1218 1087 1255 intellestu
1110 1229 1200 1266 prae·

253 1267 492 1304 monstratum
507 1294 518 1303 .

351 1318 413 1355 Ad
437 1319 582 1355 tertium
612 1317 811 1364 respondeo
834 1333 879 1357 ex
904 1320 1011 1357 diffis
1040 1334 1049 1357 :
1076 1320 1199 1356 Minor

253 1369 348 1404 enim
364 1381 447 1406 vera
461 1370 509 1406 est
521 1381 564 1404 ex
581 1380 709 1406 natura
725 1371 957 1419 objectorum
975 1398 984 1407 .
1009 1371 1198 1418 Siquidem

253 1431 274 1453 a
287 1430 387 1466 parte
398 1422 445 1457 rei
459 1421 598 1456 nullum
614 1420 774 1457 admittit
793 1424 948 1460 medium
967 1434 1115 1471 propter
1146 1421 1201 1457 se-

252 1470 449 1507 volendum
466 1498 478 1514 ,
506 1471 541 1508 &
573 1483 720 1518 propter
745 1474 842 1510 aliud
869 1473 1059 1510 amandum
1084 1498 1092 1508 .
1129 1472 1200 1508 Sed

253 1531 323 1568 pro
336 1522 511 1568 potestate
536 1523 703 1569 potentiae
728 1524 844 1561 liberte
871 1524 1003 1563 affectu
1032 1524 1200 1570 simplicis

257 1572 528 1616 complacentiae
543 1573 689 1606 ferentis
706 1573 790 1608 sein
804 1576 937 1611 bonum
953 1574 1016 1610 fibi
1028 1577 1080 1612 ab,
1096 1576 1202 1610 intel·

259 1617 355 1652 ie&u
368 1619 615 1664 praeostensum
634 1644 647 1659 ‚
670 1623 780 1654 amari
798 1623 912 1666 potest
929 1636 994 1659 nec
1007 1636 1151 1670 propter
1169 1625 1202 1660 se

262 1669 458 1709 contrarie,
472 1679 535 1703 nec
550 1679 695 1714 propter
710 1669 807 1705 aliud
826 1671 974 1717 positive
987 1699 997 1708 .
1012 1675 1093 1709 Nec
1108 1677 1201 1710 enim

262 1728 311 1751 ex
321 1716 474 1762 eoquod
490 1728 558 1751 non
572 1717 699 1751 referat
712 1718 757 1751 ad
773 1720 873 1754 aliud
887 1720 1051 1758 censetur
1073 1724 1203 1773 dilige.

261 1777 301 1801 re
312 1777 456 1813 propter
469 1766 503 1801 se
516 1792 528 1807 ,
553 1766 636 1812 quia
652 1777 819 1813 praeierea
844 1772 1039 1814 requiritur
1054 1797 1065 1812 ,
1089 1787 1130 1809 ιη
1142 1788 1204 1809 co-

260 1814 454 1860 gnoscatur
480 1815 544 1851 fibi
568 1827 768 1862 repugnare
792 1819 836 1852 ad
866 1819 965 1854 aliud
982 1820 1137 1863 referre,
1166 1824 1201 1857 8(

257 1864 323 1901 sub
333 1866 401 1901 hac
411 1868 547 1902 ratione
558 1865 727 1912 diligatur
739 1891 751 1903 .
766 1867 898 1904 Verum
912 1868 961 1904 est
972 1879 1088 1906 tamen
1103 1870 1205 1917 quod

264 1915 288 1951 fi
311 1916 418 1952 vellet
443 1917 616 1952 inhaerere
645 1917 759 1953 eidem
788 1918 884 1955 bono
924 1931 1041 1957 amore
1056 1921 1206 1964 efficaci,

261 1967 390 2013 utique
404 1967 490 2003 illud
502 1967 662 2011 diligeret
679 1969 735 2004 vel
767 1980 915 2017 propter
946 1968 979 2005 se
994 1998 1004 2012 ‚
1036 1974 1092 2007 vel
1121 1983 1207 2018 pto-

262 2028 344 2063 pter
365 2016 488 2061 aliud,
511 2017 705 2054 secundum
724 2020 825 2068 quod
847 2020 1050 2059 intellefflms
1063 2021 1208 2060 eieffe„

264 2066 467 2104 faciendum
480 2067 631 2105 dietatet
645 2093 658 2104 .

28 1293 101 1364 Ξῖ

92 1312 102 1321 ι
111 1302 158 1339 4ξ
163 1301 225 1330 qd·

151 1342 223 1360 m

108 1380 136 1400 un
154 1379 185 1399 Ι·

424 2167 925 2212 ARTicVLVS
993 2175 1044 2213 Π.

362 2268 498 2317 Vtrum
514 2273 684 2310 voluntas
700 2273 739 2310 fit
755 2284 896 2310 tantum
919 2273 1002 2312 finis
1017 2301 1029 2319 ,
1058 2287 1103 2314 an

427 2336 430 2337 ⁷
464 2323 572 2360 etiam
599 2335 726 2361 eorum
747 2337 828 2372 quae
848 2324 936 2362 sunt
963 2327 1008 2363 ad

660 2375 767 2413 finem
797 2399 809 2410 .

313 2473 444 2512 norror
458 2474 539 2514 Iocis
552 2478 593 2513 in
606 2479 766 2524 margine
778 2479 898 2514 citatir
909 2505 922 2518 .
939 2479 976 2515 S
1007 2478 1157 2516 Thomas

571 2537 705 2577 1.2.q.
722 2529 758 2567 8.
782 2537 852 2565 art.
873 2539 908 2567 2.

380 2593 387 2605 ἱ

37 2609 234 2681 ssssw‘ffn'
266 2626 369 2717 'V
388 2627 508 2665 ldetur
523 2631 691 2667 voluntas
709 2643 778 2667 nori
793 2630 860 2668 esse
874 2643 1014 2672 eorum,
1030 2636 1111 2678 qiiae
1128 2630 1210 2667 sunt

87 2695 90 2698 ·
399 2677 440 2712 ad
456 2678 639 2722 finem,sed
652 2693 791 2717 tantum
808 2683 887 2719 finis
903 2710 910 2718 .
931 2683 1066 2718 Etenim
1086 2681 1210 2718 secun-

273 2731 357 2766 dum
369 2728 629 2777 Philosophum
646 2741 677 2776 3.
695 2729 810 2768 Ethic.
829 2745 903 2782 cap.
923 2745 952 2769 i.
968 2731 1148 2768 Voluntas
1161 2732 1211 2768 es?

260 2780 352 2826 finis
365 2808 376 2822 ,
400 2777 518 2815 eleflro
532 2791 649 2817 autem
661 2782 716 2817 efl
727 2794 846 2819 eorum
858 2811 869 2827 ‚
892 2795 969 2832 quae
986 2783 1072 2827 sunt
1096 2783 1144 2818 ad
1160 2781 1210 2825 fi-

268 2843 371 2868 nem.
389 2829 518 2877 Estque
533 2832 576 2868 de
589 2833 840 2876 conclusione,
871 2847 952 2882 quae
975 2834 1211 2870 deliberative

271 2880 503 2919 concluditur
516 2893 576 2928 per
593 2882 836 2930 syllogismum
850 2885 1047 2934 prac‘ticum
1069 2898 1081 2926 ;
1095 2886 1211 2930 igitur

270 2933 442 2969 voluntas
453 2930 502 2967 est
515 2944 652 2968 tantum
669 2934 747 2971 finis
763 2961 773 2970 .

373 2984 545 3019 Praeterea
561 3009 571 3025 ‚
596 2986 750 3021 Eatenus
767 2986 935 3023 voluntas
957 2985 1119 3023 tenderet
1141 2986 1211 3021 cir-

273 3045 316 3070 ca
326 3046 366 3070 ea
381 3061 393 3077 ,
414 3045 495 3080 quae
511 3032 590 3070 sunt
605 3035 650 3070 ad
663 3034 767 3071 finem
785 3036 931 3083 perinde
947 3049 986 3072 ac
1014 3037 1049 3072 in
1081 3037 1211 3087 ipsum,

273 3085 497 3131 quatenusin
516 3085 569 3121 cis
587 3085 780 3121 salvaretur
809 3087 899 3123 ratio
923 3088 1080 3123 formalis
1107 3087 1212 3134 obje-

278 3134 327 3171 ἑὶί
347 3136 571 3172 voluntatis:
588 3136 689 3183 atqui
708 3136 835 3172 mediis
848 3138 943 3174 nulla
957 3137 1042 3173 inest
1066 3138 1212 3186 propria

270 3187 416 3223 bonitas
429 3212 439 3227 ‚
468 3185 529 3221 nisi
544 3199 588 3223 ex
605 3186 674 3222 fine
690 3213 701 3228 ‚
726 3186 832 3233 cujus
849 3188 966 3232 gratia
978 3187 1092 3224 media
1120 3189 1211 3225 sunt:

42 3239 236 3279 ard-4⁷44·
272 3248 360 3282 ergo
380 3237 550 3273 voluntas
564 3236 614 3273 est
629 3247 770 3273 tantum
794 3237 871 3273 finis
889 3265 899 3280 ,
930 3239 963 3274 8<
991 3249 1061 3273 non
1083 3251 1211 3275 eorum

43 3277 238 3318 *ulum*
268 3299 352 3335 qua:
367 3286 501 3323 suntad
518 3287 623 3324 finem
642 3314 649 3322 .
672 3287 841 3323 Probatio
857 3289 1003 3323 minoris
1031 3302 1041 3324 ε
1071 3289 1212 3326 Bonum

44 3324 125 3347 'm'
272 3338 386 3379 utile,
411 3337 552 3384 quaeest
569 3340 712 3375 bonitas
739 3340 936 3375 mediorum
956 3366 964 3380 ‚
988 3351 1060 3375 non
1087 3339 1136 3375 est
1159 3340 1213 3375 di-

275 3388 440 3425 stin-stum
460 3390 506 3424 ab
528 3388 680 3424 honesto
697 3415 708 3431 ,
735 3391 769 3425 8(
799 3390 1028 3431 ἀεῐοξὶεὼίἰί,
1055 3390 1142 3436 quia
1168 3390 1213 3425 ad

276 3441 428 3476 alterum
441 3440 596 3486 ipsorum
611 3440 796 3476 reducitur
809 3466 817 3475 .
835 3439 934 3486 Ergo
958 3442 991 3475 in
1015 3440 1072 3475 his
1090 3467 1101 3482 ,
1130 3452 1212 3487 quae

86 3505 241 3543 3342„
274 3489 354 3526 sunt
381 3490 426 3524 ad
456 3489 562 3525 finem
579 3518 590 3532 ,
620 3502 690 3527 non
716 3489 873 3528 salvatur
901 3489 1095 3527 intrinseca
1124 3492 1216 3526 ratio

47 3544 218 3576 Mimia-
231 3563 243 3574 .
273 3540 409 3587 objeffi
426 3541 622 3576 voluntatis
639 3566 649 3576 .

376 3591 549 3627 Praeterea
565 3618 575 3634 ‚
601 3592 682 3628 Sola
696 3591 766 3630 Dei
782 3593 926 3627 bonitas
950 3602 1071 3627 movet
1088 3593 1218 3627 volun-

280 3649 388 3675 tatem
403 3641 443 3675 :id
458 3642 589 3689 ipfius,
618 3642 651 3677 8(
666 3643 819 3689 proximi
850 3641 1075 3677 dileGIionem
1096 3655 1108 3683 3
1130 3655 1219 3687 ergo

281 3690 379 3725 nulla
393 3692 456 3726 alia
471 3694 612 3728 bonitas
629 3694 805 3738 reperitur
819 3693 854 3726 in
873 3691 998 3726 mediis
1016 3703 1143 3737 praeter
1157 3695 1223 3728 bo-

285 3740 428 3775 nitatem
447 3741 525 3777 finis
538 3770 548 3785 ‚
572 3755 651 3789 quac
670 3742 740 3777 sola
753 3742 802 3778 est
830 3742 979 3778 formale
1005 3743 1039 3778 8(
1054 3742 1223 3791 adaequa·

284 3799 360 3825 tum
375 3789 557 3836 objceium
575 3793 769 3829 voluntatis
784 3817 794 3827 .

64 2819 132 2838 ....-)

1368 211 1530 252 Contra,
1563 212 1692 247 Eadem
1710 215 1868 260 potentia
1883 216 2103 254 intellefiiva
2126 233 2205 256 ver-

1265 259 1467 296 fatui-eirca
1481 262 1700 307 principia&
1725 266 1971 302 conclusiones
1998 279 2042 302 ex
2071 270 2119 304 eis
2144 269 2205 306 de·

1264 310 1419 352 dufftam
1443 322 1530 356 ergo
1560 311 1594 347 8(
1621 311 1747 347 eadem
1774 315 1941 352 voluntis
1963 317 2080 353 ten-iit
2100 319 2133 353 in
2165 320 2207 354 fi-

1266 371 1348 396 nem
1359 387 1372 404 ,
1394 371 1505 407 atque
1519 362 1554 398 in
1571 375 1607 398 ea
1621 387 1636 408 ,
1656 374 1734 408 quae
1745 363 1787 397 ad
1803 363 1908 400 finem
1921 368 2133 403 ordinantur
2147 393 2156 403 .

1371 411 1585 457 Respondeo
1600 411 1796 449 dicendum
1816 441 1826 454 ,
1842 416 1995 453 Eandem
2014 419 2208 463 potentiam

1268 462 1456 496 volitivam
1472 462 1539 498 esse
1553 489 1564 505 ,
1592 475 1672 511 quae
1685 463 1838 500 intendit
1855 465 1959 502 finem
1976 495 1987 510 ‚
2004 480 2043 502 ac
2059 470 2135 505 vult
2152 482 2208 511 ea,

1270 522 1351 557 qiiae
1368 511 1447 546 sunt
1464 513 1506 548 ad
1536 512 1640 549 finem
1669 539 1677 548 .
1710 512 1947 552 Declaratio:
1983 518 2097 553 Media
2116 545 2126 560 ‚
2152 520 2209 554 vel

1270 563 1363 596 bona
1383 562 1483 596 utilia
1496 589 1506 604 ‚
1541 563 1689 610 praedita
1705 563 1784 600 sunt
1799 567 1940 613 propi-ia
1960 578 2068 614 atque
2085 569 2210 603 intrin-

1271 611 1346 646 seca
1358 613 1515 648 bonitate
1531 614 1566 648 in
1581 625 1710 658 genere
1727 617 1818 651 eutis
1833 616 2114 662 independenter
2130 631 2146 651 a
2170 618 2212 652 fi-

1272 674 1339 703 ne,
1365 661 1408 697 ad
1422 673 1529 707 quem
1547 676 1628 710 apta
1644 676 1724 699 nata
1752 665 1831 700 sunt
1854 666 2012 702 ordinari
2031 681 2042 708 3
2067 670 2212 715 quando

1270 723 1357 755 ergo
1369 712 1476 758 reipsa
1491 713 1534 748 ad
1565 714 1671 750 finem
1694 716 1908 751 ordinamur
1926 743 1936 758 ,
1960 729 1999 752 ac
2026 719 2140 763 gratia
2163 720 2214 767 ip-

1271 760 1340 797 sius
1352 774 1570 809 appetuntur
1583 792 1596 811 ‚
1619 767 1747 812 utique
1762 767 1809 802 ibi
1822 766 1870 802 est
1883 767 1972 802 ordo
1988 768 2078 804 inter
2092 767 2215 812 finem,

1272 811 1306 846 8(
1321 812 1442 848 ensad
1461 813 1564 850 finem
1584 818 1617 851 in
1634 815 1794 852 bonitate
1809 843 1820 859 ,
1841 816 1913 853 sive
1936 820 2215 864 appetibiiitate,

1271 873 1451 908 quatenus
1469 877 1530 900 ens
1547 865 1589 901 ad
1607 864 1711 902 finem
1727 867 1836 903 habet
1850 869 2049 903 bonitatem
2075 870 2218 915 partici-

1272 924 1390 959 patam
1404 913 1678 961 respeStufinis,
1703 929 1939 954 veruntamen
1961 930 1998 954 ea
2023 921 2217 966 participa—

1271 972 1309 997 ta
1323 965 1462 999 bonitas
1480 976 1550 1000 non
1563 965 1611 1001 est
1631 979 1720 1014 pura
1741 968 1939 1005 extrinseca
1961 967 2212 1006 denominatio

1273 1024 1414 1061 accepta
1436 1026 1454 1048 a
1481 1013 1574 1057 fine,
1599 1027 1640 1050 ac
1664 1016 1698 1052 iri
1729 1019 1844 1055 media
1870 1019 2055 1062 derivata,
2082 1019 2138 1056 sed
2165 1020 2215 1056 est

1273 1064 1414 1100 bonitas
1426 1067 1567 1112 propria
1583 1093 1594 1108 ,
1619 1067 1857 1105 &intrinseca
1875 1071 1924 1105 eis
1942 1096 1953 1111 ,
1982 1069 2089 1116 cujus
2101 1073 2218 1117 gratia

1272 1115 1444 1149 bonitatis
1459 1115 1769 1165 ordinariqueiint
1795 1119 1839 1155 ad
1861 1120 2147 1169 affeqilutionem
2175 1120 2218 1156 fi·

1271 1165 1345 1200 nis:
1365 1166 1670 1211 'quemadmodum
1698 1170 1791 1206 inter
1821 1171 2041 1218 principium
2066 1173 2100 1208 8(
2132 1184 2220 1208 con-

1270 1214 1447 1252 clusiones
1461 1215 1508 1254 est
1523 1230 1583 1266 per
1596 1217 1626 1255 se
1642 1220 1735 1256 ordo
1751 1223 1912 1258 veritatis
1939 1235 1948 1258 t
1977 1222 2069 1259 Nam
2088 1224 2218 1269 princi-

1269 1270 1370 1315 pium
1386 1268 1571 1305 estverum
1599 1269 1728 1314 deuse,
1754 1285 1883 1319 nempe
1913 1285 1960 1309 ex
1990 1276 2218 1310 connexione

1267 1320 1505 1355 terminorum
1524 1322 1656 1367 quibus
1668 1322 1805 1359 constat
1820 1336 1829 1360 ε
1845 1324 2041 1360 Conclulio
2059 1336 2146 1360 vero
2160 1337 2223 1360 ve-

1270 1371 1414 1406 ritatem
1428 1383 1446 1405 a
1463 1372 1640 1420 principio
1658 1385 1848 1411 mutuatur
1863 1402 1873 1418 ,
1900 1375 1944 1411 sic
1960 1386 2077 1411 tamen
2107 1387 2221 1412 eam.»

1274 1421 1428 1468 accipit,
1452 1432 1492 1456 ut
1518 1422 1557 1458 sit
1586 1425 1730 1472 propria
1757 1452 1767 1467 ‚
1794 1428 1827 1463 8<
1856 1425 2045 1462 intrinseca
2074 1426 2158 1469 sibi,
2183 1427 2220 1462 8(

1273 1482 1345 1504 non
1358 1481 1499 1508 tantum
1515 1472 1759 1513 denominatio
1771 1475 1974 1513 extrinseca
1993 1490 2005 1519 ;
2024 1489 2069 1513 ex
2083 1489 2160 1525 quo
2180 1477 2222 1514 fit

1271 1523 1517 1559 utintelle‘cffiii
1542 1527 1716 1562 terminos
1743 1526 1823 1573 ejus
1848 1527 2131 1575 apprehendenti
2156 1540 2221 1575 pa-

1269 1579 1342 1610 teat
1357 1574 1391 1608 in
1407 1571 1472 1609 suo
1486 1576 1675 1613 evidentiae
1688 1579 1803 1626 gradu
1820 1606 1831 1621 ,
1855 1591 1882 1615 e*
1893 1579 1903 1614 i
1915 1602 1920 1612 ι
1931 1578 2223 1626 mindependen·

1271 1630 1354 1656 tera
1369 1625 1546 1671 principio
1565 1639 1577 1662 ι
1594 1626 1654 1662 etsi
1671 1640 1849 1676 quatenus
1865 1640 1947 1664 cuim
1974 1630 2176 1677 principis),
2201 1641 2222 1663 a

1273 1682 1350 1716 quo
1363 1673 1492 1716 pendet
1508 1701 1519 1715 ,
1546 1687 1801 1720 comparatur,
1823 1680 1862 1714 sit
1881 1680 1987 1723 longe
2000 1680 2224 1715 evidentior.

1273 1721 1518 1758 Consimiliter
1535 1725 1652 1761 media
1668 1750 1680 1769 ,
1705 1728 1739 1762 8<
1758 1728 1850 1760 bona
1868 1728 1966 1761 utilia
1984 1728 2225 1776 independen-

1274 1779 1328 1805 ter
1348 1785 1366 1806 a
1390 1771 1460 1808 fine
1486 1776 1668 1819 propriam
1693 1776 1862 1822 poffijent
1901 1778 2127 1821 bonitavem,
2161 1790 2226 1826 per

1274 1828 1386 1861 quam
1409 1823 1527 1864 appeti
1554 1823 1696 1867 pofl'unt
1717 1827 1751 1858 in
1772 1826 1897 1859 ordine
1921 1827 1963 1860 ad
1990 1825 2094 1863 finem
2124 1855 2134 1870 ,
2167 1828 2226 1864 sed

1276 1867 1424 1912 quando
1441 1868 1485 1903 sic
1498 1882 1664 1907 amantur
1678 1899 1690 1914 ‚
1721 1883 1808 1908 tunc
1822 1874 1957 1909 constat
1970 1875 2013 1910 de
2029 1878 2226 1915 eoi-undem

1278 1918 1434 1954 utilitate
1447 1944 1457 1954 .
1476 1920 1571 1956 Cum
1590 1922 1701 1967 igitur
1717 1922 1925 1958 includatur
1939 1925 1971 1959 in
1985 1927 2034 1960 eis
2053 1929 2143 1963 raio
2156 1929 2228 1963 for-

1279 1968 1527 2016 malisobjeffi
1547 1973 1745 2008 voluntatis
1764 1999 1774 2013 ‚
1801 1973 1950 2009 evidens
1966 1975 2014 2011 est
2031 1977 2137 2023 ipsam
2163 1991 2229 2014 vo-

1280 2019 1418 2055 luniate
1431 2035 1452 2055 n
1469 2033 1540 2056 non
1559 2021 1673 2059 solnm
1693 2022 1760 2060 effe
1773 2023 1850 2060 finis
1864 2050 1876 2067 ‚
1889 2024 1946 2061 sed
1962 2038 2068 2063 etiam
2086 2039 2234 2072 eorum,

1281 2080 1365 2117 quae
1381 2072 1595 2109 ordinantur
1612 2074 1657 2109 ad
1675 2074 1781 2111 finem
1800 2103 1808 2113 .

1383 2126 1418 2160 A
1433 2123 1443 2156 i
1460 2135 1670 2170 argumenta
1685 2155 1693 2164 .
1711 2126 1769 2164 A!
1785 2128 1938 2173 primum
1953 2129 2115 2165 concedo
2131 2155 2141 2171 ,
2166 2142 2232 2165 vo-

1278 2172 1715 2212 luntatemintenjentem
1741 2176 1846 2213 finem
1878 2179 2068 2225 praecipere
2095 2181 2231 2217 intelle-

1280 2222 1381 2267 aui,
1409 2225 1619 2273 utinquirat
1634 2225 1678 2262 de
1695 2228 1842 2269 mediis,
1867 2229 2002 2273 quibus
2026 2229 2231 2278 assequatur

1281 2273 1417 2317 finem,
1442 2287 1482 2310 ac
1509 2278 1652 2313 tandem
1677 2279 1809 2322 eligere
1830 2279 1905 2313 haec
1930 2278 1963 2315 S<
1994 2280 2051 2316 illa
2077 2309 2085 2321 ‚
2122 2294 2231 2327 prout

1279 2326 1427 2361 utiliora
1445 2326 1617 2363 videntur
1632 2340 1647 2364 .’
1659 2328 1835 2376 Sequitur
1851 2340 1967 2373 ergo»,
1985 2332 2093 2366 alium
2107 2333 2229 2368 astum

1279 2373 1594 2414 effeintensionem
1610 2377 1690 2415 finis
1704 2407 1714 2421 ,
1743 2380 1853 2415 alium
1870 2377 2078 2417 eleuionem
2096 2382 2233 2418 medio-

1279 2437 1358 2462 rum
1375 2428 1418 2462 ad
1433 2426 1538 2464 finem
1555 2455 1566 2470 ‚
1594 2429 1695 2477 quod
1710 2442 1834 2465 verum
1852 2429 1899 2465 est
1913 2456 1924 2472 ,
1954 2430 2040 2467 sicut
2066 2432 2232 2480 aliquan-

1274 2475 1325 2522 do
1337 2489 1410 2514 uno
1434 2479 1637 2529 eodemque
1663 2480 1745 2516 astu
1773 2491 1956 2526 utrunque
1983 2483 2233 2529 repoesentare

1277 2539 1420 2576 queunt
1439 2554 1450 2570 ‚
1480 2540 1517 2565 ut
1530 2531 1622 2566 infra
1635 2531 1883 2578 explicabitur
1898 2530 2144 2579 art.sequenti
2159 2559 2166 2571 ,
2183 2535 2228 2575 <3⁴

1275 2578 1397 2627 quaest.
1416 2589 1473 2618 12.
1486 2577 1555 2617 Sed
1569 2592 1687 2618 tamen
1701 2582 1743 2618 de
1758 2581 1881 2617 eadem
1910 2584 2067 2628 potentia
2090 2582 2234 2630 profici-

1277 2628 1389 2665 scitur
1402 2640 1578 2678 uterque,
1604 2632 1708 2675 sicuti
1722 2631 1846 2667 eadem
1870 2632 2088 2669 inteliefflva
2116 2634 2230 2669 attin·

1279 2680 1334 2726 git
1351 2681 1528 2728 principia
1544 2683 1577 2718 8<
1591 2681 1840 2718 conclusiones
1859 2693 1904 2718 ex
1921 2683 1971 2718 eis
1986 2681 2158 2719 deduuas
2172 2709 2182 2719 .

1381 2729 1439 2766 Ad
1454 2729 1646 2775 secundum
1675 2732 1827 2768 dicimus
1843 2732 2069 2780 ,oppositum
2088 2735 2233 2771 minoris

1280 2791 1347 2816 nos
1360 2780 1601 2818 ostendissem
1614 2783 1790 2830 sialutime
1823 2809 1832 2818 .
1863 2783 1905 2816 Et
1933 2795 2014 2819 cum
2044 2787 2231 2830 probatur,

1256 2864 1259 2865 γ
1280 2833 1368 2877 quia
1386 2833 1522 2868 bonum
1541 2835 1627 2870 utile
1645 2845 1715 2869 non
1744 2832 1981 2878 distinguitur
2010 2836 2055 2870 ab
2083 2835 2233 2871 honesto

1281 2884 1316 2918 8(
1335 2882 1533 2918 delestibili
1548 2910 1560 2932 2
1587 2884 1673 2931 quia
1687 2883 1729 2918 ad
1747 2884 1804 2919 illa
1819 2883 2004 2920 reducitur
2030 2910 2039 2919 .
2069 2885 2232 2932 Respon-

1282 2933 1353 2968 sio:
1371 2935 1422 2969 Ex
1441 2945 1484 2968 eo
1500 2935 1600 2969 aliud
1616 2947 1685 2970 non
1716 2933 1845 2981 sequi,
1878 2936 1940 2971 nifi
1967 2935 2066 2981 quod
2097 2937 2232 2973 bonum

1282 2983 1372 3020 urile
1387 2981 1455 3019 effe
1469 2996 1538 3019 non
1554 2985 1666 3031 potest
1680 2985 1835 3031 primum
1851 2987 2027 3021 motivum
2043 2985 2085 3019 ad
2099 2998 2232 3022 concu-

1281 3033 1491 3083 piscendum
1511 3062 1520 3075 ‚
1540 3040 1626 3083 quia
1641 3047 1710 3070 non
1727 3036 1909 3083 appetitui·
1923 3035 1983 3072 nisi
1999 3035 2032 3070 in
2048 3037 2171 3072 ordine
2187 3038 2231 3073 ad

1281 3085 1380 3122 aliud
1401 3097 1413 3125 ;
1440 3084 1506 3121 effe
1523 3086 1636 3130 igitur
1649 3085 1764 3133 potest
1781 3088 1959 3121 mosivum
1984 3085 2112 3121 secund
2127 3089 2233 3124 irium

1282 3137 1424 3172 titione
1441 3139 1590 3183 propriae
1607 3164 1616 3178 ‚
1637 3147 1677 3171 ac
1696 3135 1756 3171 sibi
1770 3136 1969 3172 intrinsecae
1984 3138 2154 3173 bonitatis
2168 3161 2180 3171 .

1356 3184 1360 3187 ’
1387 3186 1447 3222 Ad
1480 3187 1627 3222 tertium
1655 3187 1809 3222 dicimus
1827 3214 1836 3229 ,
1860 3188 1986 3232 utique
2015 3186 2122 3222 solam
2165 3189 2234 3224 Dei

1285 3239 1483 3276 bonitatem
1513 3249 1660 3273 movere
1687 3240 1732 3272 ad
1758 3236 1984 3283 diligendum
2012 3239 2234 3286 proximum,

1321 3390 1370 3425 (a)
1409 3386 1563 3417 Themistae
1578 3385 1657 3417 sunei·
1668 3393 1723 3415 art.
1738 3394 1764 3414 2.
1777 3395 1806 3424 q.
1831 3395 1856 3415 r.
1872 3396 1897 3415 i·
1923 3396 1951 3415 z.
1966 3387 2098 3416 viientur
2124 3386 2235 3423 sentire,

1285 3430 1378 3458 media
1392 3437 1449 3456 non
1462 3427 1548 3454 aliam
1562 3425 1662 3453 habere
1685 3425 1870 3454 bonitatem&
1894 3425 2024 3454 bonitate
2049 3427 2107 3455 finis
2121 3447 2128 3455 .
2151 3428 2236 3464 Quor

1284 3468 1406 3504 sequitui·
1421 3465 1548 3500 Magister
1557 3463 1689 3493 castellus
1702 3482 1711 3496 ,
1723 3463 1792 3501 disp.
1812 3473 1837 3495 ζ.
1864 3465 1899 3493 de
1923 3464 2023 3492 Anima
2034 3466 2097 3498 fef).
2121 3475 2164 3493 iz.
2187 3465 2232 3494 scd

1285 3507 1349 3536 sane
1365 3515 1423 3534 nnn
1433 3502 1466 3531 ad
1478 3512 1601 3531 mentem
1618 3502 1748 3530 Dostom
1764 3520 1772 3529 .
1793 3502 1917 3541 Vasqucz
1939 3513 1963 3530 i.
1981 3513 2009 3530 ι.
2029 3502 2099 3538 disp.
2129 3513 2188 3530 1.(·.
2204 3513 2231 3530 ι.

1287 3544 1420 3575 Βοᾶοτίς
1432 3542 1594 3570 sententiam
1609 3539 1717 3569 videtur
1736 3540 1865 3577 sequutus
1886 3561 1894 3569 .
1917 3542 2058 3570 Caetcrum
2071 3542 2098 3569 S.
2123 3542 2232 3569 antor

1285 3581 1417 3624 praesi’rm'
1426 3580 1545 3609 articulo
1557 3579 1654 3607 <ci-ibit
1668 3589 1675 3606 :
1700 3580 1784 3609 Ratio
1797 3579 1898 3608 ahiem·
1919 3579 2071 3607 voluntati]
2085 3597 2095 3611 ‚
2117 3581 2188 3616 quod
2196 3579 2233 3612 el?

1288 3625 1389 3652 bonum
1402 3638 1412 3653 ‚
1423 3628 1475 3646 non
1482 3618 1565 3650 solum
1577 3617 1733 3654 requiritur
1746 3618 1776 3646 in
1787 3619 1842 3648 fine
1856 3636 1866 3651 ‚
1884 3617 1934 3655 fid
1948 3618 2035 3645 etiarn
2061 3617 2090 3644 in
2110 3619 2209 3646 medin
2221 3636 2232 3649 ,

1281 3659 1420 3698 siquidem
1431 3654 1497 3690 sunt
1510 3657 1634 3693 quaedam
1645 3656 1714 3684 bona
1730 3657 1817 3684 utilia
1831 3658 1870 3684 ad
1882 3657 1964 3683 fine-n
1977 3675 1985 3683 .
2006 3655 2085 3683 Unde
2110 3656 2157 3694 ipsi
2173 3675 2182 3689 ,
2203 3658 2231 3684 δί

1291 3696 1410 3728 Ductori
1426 3697 1514 3724 Scoto
1530 3694 1567 3723 est
1580 3693 1693 3731 praesens
1705 3692 1815 3723 alfei-tio
1827 3694 1983 3722 communis
1996 3712 2004 3720 .

1328 3736 1374 3769 (b)
1414 3732 1539 3762 Alteram
1549 3741 1655 3771 partem
1668 3751 1678 3765 ,
1691 3734 1809 3760 anastas
1822 3752 1831 3766 ‚
1842 3742 1899 3769 quo
1914 3731 2044 3760 volunta<
2057 3731 2118 3761 vult
2131 3731 2233 3763 incili-⁴1,

1289 3773 1320 3801 lit
1333 3771 1463 3800 dicendus
1478 3772 1547 3800 :ilius
1562 3771 1595 3799 ab
1609 3780 1644 3797 co
1657 3789 1667 3804 ‚
1690 3781 1748 3808 quo
1761 3771 1821 3798 vult
1848 3771 1954 3803 finem,
1980 3771 2123 3799 omisimus
2135 3789 2145 3803 ‚
2168 3771 2232 3805 qui-1

1288 3812 1356 3840 teste
1369 3811 1498 3839 Valentia
1511 3810 1555 3840 hic
1568 3827 1579 3845 ,
1591 3818 1649 3838 non
1661 3819 1718 3839 taxii
1730 3808 1769 3839 cst
1778 3808 1965 3839 controversia
1980 3810 2014 3838 de
2028 3819 2056 3839 re
2071 3827 2081 3842 ‚
2101 3817 2186 3847 quiin
2199 3807 2234 3834 de

1290 3858 1408 3880 nomine
1420 3866 1429 3877 .

2250 531 2274 550 1·
2287 521 2316 550 d·
2336 532 2358 550 Y·
2371 529 2398 559 q·
2419 531 2445 552 ἶ·

2248 565 2272 593 §v
2294 564 2445 598 ⁴,Quantum

2247 599 2286 627 asi
2302 600 2423 636 primum
2439 618 2446 624 .

2247 637 2386 675 Qiodl.q.
2405 641 2448 664 16.

2249 680 2275 703 ⁶.
2290 676 2447 703 Secundum

2251 714 2288 741 V.
2311 714 2355 740 Ad
2395 716 2446 739 Se-

2251 762 2262 778 c
2269 761 2306 778 un
2314 753 2373 778 :lam
2382 760 2445 788 pro-

2251 789 2390 817 hattonem
2429 793 2445 817 x2

2250 837 2278 855 n.
2289 830 2318 855 6.

2334 914 2399 1015 {2³3

2270 2734 2335 2792 Ηίἶ.
2344 2725 2467 2803 ῗιὶῖπῖἑίιξζ

2268 2802 2305 2847 tif
2316 2824 2322 2830 .
2341 2805 2376 2832 V·
2387 2804 2467 2833 Vlte-

2269 2850 2329 2870 rlut'
2344 2861 2354 2872 ο
