2628 4043
168 320 232 347 Nee
257 319 345 347 eredo
357 337 370 353 ,

169 359 259 396 iuquit
271 358 380 391 chhe-

169 407 213 425 tus
225 397 307 435 supet
329 396 377 427 di—

169 437 243 466 stint.
258 446 287 468 7.
309 445 336 464 2.
349 440 377 470 6.

170 477 218 505 Ad
227 473 375 511 fhlutiom'r’,

168 525 200 545 ut
209 515 296 554 aliqui
308 514 377 542 1³1·ae-

169 554 312 582 dtcatores
325 554 377 580 mi.

169 601 220 621 nus
229 596 313 630 quam
327 592 378 620 doz

170 631 213 659 file
228 641 295 669 3qut
308 631 377 661 affe*

175 679 240 699 runt
259 670 338 708 quod

170 709 287 748 quando
323 707 379 737 211⁴

170 749 235 785 quis
252 749 292 778 est
317 749 381 779 in„

171 786 312 816 charitate
324 805 335 820 ‚

167 826 244 865 quod
256 826 310 856 five
321 826 385 855 dor.

169 865 246 893 iniat
258 878 269 898 9
292 864 378 896 sivss,

171 903 307 937 comeda:
321 902 378 937 five

171 941 280 978 aliquid
301 934 377 976 aliud

170 980 243 1008 facia
255 988 282 1012 t,
298 978 378 1019 quod

173 1017 289 1054 semper
313 1025 377 1047 me-

172 1065 270 1085 reatur
285 1070 300 1086 ο

178 3524 205 3542 2.
219 3517 246 3543 d.
259 3525 308 3551 40.
321 3520 356 3546 (T

176 3556 312 3592 θρέφθη.
330 3560 374 3583 18»

176 3599 209 3623 U*
224 3595 288 3622 alubi
312 3595 375 3624 frae-

174 3642 293 3668 quenter
308 3651 319 3660 ·

491 186 510 219 1
528 186 543 217 1
559 185 584 215 2

411 240 487 279 tis,
516 246 765 287 contraquam
789 247 944 289 operans
974 240 1151 276 obnoxius
1182 241 1351 276 reddatur

416 302 566 340 peccato
579 293 737 327 mortali:
764 304 828 328 nec
842 295 1001 330 tentione
1016 287 1170 334 minori,
1197 301 1350 327 contra-

417 356 526 390 quam
553 341 593 376 fit
623 353 810 390 peccatum
834 346 974 379 veniale
1002 364 1015 386 ,
1057 341 1185 378 reserre
1216 340 1351 389 semper

419 406 539 430 aetum
555 392 655 428 suum
673 394 708 428 in
724 395 841 429 Deum
853 395 1043 430 actualiter
1056 394 1111 428 vel
1124 394 1327 429 virtualiter
1340 403 1352 426 z

417 447 504 493 quia
521 446 617 479 Deus
629 454 698 477 non
710 445 895 480 adstrinxit
909 444 1102 480 humanam
1128 442 1352 479 imbecillita-

417 508 489 532 tem
506 497 542 529 in
556 493 714 541 praesenti
729 494 819 530 statu
834 495 1075 531 distractionis
1090 506 1134 530 eo
1149 492 1263 540 usque
1276 520 1287 535 ,
1313 499 1352 527 ut

416 546 556 594 semper
573 545 761 581 venialiter
773 556 934 593 peccaret
952 573 963 587 ,
983 546 1126 592 quoties
1143 543 1186 578 ad
1203 543 1352 592 seipsum

417 609 519 634 actus
549 594 630 631 suos
645 605 728 631 actu
767 598 822 632 vel
837 598 971 632 virtute
992 607 1063 631 non
1078 595 1223 630 referret
1237 617 1246 625 -
1276 597 1353 632 Ne-

415 659 486 697 que
502 650 536 685 in
549 647 605 682 his
623 648 764 682 actibus
777 647 922 694 reperiri
941 644 1083 682 videtur
1099 646 1189 680 ratio
1212 646 1354 680 bonita-

418 704 461 736 tis
477 727 487 740 ‚
511 711 591 744 quae
607 693 754 734 sufficiat
768 697 809 732 ad
824 698 986 732 meritum
1002 708 1012 731 τ
1028 696 1211 743 Siquidem
1227 696 1285 730 etsi
1301 707 1353 731 raa

418 753 469 788 tio
485 749 598 787 meriti
617 749 849 795 probabiliter
866 746 1020 782 salvetur
1034 748 1069 783 in
1081 759 1162 782 actu
1176 747 1218 780 ad
1237 748 1352 781 Deum

420 801 624 838 virtualiter
637 801 749 835 relato
761 822 772 841 ,
797 798 984 834 deficiente
995 806 1113 833 tamen
1131 797 1200 831 hoc
1214 798 1353 831 virtua.

419 849 442 890 li
458 846 622 899 respectu
641 877 652 891 ,
676 861 713 884 ut
731 852 765 884 in
781 848 862 885 casu
879 875 891 891 ‚
918 857 1012 885 recte
1025 847 1230 883 excluditur
1244 858 1351 882 omne

416 905 581 940 meritum
596 899 766 946 condigni
783 927 789 936 .
1160 941 1174 946 ..

514 949 846 1001 Qrtumdiftum
866 960 876 986 ε
907 950 1014 985 Multi
1033 947 1111 984 sunt
1128 946 1229 984 astus
1243 946 1353 983 indis»

415 1001 570 1041 ferentes
584 1027 597 1045 ‚
625 1013 695 1037 non
716 1001 827 1038 solum
842 1000 1035 1036 secundum
1064 997 1131 1047 eſje
1147 1001 1180 1033 in
1207 999 1351 1045 specie..

414 1062 575 1096 naturae,
605 1052 647 1088 de
663 1064 735 1099 qua
762 1050 998 1088 indifferentia
1022 1051 1140 1087 aetum
1159 1048 1352 1086 eArticulo

409 1105 636 1157 praecedenti,
665 1102 721 1138 sed
734 1103 841 1138 etiam
857 1102 1051 1139 secundum
1065 1100 1295 1137 individuum
1313 1101 1349 1134 in

413 1168 545 1204 genere
557 1153 666 1191 moris
684 1160 693 1174 ⁶
721 1156 820 1191 Nam
849 1153 952 1190 multi
967 1153 1158 1199 singulares
1171 1150 1272 1187 astus
1285 1150 1350 1185 eli-

414 1209 480 1243 citi
493 1214 564 1243 non
593 1203 672 1240 sunt
696 1205 809 1246 boni,
836 1215 901 1240 vec
929 1204 1009 1239 mali
1025 1203 1204 1239 moraliter
1220 1213 1232 1242 ς
1260 1212 1349 1245 ergo

415 1258 555 1299 neutri,
584 1258 638 1292 vel
651 1252 894 1292 indifferentes
912 1281 920 1289 .
950 1254 992 1290 Et
1006 1254 1152 1300 quidem
1168 1251 1348 1287 demulce-

414 1319 453 1344 re
471 1309 619 1344 barbam
634 1333 644 1348 ‚
675 1309 793 1341 levare
811 1316 934 1342 eterra
946 1305 1115 1353 festucam
1134 1329 1148 1346 ‚
1175 1312 1346 1350 expuere,

412 1358 645 1396 deambulare
667 1357 709 1392 ad
733 1356 843 1392 animi
869 1358 1028 1392 levemen
1046 1379 1057 1397 ,
1085 1351 1347 1403 &ffiQusmodi

415 1407 659 1445 indifferentes
682 1405 827 1441 omnino
841 1405 918 1442 sunt
933 1427 946 1449 ,
973 1418 1044 1441 non
1071 1404 1182 1442 solum
1198 1429 1210 1445 ,
1228 1408 1277 1439 ‘ut
1293 1413 1346 1438 re·

413 1460 579 1505 feruntur
596 1457 637 1492 ad
653 1459 818 1493 meritum
835 1457 868 1493 St
884 1456 1097 1492 demeritum
1112 1479 1124 1499 -‚
1153 1453 1211 1490 sed
1234 1454 1345 1489 etiam

411 1512 447 1546 in
462 1506 525 1558 ff
541 1510 692 1544 morali.
719 1509 801 1544 Hoc
813 1508 904 1542 enim
919 1508 983 1554 effi:
999 1508 1108 1542 moris
1122 1518 1192 1543 non
1208 1503 1346 1540 constat

411 1557 556 1607 praecise
571 1572 613 1593 ex
631 1571 673 1595 eo
688 1557 785 1602 quod
799 1557 982 1605 quidpiam
998 1558 1191 1593 deliberate
1206 1582 1219 1598 ,
1230 1556 1262 1590 8<
1282 1568 1348 1591 vo·

411 1611 565 1647 luntarie
581 1608 641 1644 fiat
655 1635 664 1650 ‚
693 1607 749 1642 sed
780 1617 946 1653 praeterea
973 1619 1186 1644 concurrere
1199 1616 1346 1650 oportet

411 1660 575 1704 regulam
593 1668 731 1693 morum
749 1679 762 1699 ‚
788 1657 886 1701 quod
911 1658 959 1693 est
982 1657 1158 1692 dietat-nen
1172 1655 1274 1690 refiioe
1295 1667 1347 1690 reo

411 1709 523 1745 tionis
557 1708 792 1754 proponentis
816 1704 1001 1751 objeftum
1019 1732 1030 1749 ,
1060 1707 1092 1741 8(
1111 1704 1278 1741 dictantis
1295 1717 1347 1741 re.

411 1760 514 1808 gulas
533 1784 542 1799 ,
571 1754 763 1792 secundum
780 1765 873 1803 quas
898 1757 946 1792 est
962 1756 1249 1805 prosequendum
1284 1765 1345 1791 aut

411 1808 640 1854 fugiendum.
668 1808 783 1852 Atqui
797 1806 1001 1842 intellesius
1016 1807 1205 1840 ostendens
1219 1806 1347 1837 volun-

410 1861 476 1897 tati
493 1857 661 1904 objeeta‚
688 1868 847 1903 quorum
876 1855 1100 1890 meminimus
1116 1874 1128 1894 ,
1156 1851 1270 1886 nullas
1293 1850 1349 1884 di-

411 1911 485 1947 ftat
513 1909 654 1955 regulas
670 1905 860 1942 din-estivas
873 1907 964 1940 circa
981 1905 1038 1939 illa
1052 1931 1064 1946 ,
1092 1911 1179 1947 ergo
1211 1900 1233 1935 ii
1247 1900 1348 1936 afflus

414 1963 452 2000 in
477 1958 665 1994 individuo
680 1954 1036 1995 suntindifferentes,
1062 1953 1163 1994 idest,
1190 1963 1254 1987 nec
1274 1963 1350 1986 mo-

414 2013 534 2048 raliter
563 2010 646 2044 boni
676 2020 740 2044 nec
760 2007 857 2048 mali,
883 2008 970 2054 quia
986 2016 1049 2041 nec
1062 2003 1264 2040 conformes
1280 2014 1343 2038 nec

412 2060 595 2099 difformes
626 2059 809 2094 distamini
832 2058 930 2093 refflo
946 2057 1094 2092 wionis
1114 2082 1124 2097 ,
1152 2052 1209 2088 sed
1235 2055 1351 2088 neutri

414 2124 478 2161 per
491 2119 736 2146 extremorum
753 2109 1040 2156 abnegationem,
1051 2115 1237 2152 propterea
1249 2103 1349 2150 quod

414 2172 490 2200 non
504 2161 636 2197 cadunt
652 2159 716 2196 sub
734 2160 842 2195 ullam
861 2161 972 2205 legem
987 2157 1249 2206 praecipientem
1264 2181 1275 2197 ,
1291 2164 1352 2190 aut

415 2224 601 2250 vetantem
616 2241 627 2256 ,
651 2218 710 2250 τιυὶ
724 2209 986 2250 consulentem.
1149 2253 1154 2256 Ι

516 2265 577 2300 Ad
591 2274 800 2311 argumenta
815 2291 823 2299 .
852 2259 910 2302 Ad
928 2258 1080 2309 primum
1098 2257 1353 2309 respondemus

414 2317 578 2361 negando
593 2316 793 2354 minorem:
815 2318 911 2352 Nam
927 2314 1065 2349 bonitas
1083 2315 1113 2349 8<
1134 2314 1262 2348 malitia
1279 2324 1354 2348 moa

415 2369 499 2402 talis
517 2365 612 2401 haud
641 2366 719 2401 sunt
736 2366 915 2413 privative
938 2365 1098 2411 opposita
1117 2391 1126 2405 ‚
1155 2364 1213 2400 ‘nili
1240 2369 1352 2411 quum

416 2417 519 2452 astus
539 2418 631 2450 circa
647 2418 714 2451 tale
730 2415 912 2462 objeetum
926 2415 1120 2451 eliciendus
1147 2415 1195 2450 est
1219 2413 1354 2460 juxta-³

414 2467 587 2502 dietamen
608 2468 754 2503 rationis
771 2466 871 2503 reeta
886 2494 896 2509 ‚
924 2465 1023 2513 quod
1039 2465 1098 2500 nist
1121 2463 1182 2500 fiat
1197 2493 1208 2508 ,
1238 2464 1355 2501 neces-

418 2516 508 2552 sario
523 2517 622 2552 aelus
636 2519 750 2553 malus
770 2519 949 2552 moraliter
962 2516 1028 2551 erit
1045 2542 1053 2551 .
1082 2517 1244 2565 Qando
1266 2528 1354 2561 ergo

416 2569 508 2601 ratio
525 2567 618 2603 testa
632 2568 665 2602 id
684 2580 753 2603 non
768 2567 891 2609 (litstat,
920 2578 985 2602 nec
999 2564 1102 2602 'secus
1119 2569 1278 2614 p'raecipit
1297 2569 1353 2602 vel

414 2619 596 2653 interdicit
617 2645 626 2658 ,
642 2619 736 2654 nulia
747 2620 796 2656 est
808 2618 1003 2662 oppositio.
1026 2617 1233 2665 'Loquendo
1246 2619 1353 2653 etiam

415 2667 458 2702 de
473 2667 552 2703 afflu
570 2669 718 2705 relative
741 2671 783 2705 ad
804 2670 967 2705 meritum
1010 2670 1067 2707 vel
1086 2669 1353 2710 demeritum»,

416 2729 481 2753 nec
494 2720 672 2766 privative
686 2727 921 2767 opponuntur
938 2745 947 2753 .
977 2722 1074 2757 Nam
1091 2732 1163 2755 non
1190 2720 1239 2754 est
1254 2719 1354 2755 aetus

416 2769 533 2804 malus
546 2781 589 2804 ex
604 2782 646 2805 eo
659 2772 798 2814 praecil'e
814 2798 824 2812 ,
851 2770 951 2817 quod
966 2780 1084 2806 careat
1116 2772 1176 2807 taii
1209 2771 1261 2806 vel
1289 2770 1353 2805 tali

415 2820 577 2855 bonitate
595 2846 604 2860 ,
633 2820 689 2854 sed
705 2824 786 2866 quia
801 2831 928 2868 expers
951 2820 997 2856 est
1032 2822 1203 2857 bonitatis
1218 2848 1227 2862 ‚
1254 2829 1355 2868 qua.»

414 2869 587 2916 praeditus
606 2869 670 2906 effe
683 2872 846 2907 deberet:
877 2883 944 2905 non
976 2884 1095 2907 autem
1120 2873 1238 2907 omnis
1255 2871 1355 2907 aetus

413 2919 520 2954 debet
543 2920 673 2955 habere
692 2924 801 2958 'talem
830 2923 1024 2958 bonitatem
1045 2924 1185 2964 meriti,
1213 2934 1352 2969 quare,

411 2981 479 3005 uec
496 2971 565 3004 dici
581 2971 694 3016 potest
708 2974 776 3018 ipsa
797 2974 958 3016 privatus
974 2998 985 3015 ,
1013 2981 1078 3008 ‘nec
1092 2975 1278 3022 privative
1290 2985 1358 3022 op-

415 3021 502 3067 poni
518 3023 704 3056 meritoriae
719 3023 893 3058 bonitati.

518 3071 573 3108 Ad
593 3071 785 3108 secundum
801 3103 811 3111 .
840 3072 1000 3108 concedo
1022 3085 1067 3109 ex
1094 3073 1232 3110 aftibus
1250 3074 1356 3110 indif-

416 3120 613 3157 ferentibus
641 3123 854 3158 coniimilem
881 3119 1045 3158 habitum
1072 3126 1169 3171 gigni
1185 3125 1278 3172 posse
1311 3138 1356 3161 ex

417 3170 597 3216 frequenti
612 3176 835 3220 repetitoque
863 3173 942 3208 atqu
958 3174 1099 3209 illorum
1116 3201 1126 3216 ,
1155 3177 1219 3221 qui
1237 3176 1358 3211 subin-

416 3220 616 3258 deinclinet
634 3225 674 3258 ad
704 3224 940 3259 consimilium
958 3222 1107 3260 acinam
1138 3227 1356 3262 elicitionem

415 3275 540 3322 Quare
563 3273 589 3306 'ii
616 3274 714 3309 aeus
728 3276 788 3309 tali
806 3274 847 3308 de
860 3273 988 3309 habitu
1006 3274 1240 3321 procedentes
1259 3289 1358 3312 nom,

417 3332 518 3356 erunt
538 3321 620 3356 boni
637 3326 694 3358 vel
710 3326 789 3360 mali
805 3325 1309 3370 moraliter-‚quemadmodum
1323 3329 1356 3363 8<

418 3372 641 3409 habitusille
658 3373 764 3409 insita
782 3374 897 3421 specie
922 3373 1175 3411 indifferentia:
1201 3390 1266 3413 nec
1293 3377 1358 3413 bo-

415 3434 484 3458 nus
531 3433 596 3457 nec
623 3423 733 3458 mains
751 3426 799 3459 cst
815 3449 829 3460 .

515 3472 575 3507 Ad
589 3474 928 3515 tertium‚Concedo
945 3475 1094 3511 verbum
1109 3476 1267 3515 otiosum
1283 3491 1359 3513 ma-

414 3523 489 3574 lurn
507 3521 574 3559 effe
592 3550 602 3565 ,
631 3523 714 3572 quia
730 3524 859 3564 rationi
878 3524 979 3561 rec'tae
997 3522 1045 3561 est
1069 3523 1357 3569 disconveniens,

415 3574 516 3609 ficuti
535 3575 568 3610 8<
591 3575 725 3609 bonum
739 3574 819 3616 csse,
834 3577 932 3623 quod
952 3588 1022 3611 non
1036 3589 1129 3612 caret
1145 3580 1283 3614 ratione
1299 3578 1359 3624 ju-

414 3624 470 3660 ἣτε
484 3623 698 3661 necessitatis
716 3652 725 3666 ,
754 3637 813 3662 aut
831 3627 895 3672 pia:
912 3627 1079 3663 utilitatis
1097 3654 1106 3668 ,
1135 3638 1357 3676 propterea„

413 3676 512 3722 quod
529 3675 723 3711 consonum
744 3675 781 3710 sit
797 3676 894 3711 meto
912 3677 1092 3713 dietamini
1109 3680 1258 3716 rationis
1276 3680 1358 3717 :sed

414 3737 505 3769 nego
554 3725 684 3762 exinde
716 3727 810 3762 res-ie
839 3727 962 3762 inferri
988 3730 1090 3775 quod
1129 3732 1330 3768 intenditur
1347 3758 1357 3767 .

418 3779 513 3812 Nam
528 3789 599 3810 non
615 3776 733 3811 (ὟΓιἹῊίιΙ
750 3788 1004 3824 ΕΟΠΊΡ-ΊΠΙΙῚΓΠΓ
1024 3780 1252 3818 mirationem
1267 3793 1357 3831 ps‘ae*

417 3828 607 3873 eigilem-:itt
630 3854 638 3868 ‚
666 3828 727 3861 ‘vel
744 3837 923 3864 vetantem
944 3855 956 3872 5
980 3831 1054 3870 imo
1074 3835 1260 3881 compulsa
1280 3835 1358 3870 sum

1043 172 1225 218 Summa?
1258 170 1447 239 [joannis
1477 173 1606 218 Dum
1622 171 1740 218 Scoti

1429 241 1534 288 super
1547 243 1682 286 quibus
1701 240 1795 276 refta
1812 242 1906 277 ratio
1929 239 2016 275 nihil
2040 236 2251 284 dispofltum
2269 246 2368 284 repe·

1432 293 1478 327 rit
1494 313 1505 333 ,
1534 303 1599 327 nec
1620 291 1772 340 proinde
1799 292 1961 339 praecipit
1987 302 2046 327 aut
2066 288 2246 325 interdicit
2263 313 2274 329 ,
2304 286 2363 323 sed

1429 353 1571 378 tantum
1597 343 1797 391 permittit,
1828 342 1942 378 veluti
1963 342 2104 388 legibus
2127 340 2374 376 omnibusex.

1432 392 1549 428 soluta
1566 418 1576 426 .
1604 397 1693 430 Haec
1711 394 1835 440 itaque
1850 394 1915 440 (de
1926 394 2061 438 quibus
2078 390 2182 438 supra
2197 389 2371 434 exempli-

1430 445 1674 491 catumffuit)
1705 445 1796 479 bona
1819 456 1889 480 non
1914 442 1996 479 sunt
2020 454 2139 489 neque
2162 443 2280 483 mala,
2307 439 2369 476 sed

1430 493 1667 531 indifferentia
1681 493 1824 540 objesta
1840 521 1850 536 ‚
1879 494 2051 541 afilusque
2079 493 2214 540 pariter
2229 489 2372 527 indiffe-

1430 556 1570 587 rentes,
1597 554 1779 592 quatenus
1809 545 1914 593 super
1936 547 2020 580 talia
2049 542 2233 580 transeunt
2264 540 2372 588 obje-

1428 593 1483 629 aa
1499 607 1510 625 z

1527 645 1586 682 Ad
1612 646 1767 693 primum
1796 646 2000 693 oppofitum
2033 644 2274 693 respondetur
2297 643 2369 679 fic't

1429 694 1634 742 Dupliciter
1650 697 1803 741 intelligi
1827 695 1941 743 prnest
1961 723 1971 737 ,
2000 696 2120 732 astum
2145 694 2214 731 effe
2230 693 2370 731 indiffe-

1429 757 1565 781 rentem
1580 749 1615 782 in
1633 746 1694 781 sua
1706 744 1822 793 specie
1837 772 1846 780 .
1865 748 1953 783 Uno
1965 746 2072 781 modo
2088 771 2098 783 ‚
2126 745 2227 792 quod
2245 757 2292 781 ex
2307 744 2371 780 sua

1427 795 1544 844 specie
1558 796 1734 832 debeatur
1760 799 1790 831 ei
1807 797 1909 843 quod
1939 793 2198 832 sitindifferens
2227 809 2241 837 ς
2270 796 2302 830 8(
2322 795 2370 830 fic

1426 846 1592 893 procedit
1609 849 1700 882 ratio
1718 847 1817 892 ;½sed
1843 859 1962 883 tamen
1991 847 2057 883 isto
2072 846 2182 881 modo
2201 873 2213 889 ,
2240 847 2370 881 nullus

1426 898 1529 932 aetus
1553 910 1596 932 ex
1609 897 1667 933 sua
1685 896 1799 943 specie
1815 897 1863 937 est
1881 894 2087 933 indifferens
2106 923 2116 938 ,
2144 908 2216 933 non
2239 897 2370 932 enirn-v

1424 947 1476 983 est
1491 948 1637 994 aliquod
1660 947 1845 994 objeEtum
1862 948 2010 985 humani
2023 947 2123 984 aetus
2148 972 2159 990 ,
2185 946 2285 995 quod
2297 958 2372 984 non

1423 998 1528 1046 poffit
1540 999 1694 1042 ordinati
1716 1001 1771 1035 vel
1790 1001 1833 1035 ad
1860 1003 1992 1036 malum
2036 1000 2090 1033 vel
2105 997 2150 1034 ad
2167 1000 2303 1035 bonurn
2326 997 2371 1033 fi·

1426 1061 1508 1085 nem
1549 1049 1604 1084 vel
1630 1049 1944 1087 circumstantias.
1976 1050 2060 1086 Alio
2074 1050 2183 1085 modo
2199 1049 2273 1086 dici
2299 1060 2368 1097 po·—

1424 1099 1492 1135 test
1517 1098 1721 1136 indifferens
1745 1113 1788 1136 ex
1819 1101 1880 1138 s'ua
1899 1102 2016 1149 specie
2031 1129 2044 1145 ,
2072 1101 2242 1146 quianon
2255 1101 2369 1136 habet

1423 1164 1469 1187 ex
1481 1149 1540 1186 sua
1556 1149 1673 1198 specie
1688 1152 1789 1199 quod
1816 1151 1853 1188 sit
1891 1155 2007 1189 bonus
2028 1151 2083 1188 vel
2105 1152 2220 1187 malus
2237 1178 2249 1194 ,
2277 1151 2369 1188 ficut

1424 1202 1535 1238 homo
1562 1213 1632 1237 non
1653 1202 1760 1239 habet
1790 1215 1832 1238 ex
1855 1202 1914 1239 sua
1935 1202 2049 1251 specie
2073 1202 2173 1249 quod
2204 1202 2245 1239 fit
2263 1203 2370 1239 albus

1427 1254 1484 1288 vel
1500 1253 1618 1298 niger3
1646 1265 1709 1289 nec
1725 1266 1842 1289 tamen
1854 1255 1963 1290 habet
1977 1264 2021 1291 ex
2036 1253 2096 1289 sua
2112 1248 2225 1300 specie
2239 1279 2255 1297 ,ι
2267 1252 2373 1300 quod

1425 1315 1495 1340 non
1509 1304 1548 1339 {it
1563 1304 1664 1340 albus
1675 1317 1734 1341 aut
1752 1305 1864 1349 nigetz
1875 1305 1988 1353 potest
2000 1305 2093 1342 enim
2110 1304 2240 1340 albedo
2250 1305 2307 1341 vel
2321 1305 2374 1342 ni.

1424 1355 1538 1401 gredo
1553 1352 1782 1402 supervenire
1800 1355 1936 1392 homini
1949 1355 2224 1403 aliunde‚quam
2239 1368 2259 1391 a
2275 1356 2374 1403 prin·

1422 1407 1520 1454 cipio
1535 1404 1677 1451 speciei.

1526 1459 1605 1494 Nos
1621 1457 1776 1494 dicimus
1790 1485 1801 1502 ‚
1831 1459 2001 1505 Aliquem
2015 1456 2134 1493 aetum
2148 1452 2216 1493 esse
2229 1453 2374 1493 indiffe-

1423 1517 1558 1543 rentem
1575 1506 1768 1545 secundum
1784 1509 1932 1558 speciem
1947 1522 2007 1549 e0,
2019 1509 2118 1554 quod
2130 1507 2372 1553 objectum,

1424 1557 1528 1604 super
1539 1556 1637 1603 quod
1651 1559 1762 1593 fertur
1775 1584 1786 1601 ,
1815 1561 1848 1593 8:
1862 1572 1880 1591 a
1892 1570 1968 1602 quo
1982 1561 2107 1603 accipit
2133 1557 2184 1591 sui
2201 1557 2368 1602 speciem,

1428 1619 1500 1642 non
1515 1607 1601 1640 dicit
1613 1606 1773 1642 ordinem
1792 1608 1832 1642 ad
1850 1608 2021 1641 rationem
2048 1607 2345 1653 praecipientem„
2358 1627 2370 1647 ,

1426 1657 1482 1691 vel
1499 1665 1680 1690 vetantem
1693 1655 1828 1693 homini
1844 1657 1906 1692 tali
1922 1655 2070 1701 objecto
2096 1657 2269 1691 inhaerere
2285 1681 2294 1690 .
2323 1656 2368 1691 Et

1426 1706 1547 1743 eadem
1567 1707 1704 1741 ratione
1729 1709 1861 1742 multos
1886 1716 1988 1740 actus
2016 1704 2214 1742 secundum
2240 1705 2371 1740 indivi-

1426 1758 1539 1792 duum
1559 1754 1626 1790 effe
1642 1754 1886 1791 indifferentes
1909 1755 1951 1788 ad
1977 1757 2179 1791 bonitatem
2221 1757 2277 1790 vel
2297 1768 2372 1792 ma·

1428 1807 1539 1840 litiam
1557 1806 1742 1845 moralem,
1770 1806 1856 1852 quia
1869 1804 2004 1840 rebium
2025 1807 2173 1842 rationis
2188 1804 2370 1842 dictamen

1425 1865 1497 1888 non
1510 1853 1649 1900 judicat
1663 1854 1730 1890 effe
1754 1856 1816 1891 fibi
1841 1854 2158 1891 disconvenientes
2196 1869 2260 1892 nec
2285 1862 2371 1891 con-

1426 1905 1611 1940 venientes
1628 1931 1638 1947 ,
1667 1905 1701 1941 8<
1730 1906 1811 1942 ideo
1839 1905 2012 1953 quoniam
2030 1904 2224 1942 deliberate
2239 1905 2364 1950 fiunt„

1423 1953 1594 1991 dicendos
1610 1953 1687 1991 fore
1698 1967 1798 1992 actus
1813 1957 2007 1997 humanos,
2026 1969 2090 1992 nec
2107 1958 2224 1993 bonos
2236 1966 2362 1993 tamen

1423 2017 1489 2041 nec
1507 2007 1822 2044 malos-Humanos
1838 2019 1923 2043 vero
1939 2006 2005 2043 effe
2021 2017 2139 2049 actus,
2151 2016 2193 2042 ex
2207 2018 2248 2043 eo
2264 2009 2368 2053 quia,

1425 2056 1488 2092 etfi
1505 2054 1740 2094 absolvantur
1757 2070 1773 2091 a
1789 2057 1931 2103 legibus
1949 2058 2035 2093 recti
2048 2058 2250 2093 dictaminis
2280 2069 2368 2105 pru-

1429 2107 1573 2148 dentiae,
1590 2108 1717 2143 dicunt
1731 2108 1893 2144 ordinem
1912 2107 1956 2143 ad
1970 2109 2142 2144 rationem
2157 2117 2228 2143 no‘n
2242 2120 2370 2146 vetan-

1428 2169 1499 2193 tem
1517 2168 1578 2192 aut
1593 2160 1853 2207 praecipientem
1880 2159 1938 2194 sed
1967 2161 2232 2206 permittentem
2251 2184 2262 2200 ‚
2294 2171 2370 2194 mo·

1426 2209 1473 2244 do
1487 2210 1521 2245 in
1536 2210 1759 2246 antecedenti
1772 2210 1922 2246 articulo
1944 2210 2144 2255 explicato:
2174 2223 2246 2245 non
2261 2217 2370 2256 nega-

1425 2272 1504 2301 mus
1530 2272 1649 2298 tamen
1668 2289 1676 2301 ,
1703 2272 1908 2309 operantem
1936 2260 2030 2308 posse
2049 2260 2229 2306 ejusmodi
2263 2267 2368 2296 actus

1427 2315 1470 2350 ad
1489 2316 1623 2349 bonum
1652 2314 1709 2348 vel
1736 2324 1888 2361 pravum
1909 2311 2015 2348 finem
2034 2314 2214 2356 ordinare,
2241 2310 2299 2346 sed
2312 2310 2382 2346 di-'

1426 2367 1568 2406 cimus,
1596 2362 1755 2410 spectato
1779 2363 1969 2399 dictamine
2002 2364 2146 2398 rationis
2185 2365 2217 2400 3<
2237 2372 2367 2398 natura

1425 2414 1579 2462 objecti,
1608 2415 1744 2452 nullum
1757 2416 1863 2452 talem
1877 2413 1982 2450 finem
2001 2413 2096 2462 poffe
2118 2413 2287 2450 concludi
2304 2423 2370 2450 nee

1427 2475 1597 2516 apparere
1611 2495 1618 2504 .

1530 2519 1587 2557 Ad
1616 2518 1809 2556 secundum
1833 2516 1881 2555 est
1908 2515 2085 2561 responsio
2107 2518 2208 2553 talis:
2237 2515 2372 2553 Omnis

1435 2569 1518 2606 finis
1530 2584 1547 2606 a
1566 2571 1702 2608 ratione
1717 2566 1951 2618 deliberativa
1969 2570 2128 2605 intentus
2143 2568 2296 2617 pertinet
2326 2566 2371 2603 ad

1430 2622 1565 2658 bonum
1592 2621 1748 2667 alicujus
1769 2622 1917 2657 virturis
1956 2621 2011 2655 vel
2035 2620 2077 2654 ad
2094 2621 2228 2655 malum
2254 2618 2372 2653 alicu-

1427 2670 1488 2718 jus
1504 2674 1610 2708 vitii:
1642 2685 1722 2708 nam
1738 2672 1805 2707 hoc
1818 2671 1932 2718 ipsum
1946 2671 2047 2717 quod
2068 2671 2202 2716 aliquis
2218 2669 2292 2714 agi*
2310 2679 2373 2704 or-

1428 2724 1547 2759 dinate
1571 2725 1612 2759 ad
1632 2722 1918 2758 sustentationem
1934 2747 1948 2767 ,
1976 2721 2031 2756 vel
2045 2721 2206 2766 quietem
2220 2719 2272 2756 sui
2289 2728 2369 2755 cora»

1427 2775 1525 2821 poris
1542 2801 1553 2815 ,
1581 2774 1624 2809 ad
1642 2776 1773 2809 bonum
1799 2774 1945 2808 virtutis
1961 2771 2148 2808 ordinatur
2163 2784 2197 2807 tn
2211 2781 2255 2807 eo
2268 2796 2278 2811 ,
2305 2769 2371 2817 qui

1428 2836 1561 2870 corpus
1576 2824 1679 2860 sunm
1694 2824 1836 2860 ordinat
1853 2823 1895 2857 ad
1911 2825 2046 2859 bonum
2060 2820 2261 2860 virtutis&
2275 2822 2370 2860 idem

1428 2883 1526 2922 patet
1543 2878 1577 2911 in
1594 2876 1673 2911 aliis
1687 2899 1696 2909 .

1528 2929 1609 2963 Nos
1628 2923 1859 2962 concedimus
1874 2951 1885 2967 ‚
1897 2925 2055 2976 Qties
2067 2923 2159 2959 ratio
2170 2919 2372 2961 deliberata

1427 2975 1577 3012 intendit
1593 2976 1698 3012 finem
1717 2978 1955 3024 pertinentem
1970 2974 2012 3009 ad
2028 2975 2181 3021 aliquam
2195 2977 2372 3013 virtutem

1429 3038 1490 3061 aut
1507 3029 1655 3069 vitium,
1682 3026 1748 3062 effe
1767 3038 1837 3062 non
1858 3026 1954 3074 posse
1968 3036 2088 3061 actum
2106 3022 2370 3063 indifferentem

1429 3078 1462 3111 in
1484 3077 1674 3114 individuo
1711 3076 1778 3114 Sed
1798 3077 1964 3118 dicimus,
1980 3087 2147 3122 oportere
2165 3075 2302 3124 semper
2320 3078 2373 3113 ita

1427 3125 1494 3162 esse
1513 3129 1541 3163 3<
1561 3130 1721 3168 evenire,
1749 3126 1845 3163 haud
1862 3128 2020 3173 probari.
2054 3126 2130 3162 lmo
2146 3128 2373 3165 contrarium

1429 3180 1544 3223 tnagis
1557 3179 1754 3216 ostenditur
1775 3204 1784 3218 ,
1812 3178 1897 3225 quia
1914 3189 1984 3212 non
2003 3176 2139 3212 constat
2157 3205 2168 3220 ,
2197 3179 2238 3213 ad
2259 3179 2293 3215 id
2308 3186 2374 3215 ηοξ

1430 3229 1547 3275 aliqua
1569 3229 1773 3275 legeteneri
1792 3254 1802 3269 ‚
1831 3239 1895 3263 nec
1921 3228 2009 3263 tales
2023 3229 2166 3274 regulas
2198 3231 2371 3265 tationem

1429 3290 1525 3315 recte
1546 3279 1766 3326 judicantem
1782 3276 2049 3318 demonstrare:
2080 3279 2113 3313 &
2130 3290 2226 3315 certe
2244 3281 2373 3316 nulla...-

1428 3331 1504 3374 lege
1514 3330 1743 3366 naturaliaut
1761 3328 1909 3375 positiva
1928 3328 2156 3365 interdicitur
2178 3329 2316 3366 homini
2333 3330 2375 3365 li»

1428 3381 1513 3414 bere
1527 3380 1648 3426 agenti
1674 3392 1820 3415 movere
1836 3380 1982 3415 barbam
2001 3406 2010 3420 ‚
2039 3381 2157 3416 levare
2184 3379 2377 3422 festucam,

1433 3440 1592 3475 expuere
1610 3457 1618 3469 ,
1648 3431 1681 3465 8<
1713 3431 1779 3466 alia
1809 3430 1843 3465 id
1857 3440 1969 3478 genus
1985 3442 1997 3470 ;
2026 3441 2092 3466 nec
2106 3430 2190 3465 item
2209 3429 2252 3464 ad
2268 3443 2306 3466 ea
2324 3426 2380 3468 fa-

1428 3479 1554 3515 cienda
1576 3482 1654 3516 ullo
1674 3491 1852 3528 precepto
1877 3480 2037 3525 adigitur
2051 3507 2061 3516 .
2090 3477 2172 3517 Nec
2185 3492 2377 3529 propterea

1714 3559 1722 3564 .
2291 3544 2332 3568 ea

1469 3628 1514 3660 (a)
1551 3627 1681 3662 Vasquez
1693 3627 1726 3656 di
1754 3645 1762 3655 .
1777 3634 1822 3658 rz.
1835 3635 1936 3665 cama}-
1950 3623 1985 3656 ad
2010 3628 2128 3665 longum
2152 3627 2289 3667 expendit
2310 3628 2383 3658 hanc

1427 3663 1632 3700 responsionem
1647 3685 1658 3700 ,
1680 3637 1982 3701 ejulssueincfficaciam
1996 3667 2136 3701 ostendit,
2157 3669 2241 3696 etiam
2265 3668 2383 3700 jutta...

1428 3705 1555 3739 potiores
1566 3705 1777 3734 Thomistarum
1790 3705 1999 3742 expolitione53
2022 3706 2068 3735 sed
2082 3708 2108 3734 δι
2125 3707 2251 3735 Mastrius
2264 3704 2382 3736 Scotista

1429 3741 1504 3770 idem
1518 3743 1624 3780 praestat
1636 3743 1704 3783 dijp.
1721 3753 1749 3776 ς.
1760 3754 1785 3781 q.
1797 3748 1824 3772 6.
1836 3752 1893 3772 art.
1905 3753 1932 3772 ι.
1944 3745 2063 3773 Solvet-17,
2087 3754 2222 3783 praeterea
2248 3745 2382 3774 omnia-

1429 3780 1612 3811 fundamenta
1627 3781 1890 3816 adversariorum&
1906 3792 2049 3813 revincens
2063 3785 2211 3821 complura
2223 3793 2322 3813 eorum
2336 3791 2380 3810 ar-

1429 3826 1585 3856 gumenta»
1606 3823 1692 3849 etiam
1716 3822 1834 3857 probare
1855 3831 1910 3849 non
1927 3821 1978 3851 esse
2004 3823 2208 3852 admittendum
2230 3823 2322 3851 atium
2347 3828 2383 3849 ex

1431 3857 1518 3893 specie
1535 3859 1747 3892 indifferentem,
1763 3860 1779 3887 fi
1794 3860 1946 3897 procedunt
1958 3871 1989 3891 ut
2005 3871 2102 3902 putant
2116 3871 2215 3897 <unua
2232 3861 2325 3890 :Ram
2340 3858 2383 3888 in·

1417 3896 1481 3926 duse
1494 3906 1603 3926 rentem
1617 3899 1643 3925 in
1656 3898 1802 3927 individuo
1815 3920 1824 3927 .

2481 698 2539 743 (0)
