2643 4043
125 925 328 969 &hm-1⁴·

126 971 173 998 De
185 973 269 994 terno
290 962 328 988 V·

126 1370 233 1409 ..Quoad
268 1365 326 1404 pri·

127 1420 203 1439 mum
216 1405 325 1446 VJRfs-

122 1449 228 1489 pondeo
235 1464 245 1475 n

132 2489 329 2533 3.d·15.n·28.

355 195 400 231 Et
415 188 624 237 philosoph.
639 198 676 235 7.
693 186 807 226 Etbr’c.
821 193 896 231 eap-
910 183 1032 228 e.dicit
1044 183 1143 232 quod
1154 183 1293 220 furatur

357 242 580 281 intelleffium
593 241 701 275 etiam
716 236 893 286 saepiffime
907 235 1073 284 sapientis
1087 245 1197 282 3ergo
1209 245 1295 270 con-

360 291 578 342 cupiscentia
592 289 696 325 efficit
711 289 992 325 involuntarium
1007 312 1016 322 .

465 341 772 380 PraetereaMetus
786 337 942 375 incussus
962 337 1196 386 impendentis
1217 336 1297 372 mali

364 394 472 432 efficit
487 418 499 434 ‚
523 403 561 427 ut
575 392 656 437 quis
669 389 906 427 involuntarie
923 400 1090 436 operetur
1104 414 1116 430 ,
1130 387 1230 433 juxta
1243 386 1298 420 di-

364 445 422 480 &a
439 452 513 480 art.
532 441 679 491 praeced.
709 451 817 488 atque
829 450 931 475 exeat
954 442 988 475 in
1013 440 1152 484 aliquos
1168 437 1271 473 acius
1285 462 1298 478 ,

360 507 455 541 quos
472 494 624 530 fimetus
646 503 717 527 non
743 489 868 526 adeffet
886 516 898 532 ‚
926 502 997 525 non
1026 488 1214 538 posuissem
1241 486 1297 522 sed

363 545 434 580 hoc
448 545 543 581 idem
558 541 699 590 praestat
712 540 1002 585 concupiscentia
1020 566 1032 582 ,
1064 540 1194 574 etenim
1211 550 1297 586 prae·

363 606 536 641 concepta
558 592 691 635 allicit,
717 591 872 628 &trahit
887 591 1046 625 homines
1076 589 1120 623 ad
1145 601 1299 635 operan-

361 646 447 681 dum
460 654 582 679 contra
596 643 634 677 id
649 668 660 683 ,
683 643 780 689 quod
799 639 1055 688 proposuerant
1069 653 1082 681 3
1107 651 1195 685 ergo
1208 648 1297 674 tunc

360 696 603 733 involuntarie
618 703 816 739 operantur
831 718 840 726 .

459 745 596 781 Contra
613 767 625 784 ,
657 742 939 777 involuntarium
965 754 1046 777 cum
1067 741 1207 777 tristitia
1221 739 1268 776 est
1286 751 1299 780 ς

359 794 684 842 concupiscentiam
699 816 713 836 ‚
737 804 808 837 qua
821 792 927 826 talem
957 804 1025 827 non
1054 790 1213 837 sequitur
1234 790 1300 826 tri·

358 846 451 882 stitia
465 859 477 887 ς
497 856 582 892 ergo
597 853 669 877 non
683 842 802 878 causat
817 842 1099 877 involuntarium
1113 867 1123 877 .

457 892 671 943 Respondeo
683 890 1212 938 dicendum‚c0ncupiscentiam
1229 901 1299 928 non

360 947 500 984 efficere
523 943 808 981 involuntarium
824 967 836 979 .
864 940 1071 977 Declaratio
1093 954 1103 976 ι
1131 942 1298 979 Involttn·

981 114 1161 164 Summe
1191 109 1382 182 Jommz's
1407 112 1537 162 Dum
1557 109 1675 159 Scoti

1361 182 1508 218 uticum
1524 181 1800 226 refragabantur
1811 176 1989 226 pronitati
2007 177 2188 226 appetitus
2204 175 2316 211 rano-

1361 233 1448 267 nalis
1467 258 1478 273 ,
1499 243 1596 268 erant
1614 232 1723 267 nolita
1737 229 1880 274 obieeta
1898 230 1953 264 illa
1973 230 2151 276 appetitus
2182 226 2276 262 senfit
2294 243 2315 255 ο

1360 283 1396 316 vi
1411 309 1421 325 ,
1446 283 1482 319 8<
1502 280 1648 317 subinde
1661 280 1906 316 involuntaria
1921 302 1936 321 ,
1957 280 2004 315 ita
2021 305 2032 321 ‚
2054 291 2093 315 ut
2121 279 2312 325 primum..

1360 331 1544 379 praestatur
1574 329 1846 375 affensusjuxta
1873 331 2029 365 innatam
2056 330 2310 375 pronitatem.-

1361 383 1518 418 evadunt
1543 384 1655 418 volita
1671 383 1704 418 ἃ
1731 381 1936 416 voluntaria
1962 392 2025 428 pet·
2052 377 2311 426 concupiscen-

1361 434 1444 470 tiam
1459 459 1471 476 ‚
1491 444 1531 469 ut
1544 431 1769 468 manifestum
1781 430 1830 468 est
1848 455 1860 466 .

1501 525 2032 574 ART1CULUS'
2070 532 2180 570 vm.

1427 636 1562 671 Utrum
1579 635 1783 682 ignorantia
1797 632 1916 669 causet
1934 633 2247 670 involuntarittm0

1408 735 1539 772 Doffor
1552 735 1631 770 locis
1646 735 1683 769 in
1697 735 1852 780 margJ'ne
1862 734 1984 769 citatis
2000 757 2009 768 .
2026 734 2069 770 S.
2089 732 2235 769 Thamar
2247 755 2263 773 ‚

1683 795 1714 821 1.
1730 795 1763 820 z.
1775 796 1811 832 q.
1825 783 1858 819 6.
1872 793 1945 820 art.
1962 784 1996 819 8.

1469 884 1656 934 Espondeo
1666 885 1872 926 dicendum,
1887 885 2126 929 ignorantiam
2139 881 2317 920 causare„

1484 937 1765 973 involuntarium
1779 962 1787 971 .
1807 934 2167 978 Sedintelligendum
2197 932 2317 980 tripli-

131 1009 196 1035 Haec
208 1000 326 1039 affcul-
358 999 493 1034 tarium
509 992 770 1041 fimpliciterest
783 991 871 1028 iilud
885 1018 895 1033 ,
912 1004 1036 1028 contra
1055 992 1155 1040 quod
1168 995 1303 1028 volun·
1359 992 1450 1024 citer
1479 987 1512 1022 se
1540 987 1672 1022 habere
1698 985 1935 1031 ignorantiam
1964 985 2010 1019 ad
2034 984 2155 1020 aestum
2180 983 2312 1019 huma·
2373 1004 2390 1034 d
2406 1009 2438 1039 η,
2461 1011 2481 1044 q
2494 1010 2507 1033 ι
2521 1003 2550 1037 5..

127 1051 189 1075 1⁰¹·
358 1060 413 1086 tas
427 1045 632 1094 {impliciter
644 1052 902 1085 remurmurat,
932 1044 1042 1091 &per
1068 1043 1299 1089 consequens
1360 1051 1445 1074 num
1464 1049 1570 1078 ;narn
1586 1038 1642 1072 vel
1657 1034 1707 1071 est
1721 1034 1827 1070 causa
1845 1032 1939 1080 ejus,
1957 1034 2084 1070 adeout
2103 1034 2127 1070 {i
2141 1037 2310 1079 ignorans
2340 1015 2549 1072 ge'teriio'ssr-

365 1097 543 1135 contraria
569 1094 708 1131 ratione
731 1093 977 1130 voluntarium
1004 1091 1119 1141 potest
1144 1093 1299 1138 intelligi
1362 1087 1466 1124 sciret
1483 1114 1492 1129 ,
1507 1098 1569 1122 aut
1586 1098 1656 1122 non
1669 1088 1784 1122 exiret
1800 1086 1836 1121 in
1856 1086 1955 1120 illum
1973 1111 1984 1126 2
2000 1095 2062 1120 aut
2079 1095 2175 1120 certe
2191 1083 2310 1119 astum
2341 1082 2430 1111 ¹5⁶⁸&
2460 1083 2490 1109 ὅ(
2515 1080 2547 1110 d.

359 1148 550 1195 tripliciter
564 1173 573 1182 .
605 1144 726 1178 Primo
738 1155 864 1180 contra
874 1143 973 1190 quod
987 1156 1056 1179 non
1068 1144 1219 1178 omnino
1234 1154 1299 1177 vo·
1361 1138 1582 1173 contrarium
1598 1147 1748 1184 poneret
1770 1162 1779 1172 .
1812 1136 1881 1171 Vel
1895 1137 2180 1170 concomitanter
2191 1133 2311 1169 aarum
2347 1117 2548 1187 {gsshffiffi

359 1199 478 1234 luntas
494 1204 732 1233 remurmurat
745 1221 758 1236 ,
785 1193 840 1230 sed
853 1195 1028 1241 patienter
1051 1192 1203 1229 sustinet
1222 1207 1235 1234 ;
1262 1194 1298 1229 &
1360 1188 1557 1225 humanum
1576 1215 1585 1227 ‚
1607 1188 1642 1224 8<
1660 1187 1705 1222 sic
1717 1187 1848 1222 dicitur
1859 1186 1989 1233 aliquis
2003 1184 2188 1233 peccando
2208 1186 2310 1229 igno·
2336 1167 2549 1237 Jlionemffssd.

357 1249 404 1285 sit:
417 1247 619 1284 voluntaria
631 1255 730 1279 erant
741 1244 865 1281 sanetis
880 1245 1100 1292 Martyribus
1111 1253 1302 1286 tormenta,
1362 1252 1440 1276 rare
1453 1265 1463 1276 .
1484 1237 1552 1274 Vel
1565 1238 1720 1285 denique
1734 1238 1938 1284 ignorantia
1952 1235 2112 1283 sequitur
2126 1235 2169 1271 ad
2181 1244 2310 1281 pecca·
2348 1232 2549 1274 22-§·Respon;

164 1332 213 1361 Ν
241 1328 325 1364 ΞΜ.
357 1311 439 1344 quae
453 1299 629 1347 patienter
645 1293 862 1331 sustinebant
877 1321 886 1330 .
917 1294 1059 1331 Deinde
1073 1321 1084 1336 ‚
1105 1293 1193 1329 illud
1207 1305 1301 1341 quo·
1360 1299 1440 1326 tum
1457 1316 1468 1332 ‚
1489 1288 1588 1336 quasi
1606 1300 1707 1335 poena
1727 1289 1821 1324 illius
1845 1311 1855 1321 .
1878 1285 2037 1322 Rursum
2051 1314 2062 1329 ,
2079 1285 2313 1331 ignorantia..
2346 1276 2416 1306 ‘⁴²⁰-

359 1362 434 1396 que
447 1349 496 1385 est
514 1346 693 1382 voluntati
710 1346 958 1381 voluntarium
973 1371 984 1387 ‚
1004 1344 1105 1391 quod
1122 1343 1180 1380 sua
1193 1345 1301 1391 spon-

356 1410 394 1435 te
415 1402 444 1435 &
461 1400 573 1434 libens
590 1405 776 1441 acceptat:
807 1395 976 1441 Denique
991 1421 1000 1435 ‚
1028 1395 1116 1430 illud
1129 1394 1177 1430 est
1191 1395 1223 1430 ei
1238 1406 1301 1441 pa-

360 1451 449 1486 riter
474 1448 721 1483 voluntarium
753 1472 765 1489 ,
793 1446 892 1493 quod
917 1445 1119 1480 voluntarie
1142 1443 1265 1480 causat
1285 1456 1299 1484 3

359 1497 650 1546 concupiscentia
665 1505 785 1532 autem
809 1496 969 1543 pronitas
996 1495 1159 1541 quaedam
1188 1494 1237 1531 est
1264 1494 1301 1529 in

360 1550 523 1598 appetitu
553 1546 717 1583 rationali
734 1546 776 1581 ad
803 1544 1129 1592 concupiscendum
1145 1544 1300 1581 delefla·

358 1602 445 1637 bilia
459 1597 695 1634 immoderate
726 1609 738 1636 ;
776 1597 805 1631 is
827 1596 920 1630 enirn
934 1597 1115 1641 appetitus
1131 1605 1237 1631 natus
1249 1593 1298 1628 est

358 1648 601 1685 condeleetari
615 1647 788 1690 appetitui
811 1644 978 1678 sensitivo
992 1668 1005 1684 ,
1026 1644 1087 1678 cui
1109 1642 1303 1688 conjungi-

357 1710 417 1735 tur
435 1710 448 1738 ;
476 1708 546 1732 non
559 1694 663 1728 efficit
677 1702 765 1737 ergo
786 1691 1075 1738 concupiscentia
1092 1693 1301 1729 involunta.

356 1750 450 1785 rium
469 1773 479 1788 ‚
503 1745 560 1781 sed
574 1743 685 1790 magis
702 1742 951 1778 voluntarium
979 1741 1102 1777 causat
1120 1769 1132 1785 ,
1154 1743 1302 1788 quoties

354 1801 527 1835 voluntas
541 1793 815 1842 juxrainnatam
831 1791 882 1826 sui
905 1791 1120 1837 pronitatem
1137 1790 1307 1825 condele-

361 1850 478 1885 ftatur
506 1842 684 1894 appetitui
710 1840 877 1878 senfitivo
903 1866 916 1884 ,
937 1839 1169 1876 immoderate
1186 1837 1302 1888 Perse·

363 1908 479 1947 quens
491 1892 712 1932 deleflabilia
730 1917 741 1929 .

462 1946 524 1983 Ad
540 1953 748 1992 argumenta
762 1967 772 1977 .
801 1943 860 1979 Ad
873 1944 1027 1991 primum
1039 1970 1051 1986 ,
1064 1941 1226 1980 concedo
1241 1953 1303 1979 vo.

360 1999 560 2037 luntarium
590 1995 808 2041 praeexigere
833 1995 1000 2040 praeviam
1029 1991 1271 2041 cognitionem
1289 2005 1303 2034 ;

361 2053 398 2087 &
415 2060 496 2084 cum
512 2047 643 2081 dicitur
665 2043 956 2089 concupiscentia
978 2045 1100 2079 obruit
1125 2042 1230 2078 usum
1247 2054 1321 2083 ra,-

364 2100 495 2137 tionis.
528 2094 740 2141 Respondeo
756 2121 767 2135 ‚
789 2095 823 2128 in
838 2105 1056 2139 argumento
1079 2093 1193 2139 accipi
1217 2104 1303 2128 con-

361 2147 619 2198 cupiscentiam
639 2157 705 2192 pro
719 2143 801 2179 afilu
817 2171 827 2185 ‚
849 2145 911 2191 qui
926 2143 1028 2180 astus
1055 2143 1306 2179 concomitan-

361 2211 417 2237 ter
432 2200 574 2235 furatur
586 2195 807 2232 intellectum
821 2195 925 2230 etiam
937 2194 1133 2240 sapientum
1150 2205 1165 2234 3
1184 2193 1238 2228 led
1249 2203 1306 2228 ta-

361 2263 443 2289 men
467 2246 590 2285 extitit
606 2261 623 2282 a
649 2245 836 2281 voluntate
862 2245 1057 2292 imperatus
1075 2256 1138 2290 per
1157 2244 1309 2293 applica-

361 2304 498 2338 tionem
516 2297 728 2335 inferiorum
753 2296 995 2342 potentiarum
1023 2294 1066 2329 ad
1080 2306 1172 2340 opus
1187 2322 1194 2330 .
1229 2292 1306 2339 ipsa

366 2353 481 2400 igitur
500 2360 571 2385 non
599 2356 893 2383 remurmunante
921 2357 984 2391 per
1003 2343 1189 2380 diffensum
1209 2371 1220 2387 ,
1248 2342 1307 2380 sed

363 2402 478 2448 magis
490 2398 642 2447 jubente
654 2395 734 2443 ejus
750 2395 852 2432 aelus
865 2393 1229 2444 repraesentationem,
1240 2393 1308 2431 fuit

366 2453 432 2489 fibi
446 2450 604 2487 maxime
618 2447 848 2483 voluntarius
861 2472 871 2482 .

465 2500 527 2538 Ad
541 2498 735 2536 secundum
750 2495 947 2543 respondeo
961 2522 973 2539 ,
994 2498 1102 2532 timor
1113 2493 1163 2531 est
1188 2494 1234 2531 de
1246 2507 1311 2531 no-

364 2551 430 2590 lito
442 2552 542 2600 quod
555 2549 664 2585 scitur
675 2576 687 2592 ‚
699 2552 755 2584 vel
769 2547 926 2584 creditur
936 2545 1004 2583 effe
1018 2547 1312 2593 futurum,quare

365 2601 652 2641 involuntarium
667 2598 773 2637 efficit
786 2599 930 2645 quoties
946 2597 990 2633 fic
1004 2597 1181 2633 incutitur
1193 2624 1202 2639 ,
1216 2608 1255 2633 ut
1269 2608 1312 2632 eo

369 2654 569 2691 afficiantur
581 2651 687 2686 etiam
700 2650 770 2686 viri
780 2648 993 2684 constantes:
1006 2659 1047 2683 ac
1058 2647 1314 2694 concupiscen-

369 2706 420 2742 tia
432 2717 504 2742 non
517 2703 566 2739 est
583 2701 626 2735 de
639 2700 754 2736 nolito
768 2724 780 2741 ,
793 2698 849 2734 sed
867 2700 977 2746 magis
992 2698 1125 2746 pellicit
1136 2697 1179 2733 ad
1194 2697 1319 2746 prose·

370 2755 517 2802 quenda
530 2750 750 2790 delectabilia
767 2749 999 2785 immoderate
1011 2775 1022 2791 ,
1048 2760 1130 2794 quae
1146 2748 1225 2785 sunt
1239 2748 1316 2786 sen·

370 2807 478 2844 {nivo
500 2802 673 2853 appetitui
708 2800 864 2836 maxime
886 2799 1137 2835 convenientia
1151 2826 1163 2842 ,
1189 2800 1318 2836 &ideo

372 2869 448 2895 non
461 2855 597 2892 inducit
614 2850 917 2888 involuntarium.
937 2851 978 2885 Et
994 2860 1076 2885 cum
1093 2849 1239 2892 dicitur,
1255 2861 1318 2899 pet·

375 2905 703 2954 concupiscentiam
732 2900 808 2936 fieri
830 2926 838 2935 .
864 2909 903 2935 ut
921 2899 1084 2934 homines
1111 2900 1318 2947 relinquant

379 2969 462 3006 quae
474 2953 736 3008 proposuerunt
749 2975 760 2988 .
781 2952 865 2990 Hoc
876 2951 1006 3000 utique
1019 2960 1147 2988 vetum
1160 2949 1208 2987 est
1219 2977 1233 2995 ,
1258 2951 1318 2989 sed

1360 1339 1428 1376 effe
1442 1338 1555 1388 potest
1585 1338 1691 1385 ipsius
1707 1338 1791 1375 facti
1803 1339 1838 1373 in
1858 1335 1912 1379 se,
1938 1338 1994 1373 vel
2022 1336 2145 1383 quoad
2175 1335 2315 1381 aliquas

1361 1389 1647 1428 circumstantias
1661 1389 1770 1437 ipfius
1789 1403 1802 1424 ι
1832 1388 1888 1424 vel
1901 1386 2022 1436 quoad
2039 1386 2179 1434 aliquid
2192 1382 2317 1422 conse-

1365 1453 1480 1489 quens
1498 1466 1507 1475 .

1465 1492 1674 1537 ignorantia
1687 1492 1796 1537 igitur
1811 1493 1844 1529 8<
1862 1494 2017 1529 maxime
2031 1490 2128 1525 illius
2141 1485 2316 1523 conditio-

1363 1543 1416 1578 nis
1432 1569 1443 1584 ,
1465 1552 1546 1587 quae
1561 1543 1757 1587 requiritur
1767 1543 1808 1575 ad
1822 1543 1942 1576 actum
1960 1540 2185 1576 voluntatis,
2207 1537 2313 1569 invo-

1367 1592 1564 1628 luntarium
1586 1588 1729 1628 causat,
1755 1588 1951 1624 secundum
1975 1584 2232 1630 Philosophum
2250 1607 2262 1624 ,
2285 1594 2321 1628 3.

1364 1638 1640 1686 Ethic.cap.3.9<
1657 1637 2003 1683 Augustinum‚8.de
2015 1632 2318 1679 Trinit.c·4.Ni-

1365 1692 1420 1730 hil
1430 1691 1478 1738 est
1488 1701 1544 1725 am
1553 1697 1644 1725 atum
1654 1687 1715 1722 vel
1724 1688 1871 1722 -zvalirum
1885 1714 1898 1728 ,
1924 1686 1991 1732 nisi
1998 1689 2100 1732 prius
2125 1689 2314 1732 cognitum,

1365 1745 1609 1778 Veruntamen
1635 1736 1777 1782 quoties
1805 1737 2008 1782 ignorantia
2021 1734 2070 1771 est
2098 1734 2319 1778 voluntaria,

1366 1785 1644 1834 &imputabilis
1657 1786 1699 1820 ad
1716 1788 1859 1834 culpam
1872 1813 1882 1828 ,
1900 1799 1938 1822 ut
1956 1798 2037 1821 cum
2055 1788 2138 1832 quis
2153 1786 2267 1833 potest
2281 1788 2317 1823 Sc

1363 1849 1507 1875 tenetur
1533 1835 1643 1877 scire,
1665 1837 1698 1872 8<
1727 1846 1845 1872 tamen
1874 1837 2071 1883 intelligere
2100 1839 2318 1881 contemnit,

1364 1899 1550 1936 nunquam
1574 1886 1858 1923 involuntarium
1881 1887 2003 1923 causat
2027 1914 2038 1929 ‚
2072 1887 2159 1933 quia
2186 1889 2318 1926 volens

1364 1940 1534 1985 ignorat:
1564 1947 1629 1971 nec
1645 1947 1727 1971 cum
1741 1936 1904 1984 sequitur
1918 1937 1960 1972 ad
1975 1938 2094 1973 aetum
2108 1939 2319 1984 obliquum,

1365 1988 1483 2024 veluti
1504 1998 1605 2034 poena
1619 1983 1698 2031 ejus
1710 2012 1721 2028 ,
1737 1988 1791 2022 vel
1811 1987 1918 2023 etiam
1930 1987 2077 2035 quando
2100 1989 2324 2026 concomita-

1364 2051 1425 2076 tur
1438 2062 1451 2082 ‚
1477 2049 1549 2073 non
1564 2035 1684 2072 causat
1700 2037 1984 2074 involuntarium
1999 2052 2010 2080 ;
2028 2040 2113 2084 quia
2131 2040 2321 2076 concomi-

1365 2100 1444 2126 tans
1458 2087 1658 2135 ignorantia
1674 2098 1743 2121 non
1757 2088 1901 2135 impedit
1916 2089 2035 2125 actum
2053 2116 2060 2130 ‚
2076 2089 2135 2125 cui
2149 2101 2317 2127 connexa,

1367 2139 1447 2180 est;
1471 2149 1553 2174 nam
1579 2136 1709 2173 etiamst
1738 2136 1884 2173 sciretur
1908 2140 2008 2186 quod
2050 2140 2190 2175 interim
2215 2140 2320 2185 latet,

1367 2189 1485 2227 adhuc
1500 2187 1666 2233 ignorans
1681 2186 1802 2226 aetum
1820 2189 1976 2227 eliceret.
1990 2191 2098 2226 Tunc
2115 2190 2226 2236 igitur
2241 2203 2320 2228 tan·

1369 2252 1448 2277 tum
1459 2237 1508 2275 est
1520 2236 1624 2273 causa
1642 2239 1871 2275 involuntarii
1887 2266 1896 2280 ‚
1909 2253 1990 2276 cum
2006 2242 2136 2289 aliquis
2149 2254 2194 2276 ex
2211 2242 2319 2287 igno-

1369 2291 1484 2327 rantia
1497 2287 1693 2335 faffi,quae
1709 2301 1779 2325 non
1794 2289 1843 2326 est
1860 2290 1920 2326 fibi
1941 2291 2155 2334 voluntaria,
2170 2304 2231 2328 aut
2247 2295 2319 2330 cir‘

1368 2339 1664 2378 cumstantiarum
1679 2337 1759 2385 ejus
1775 2366 1788 2383 ,
1814 2353 1874 2376 aut
1891 2341 1984 2377 iliius
2001 2343 2321 2392 conditionis‚quae

1371 2392 1571 2440 requiritur
1584 2391 1625 2425 ad
1639 2391 1758 2426 astum
1779 2404 1790 2424 ι
1802 2393 1974 2428 oluntatis
1986 2420 1997 2435 ,
2021 2404 2194 2440 operatur
2210 2421 2221 2437 ‚
2248 2408 2320 2431 non

1371 2443 1532 2479 facturus
1544 2442 1644 2489 quod
1661 2440 1809 2484 efficit,fi
1825 2442 1961 2480 fletum
1976 2445 2010 2479 in
2026 2443 2073 2484 se,
2086 2455 2147 2479 aut
2167 2446 2323 2482 circum-

1372 2493 1514 2530 stantias
1531 2492 1639 2539 ipsius
1652 2490 1855 2540 perspeftas
1867 2493 2010 2532 haberet
2029 2518 2038 2528 .
2056 2495 2323 2543 Exemplum-‚3

1373 2545 1490 2593 fiquis
1505 2543 1692 2579 abundans
1710 2543 1813 2580 bonis
1830 2545 1982 2582 fortunae
1997 2544 2109 2591 fingat
2134 2545 2168 2581 se
2190 2559 2326 2595 paupe-

1375 2607 1447 2631 rem
1466 2591 1535 2630 esse
1559 2605 1635 2640 quo
1646 2595 1891 2644 eleemosynas
1907 2597 1953 2631 ab
1970 2597 2205 2641 erogantibus
2232 2599 2328 2634 acci-

1376 2647 1463 2694 piat,
1477 2646 1718 2682 involuntarie
1729 2647 1820 2682 alius
1831 2644 2076 2694 eleemosynas
2090 2646 2141 2681 illi
2157 2647 2326 2693 largitur,

1376 2705 1504 2746 putans
1520 2695 1552 2731 se
1563 2693 1891 2740 egenosubvenire.
1909 2696 1989 2732 Aut
2002 2696 2024 2731 fi
2037 2697 2142 2730 alicui
2154 2708 2328 2745 tanquam

1378 2746 1584 2793 propinquo
1594 2745 1787 2793 donet‚qui
1800 2758 1918 2782 tamen
1933 2759 2003 2782 non
2016 2743 2064 2782 est
2079 2749 2325 2795 propinquus,

1377 2797 1621 2833 involuntarie
1636 2797 1744 2833 donat
1761 2824 1771 2839 ‚
1783 2797 1868 2845 quia
1884 2796 2057 2845 deceptus
2069 2797 2160 2832 circa
2171 2799 2327 2834 circum·

1382 2847 1544 2883 stantiam
1562 2873 1572 2889 ‚
1592 2858 1737 2894 propter
1752 2859 1860 2894 quam
1874 2847 2025 2893 largitur
2043 2872 2055 2889 ,
2084 2848 2117 2882 8<
2138 2848 2186 2882 ita
2199 2849 2234 2883 in
2246 2849 2326 2886 aliis

1380 2897 1639 2939 consimilibus,
1652 2908 1690 2932 ut
1702 2898 1736 2933 in
1749 2898 1898 2933 materia
1907 2897 1952 2933 de
1967 2897 2223 2933 Matrimoniali
2238 2909 2328 2935 con..

1381 2948 1500 2988 trafitu
1513 2948 1650 2988 dietum
1663 2947 1733 2986 fuit
1743 2949 1778 2987 in
1791 2947 1910 2986 addit.
1926 2948 1974 2986 ad
1990 2956 2060 2998 3.p‚
2073 2958 2109 2996 q.
2126 2958 2185 2997 5¹·
2198 2957 2272 2987 art.
2290 2961 2326 2989 1.

2412 1669 2558 1711 Magistas

2355 1708 2433 1737 Sent.
2455 1708 2485 1742 d,
2506 1720 2560 1744 n·

2358 1749 2443 1779 lit-K-

2144 3759 2303 3813 Quar-
