2602 4011
679 116 839 165 Tamus
856 119 948 163 III.
969 121 1095 166 Part.
1109 119 1170 166 ῙῙ.
1185 126 1353 201 Qaest.
1386 123 1549 172 CXIV.
1564 125 1668 173 Art.
1701 126 1761 174 Χ.

238 193 366 218 riorum
382 209 393 225 ,
411 182 478 219 illis
494 185 612 234 aliqua
628 186 722 221 bona
739 186 902 231 rependit
919 213 927 226 ‚
941 187 974 221 8<
991 198 1064 222 non
1082 200 1185 224 aeter-

24 261 25 300 ¹
235 243 283 267 m
297 245 309 271 3
329 244 416 279 ergo
429 236 640 283 temporalia
656 258 664 268 .
687 234 834 272 Cadunt
846 236 955 283 igitur
965 237 1049 273 talia
1062 239 1187 275 bona*

236 281 304 318 sub
318 286 484 320 meritum
497 309 508 320 .

23 320 24 382 l
342 334 480 371 Contra
497 360 508 376 ‚
531 334 764 381 Temporalia
778 334 871 371 bona
884 337 1087 373 communia
1103 337 1183 374 sunt

21 387 23 474 i
235 382 342 430 justis
356 411 369 427 ‚
395 382 692 468 atquesinjustisa
721 387 816 433 Quae
833 397 952 424 autem
968 386 1101 423 cadunt
1116 388 1184 424 sub

235 435 366 471 merito
416 445 486 472 non
516 445 579 470 unt
602 437 806 471 communia
829 439 997 473 omnibus
1053 437 1110 474 sed
1127 438 1181 474 so-

11 462 23 512 *i
235 485 309 520 lunii
322 461 544 523 coriveniunt
557 510 568 527 ‚
589 495 700 533 atque
711 486 959 534 rependuntur
987 464 1054 536 piis
1065 488 1182 525 homi·

236 535 346 573 nibus
360 548 374 576 ;
401 546 489 580 ergo
502 537 713 583 temporalia
728 538 820 573 bona
845 550 916 575 non
935 538 1117 587 pertinent
1135 538 1181 574 ad

233 597 277 622 ea
289 611 302 629 ,
317 596 397 632 quae
409 585 542 623 cadunt
563 586 626 622 sub
641 588 806 624 meritum
820 614 830 622 .

18 663 54 695 *M
74 662 154 693 cister
173 670 189 691 2
336 633 574 682 Respondeo‚
597 637 740 674 Genera
759 640 935 675 bonorum
963 641 1183 687 distinguens

9 672 205 740 lambam:
240 685 468 732 Augustinus
490 698 521 722 t.
540 686 699 726 Retrafl.
716 697 790 733 cap.
804 703 840 738 9,
867 689 988 727 scribit
1009 706 1022 734 3
1052 692 1182 726 Virtu-

9 725 111 781 {ufflst
136 750 206 769 vero
240 746 314 777 ωε,
337 736 471 783 quibus
487 736 582 773 resste
608 740 746 774 vivitur
765 765 776 782 ,
799 751 926 785 magna
952 742 1045 777 bona
1073 740 1153 776 sunt
1171 766 1182 776 .

8 776 150 850 {isffdsfflfflg
166 780 208 844 ἢ·
237 787 382 834 Species
408 797 530 823 autem
545 790 790 834 quorumlibet
804 791 1087 836 corporum,fine
1099 791 1183 835 qui·

18 827 206 888 3⁰¹³Art5c216
239 839 305 873 bus
317 837 412 873 rthe
425 838 500 872 vivi
517 838 631 885 potest
649 866 660 882 ‚
687 839 834 875 minima
860 841 957 876 bona
981 840 1061 878 sunt
1076 866 1086 876 .
1119 843 1184 877 Po.

5 895 114 935 {tq-2.
236 889 353 926 tentiae
368 899 456 923 vero
467 890 602 932 animi,
631 889 701 925 fine
727 891 860 936 quibus
890 890 984 926 reete
1007 892 1086 927 vivi
1111 903 1183 928 non

16 942 17 949 ¹
234 937 377 989 potest,
406 939 520 974 media
535 940 627 975 bona
654 939 756 975 sunt.
780 940 868 976 ltem
896 943 1094 978 virtutibus
1121 955 1184 977 rie-

234 1000 297 1027 mo
314 989 404 1024 male
420 990 540 1025 utitur
556 1015 565 1025 .
577 990 730 1026 Coeteris
744 1001 862 1027 autem
878 993 995 1034 bonis,
1006 991 1094 1028 idest
1109 1004 1183 1027 me·

233 1040 327 1081 diis,
348 1040 381 1075 8<
410 1038 566 1084 infimis,
594 1053 664 1076 non
689 1039 801 1075 solum
823 1043 939 1084 bene,
967 1041 1024 1078 sed
1041 1043 1183 1078 etiam..

234 1091 327 1129 male
339 1089 494 1137 quisque
506 1090 710 1137 utipotest.
738 1089 782 1126 Et
808 1091 888 1128 ideo
916 1094 1052 1128 virtute
1076 1104 1183 1127 nemo

232 1142 329 1178 male
342 1141 457 1176 utitur
468 1167 481 1182 ,
506 1141 590 1186 quia
603 1151 695 1187 opus
712 1142 855 1178 vii-tutis
866 1168 879 1185 ‚
906 1141 955 1179 est
970 1144 1039 1178 bon
1047 1154 1085 1177 us
1097 1140 1184 1177 usus

231 1191 385 1227 istorum
403 1217 413 1232 ‚
440 1191 576 1236 quibus
590 1192 696 1226 etiam
711 1204 781 1226 non
798 1193 884 1227 bene
908 1194 960 1228 uti
975 1191 1158 1240 possumus
1171 1216 1181 1226 .

232 1243 323 1278 Haec
336 1240 561 1288 Augustinus
575 1265 584 1275 .
603 1241 850 1278 Veruntamen
863 1242 920 1277 hic
932 1245 1077 1277 nomine
1095 1251 1184 1278 tem-

231 1292 416 1339 poral=um
452 1291 633 1326 bonorum
671 1303 742 1327 noti
771 1293 922 1328 virtutes
951 1292 1184 1336 significare.»

230 1341 450 1378 intendimus
465 1368 475 1381 ‚
502 1342 637 1388 quibus
649 1353 754 1377 nemo
770 1344 856 1379 male
871 1343 924 1378 uti
950 1342 1066 1388 potest
1083 1368 1095 1383 ,
1123 1342 1184 1379 sed

233 1405 276 1430 ea
299 1392 504 1432 duntaxat,
535 1392 669 1437 quibus
681 1392 798 1432 reete,
821 1393 853 1428 &
886 1394 976 1428 male
995 1395 1047 1428 uti
1061 1393 1183 1439 possu-

231 1453 315 1479 mus
330 1468 341 1483 ,
370 1454 450 1485 quw:
469 1452 654 1488 propterea
684 1441 918 1478 indifferentia
946 1445 1039 1478 bona
1056 1443 1182 1478 dicun·

230 1503 315 1534 tur,
337 1494 392 1528 uti
408 1490 489 1526 sunt
505 1493 577 1526 vita
605 1494 798 1537 corporalis
817 1519 826 1533 ,
853 1492 1018 1540 prospera
1039 1494 1181 1529 valetu-

232 1543 303 1584 do,
332 1542 470 1577 divitiae
487 1543 656 1578 nobilitas
672 1568 680 1584 ,
700 1544 836 1579 viribus
853 1543 984 1590 pollere
999 1571 1007 1583 ,
1024 1553 1085 1578 aut
1102 1543 1180 1591 pul.

232 1592 439 1630 chritudiiie
457 1617 469 1632 ,
495 1591 686 1639 dignitates
703 1619 714 1635 ,
730 1592 764 1628 8<
780 1593 1105 1640 principatusinter
1117 1594 1179 1630 ho.

231 1645 346 1679 mines
362 1668 375 1687 ,
406 1643 438 1677 8<
452 1642 520 1677 alia
535 1642 569 1677 id
585 1653 698 1687 genus
714 1669 725 1684 ‚
750 1654 830 1689 quae
846 1644 991 1678 minima
1013 1645 1107 1679 bona
1118 1655 1180 1690 ap-

230 1695 337 1742 pellat
351 1691 576 1736 Augustinus
592 1718 603 1732 ‚
626 1694 710 1738 quia
725 1692 794 1728 sine
821 1693 876 1727 his
906 1692 1000 1728 reete
1015 1694 1087 1729 vivi
1114 1704 1178 1740 po-

230 1743 298 1780 test
316 1767 325 1778 .
353 1742 450 1778 Cum
463 1753 550 1789 ergo
571 1743 745 1788 quaeritur
760 1768 771 1783 ,
792 1754 835 1776 an
860 1742 936 1777 haec
965 1743 1028 1778 sub
1049 1743 1177 1779 merito

230 1794 362 1829 cadant
386 1793 432 1828 sic
448 1818 460 1834 ,
484 1803 522 1827 ut
547 1793 676 1838 aliquis
703 1791 837 1840 persua
852 1795 945 1827 bona
972 1804 1080 1837 opera
1115 1792 1178 1829 sibi

230 1841 408 1890 ejusmodi
428 1843 519 1877 bona
545 1843 785 1887 promeruerit
815 1841 827 1875 ἒ
864 1843 1135 1880 Αυεηάεηάιιτη
1165 1869 1177 1884 ,

230 1905 358 1930 utrum
375 1892 511 1928 auxi110
524 1892 587 1928 lint
601 1891 687 1928 eiad
701 1893 761 1928 illa
774 1892 979 1929 exhibenda
997 1920 1008 1934 ‚
1025 1905 1084 1936 per
1097 1904 1176 1941 qiiae

229 1943 420 1991 proemium
447 1941 688 1989 consequatur
723 1954 893 1978 aeternum
920 1969 931 1984 ‚
966 1942 1178 1990 hujusmodi

228 1995 312 2030 sunt
327 2005 433 2041 opera
450 1993 631 2030 virtutum
647 2019 656 2028 .
685 1992 871 2039 Siquidem
886 2018 893 2032 ,
918 1991 1024 2038 jum
1052 1993 1177 2030 diffia...

228 2043 380 2082 articulo
394 2054 430 2078 z.
448 2042 537 2079 illud
555 2053 695 2079 tantum
710 2043 755 2078 est
779 2043 873 2090 apud
894 2045 1011 2080 Deum
1033 2045 1175 2080 merito-

228 2097 324 2132 tium
341 2121 350 2135 ‚
380 2104 441 2140 per
457 2092 555 2140 quod
584 2094 692 2128 bomo
717 2105 870 2129 metetur
900 2097 1077 2138 acceptari
1102 2093 1178 2140 spe-

233 2146 315 2181 ciali
330 2144 387 2180 illa
401 2144 647 2191 acceptatione
662 2170 670 2183 ,
700 2156 772 2191 qua
783 2143 970 2180 ordinatur
989 2144 1024 2178 id
1045 2155 1175 2180 merce-

230 2195 311 2232 dem
322 2192 569 2240 sempiternam
581 2192 868 2240 consequendam
883 2220 892 2229 .
910 2195 1078 2243 Quisque
1092 2206 1179 2240 ergo

23 2244 202 2285 Quodlibet·
231 2249 322 2283 bene
337 2255 440 2280 utens
456 2256 501 2280 ex
517 2243 549 2279 se
563 2242 849 2280 indifferentibus
876 2243 981 2280 bonis
1001 2272 1014 2288 ,
1038 2256 1178 2280 certum

4 2285 207 2337 ginadfinm.
233 2297 281 2334 est
298 2323 308 2338 ‚
331 2294 451 2331 eadem
464 2294 527 2330 sibi
542 2292 643 2329 fuisse
655 2295 783 2329 collata
800 2321 812 2335 ‚
835 2304 875 2328 ut
900 2296 1091 2336 proemium
1105 2306 1178 2329 me-

4 2350 5 2353 ’
235 2350 384 2385 riorum
403 2369 414 2384 ,
443 2343 501 2380 seu
527 2342 709 2386 praesentia
726 2343 816 2385 sint,
844 2342 901 2378 seu
917 2343 1040 2379 futura
1057 2368 1069 2384 2
1099 2345 1179 2378 Deo

232 2408 352 2434 tamen
376 2393 553 2442 perspeeta
573 2420 584 2435 ‚
611 2394 767 2440 acetoque
794 2394 937 2439 cognita
952 2419 962 2428 .
989 2397 1087 2432 Nam
1115 2395 1179 2428 ali-

234 2445 387 2496 quando
404 2446 484 2492 plus
503 2443 641 2491 prodest
657 2442 848 2479 adversitas
865 2470 876 2485 ‚
905 2457 1013 2490 quam
1038 2444 1181 2492 nrospe-

237 2498 324 2535 ritas
338 2523 347 2536 ,
378 2493 572 2531 secundum
592 2494 757 2530 Boetium
775 2510 811 2540 4.
825 2494 868 2529 de
883 2493 1129 2543 Cousbl-priffa
1141 2506 1180 2541 4.

236 2551 294 2586 De
306 2544 399 2592 τεᾶς
413 2557 499 2591 ergo
509 2545 656 2581 rationis
673 2545 864 2581 difflamine
880 2557 1022 2582 utentes
1050 2548 1103 2582 his
1120 2547 1183 2580 bo.

236 2601 306 2640 nis,
317 2596 400 2631 data
418 2595 496 2631 sunt
513 2595 596 2640 ipsis
611 2621 622 2636 ‚
637 2605 675 2631 ut
689 2607 749 2638 per
761 2608 800 2631 ea
814 2595 1079 2643 consequantur
1088 2607 1181 2643 proe-

236 2650 349 2686 mium
369 2644 643 2691 sempiternum.
670 2645 811 2681 Contra
829 2657 915 2681 vero
945 2647 1069 2684 iisdem
1096 2648 1184 2682 abu.

236 2698 420 2739 rentibus,
444 2694 601 2732 exhibita
617 2693 696 2731 sunt
714 2721 725 2737 ,
745 2707 814 2730 non
827 2697 973 2741 quidem
993 2725 1003 2740 ,
1026 2700 1112 2733 utin
1131 2696 1180 2731 fa-

236 2751 360 2785 cinora
376 2747 515 2782 facilius
531 2746 801 2791 prolaberentur
822 2759 833 2786 ;
860 2745 916 2782 sed
943 2760 982 2784 ut
1012 2748 1092 2783 inde
1116 2746 1182 2782 sal-

236 2809 309 2836 tem
323 2798 563 2833 excitaremur
574 2794 615 2829 ad
629 2807 783 2831 amorem
797 2796 1100 2835 beneficentissimi
1114 2800 1182 2833 lar-

235 2849 367 2896 gitoris
384 2873 394 2888 ,
424 2846 592 2893 quamvis
606 2845 762 2894 ipsorum
779 2848 882 2894 cuipa
897 2849 956 2884 fiat
975 2874 986 2888 ,
1020 2861 1057 2884 ut
1074 2849 1182 2886 inde>

235 2910 362 2937 eorum
375 2900 589 2934 acceleretur
604 2922 617 2938 ,
645 2897 702 2933 vel
718 2908 895 2943 augeatur
918 2899 1070 2948 perditio
1094 2898 1184 2936 sein·

236 2951 375 2999 piterna
394 2974 404 2983 .

337 3001 427 3046 Quo
443 3009 558 3034 autem
571 2998 648 3033 liaec
662 2997 838 3034 elucidius
855 2999 1078 3036 declarentur
1091 3026 1103 3042 ‚
1130 3010 1185 3035 at·

0 3059 1 3085 ξ
48 3071 138 3106 3.dist
163 3079 194 3106 3²
240 3061 312 3097 que
341 3049 614 3093 intelligantur,
642 3047 820 3084 sciendum
843 3050 988 3092 Deum,
1014 3061 1096 3085 cum
1129 3063 1184 3086 ra-

0 3100 42 3142 ae·
79 3089 209 3141 Tert'iunss
241 3098 504 3136 tionabililsime
529 3099 644 3144 velit,
672 3100 839 3146 quamvis
866 3112 940 3135 uno
985 3100 1185 3147 eodemque

0 3151 116 3187 :Fam-
164 3187 170 3193 ,
244 3150 324 3187 aGtu
340 3176 352 3192 ,
380 3159 419 3185 ut
434 3160 551 3185 tamen
566 3151 594 3185 is
610 3148 822 3193 intelligitur
837 3151 983 3185 transire
1013 3148 1114 3196 super
1130 3151 1186 3186 di·

0 3191 30 3255 ls
45 3187 145 3254 Sefmg
163 3187 211 3252 θ’
243 3199 341 3235 versa
353 3199 495 3246 objeaa
506 3200 669 3235 ordinate
681 3226 692 3241 ,
719 3201 874 3244 primuni
890 3201 980 3236 velle
993 3201 1097 3237 finem
1115 3227 1127 3242 ,
1151 3202 1186 3236 in

0 3235 213 3297 iestpsxeiiiessuz
247 3261 320 3296 quo
332 3251 381 3286 est
398 3251 496 3285 aetus
512 3248 591 3295 ejus
602 3249 780 3295 perses-”tus
796 3275 806 3290 ‚
832 3252 866 3286 8(
881 3253 1048 3288 voluntas
1060 3251 1161 3286 beata
1177 3275 1190 3288 .

0 3296 44 3330 ³de
63 3300 215 3345 'Pudet-ti·
248 3300 412 3336 Secundo
426 3299 571 3336 transire
590 3300 691 3348 super
707 3302 762 3335 illa
776 3324 787 3340 ,
814 3314 894 3348 qua:
915 3301 1115 3338 immediate
1127 3313 1188 3337 or·

9 3349 125 3408 ffl'ffl'g
157 3337 215 3405 “³¹¹2“
249 3349 585 3396 dinanturitiipsum
603 3376 612 3392 ,
635 3348 913 3398 praedestinanclo
929 3353 1093 3388 nimirum
1117 3354 1187 3388 ele·

0 3387 213 3456 ’Ῑξῖφίζῖρη
249 3399 326 3435 &os
343 3425 354 3440 ,
380 3400 442 3444 qui
459 3400 660 3436 immediate
670 3401 886 3438 ordinantur
902 3403 936 3438 in
954 3402 1067 3448 ipsum
1084 3428 1096 3444 ,
1124 3414 1187 3438 vo.

0 3462 98 3485 *totum
109 3473 119 3484 .
248 3448 357 3486 lendo
372 3473 385 3489 ,
397 3459 457 3483 eos
473 3449 618 3495 diligere
634 3450 723 3486 idem
740 3450 924 3497 objefium
938 3451 1054 3488 secum
1071 3477 1083 3490 .
1097 3451 1187 3489 Ter-

247 3499 301 3534 tio
317 3499 407 3534 velle
423 3509 502 3545 qiiae
519 3497 597 3533 sunt
623 3498 811 3536 necessaria
839 3502 882 3538 ad
903 3503 1187 3548 attingendum..

247 3548 345 3584 hunc
360 3546 463 3583 finem
478 3576 492 3596 ,
509 3547 662 3596 suntque
675 3551 767 3587 bona
780 3554 902 3597 gratiae
919 3563 1050 3600 ‚atque
1063 3553 1186 3590 seriem

247 3596 503 3634 beneficiorum
521 3599 662 3634 illorum
679 3626 691 3642 ‚
703 3603 835 3646 quibus
850 3603 1032 3640 certissime
1048 3604 1189 3641 salvan-

253 3658 314 3683 tur
328 3674 339 3690 ,
365 3648 574 3695 quicunque
588 3648 769 3686 salvantur
782 3677 792 3687 .
814 3652 872 3688 Ac
886 3653 1064 3699 postremo
1089 3656 1188 3692 ordi-

250 3709 336 3734 nare
349 3700 538 3734 remotiora
552 3710 704 3746 quaque
728 3702 770 3737 ad
783 3704 934 3738 eundem
959 3705 1132 3742 intentum
1147 3706 1191 3742 fi-

252 3759 355 3790 nem,
383 3759 421 3783 ut
436 3749 609 3785 mundum
634 3750 827 3789 sensibilem
864 3753 909 3789 ad
924 3754 1186 3794 inserviendum

239 3810 247 3831 ι
353 3798 449 3837 Tom.
463 3797 536 3836 Ill.

1263 194 1385 236 eiee'tis
1400 224 1409 232 .
1438 192 1507 228 His
1523 193 1572 228 ita
1585 192 1727 238 digestis
1742 220 1753 235 ,
1784 205 1892 241 atque
1905 195 2080 233 ordinatis
2095 226 2104 240 ,
2132 204 2206 237 evi-

1255 249 1342 285 dens
1355 245 1433 286 est,
1459 243 1556 278 bona
1585 244 1799 289 temporalia
1825 270 1836 285 ‚
1874 259 1954 292 quae
1975 249 2203 288 circumstant

1254 299 1391 335 eleetos
1406 322 1419 338 ,
1433 294 1546 329 volita
1559 290 1627 329 esse
1642 318 1654 335 ,
1678 303 1718 328 ut
1732 293 1794 328 sint
1812 294 1892 339 ipsis
1903 297 1939 332 in
1952 299 2201 345 ministerium,

1254 348 1378 397 eisque
1392 355 1541 382 utantur
1552 343 1586 378 in
1597 342 1726 377 ordine
1739 343 1782 377 ad
1796 353 1960 381 aeternam
1974 351 2203 390 eorundem..

1255 398 1469 437 felicitatem
1485 422 1497 438 ,
1524 406 1607 443 quae
1625 391 1728 428 sicuti
1742 391 1835 428 cadit
1852 393 1916 430 sub
1931 400 2093 436 meritum
2108 429 2118 445 ‚
2131 404 2203 439 imo

1253 450 1291 486 in
1305 448 1436 485 effe&u
1454 445 1666 494 rependitur
1692 454 1733 480 ut
1749 445 1935 492 proemium
1964 452 2172 488 meritorum
2188 466 2203 494 ς

1255 502 1306 537 ita
1320 501 1353 537 8<
1367 511 1408 536 ea
1420 498 1541 535 omnia
1554 522 1566 538 ,
1592 505 1673 544 quae
1688 493 1733 530 ad
1747 493 1907 543 ejusdem
1931 500 2137 538 conducunt
2150 503 2203 538 as-

1251 551 1505 601 sequutionem
1520 573 1529 583 .

1354 600 1417 636 Ad
1434 606 1646 642 argumenta
1669 619 1680 630 .
1712 594 1770 632 Ad
1796 596 1949 644 primum
1979 599 2201 648 respondeo,

1257 651 1467 688 viventibus
1482 647 1549 684 sub
1566 647 1642 693 lege
1659 645 1829 694 Mosayca
1845 647 2025 684 interdum
2039 651 2200 697 promissa

1254 714 1406 750 quoque
1418 699 1484 737 esse
1500 700 1592 734 bona
1608 696 1824 745 sempiterna
1840 725 1852 741 ,
1881 698 1961 733 licet
1976 697 2200 745 frequentius

1256 752 1468 800 temporalia
1491 746 1680 784 commoda
1703 749 1752 784 eis
1767 749 1921 795 pollicita
1934 747 2022 784 sint.
2044 751 2200 790 Utenim

1255 813 1330 840 erat
1345 802 1504 851 populus
1516 798 1636 840 rudis,
1650 799 1695 833 ita
1713 810 1774 845 per
1786 797 1958 835 sensibilia
1977 824 1989 840 ,
2005 800 2039 835 8<
2059 810 2201 848 tempo-

1254 854 1340 890 ralia
1367 849 1663 889 manuducendus
1691 859 1763 885 erat
1779 848 1821 884 ad
1849 849 2074 896 percipienda
2102 850 2202 896 spiri-

1257 905 1372 940 tualia.
1407 902 1444 938 8<
1473 899 1708 945 intelligibilia
1722 924 1731 934 .
1755 901 1880 950 Qare
1898 898 1919 934 fi
1937 903 2201 948 temporalibus

1253 954 1361 989 bonis
1373 951 1481 998 juxta
1494 949 1675 984 distamen
1693 949 1795 984 refflae
1825 950 1972 987 rationis
1994 951 2048 986 uii
2073 952 2203 988 voluis-

1254 1003 1330 1038 sent
1345 1028 1359 1045 ,
1382 1000 1481 1037 haud
1493 998 1646 1035 dubium
1659 1025 1671 1040 ‚
1694 999 1728 1034 in
1743 1000 1930 1045 proemium
1958 1001 2203 1042 meritorum...

1255 1052 1482 1101 praesentium
1499 1076 1511 1092 ,
1531 1058 1593 1085 aut
1625 1048 1830 1084 futurorum
1846 1050 1928 1085 data
1957 1050 2023 1088 esse
2040 1078 2050 1093 ‚
2082 1052 2202 1100 sicque

1252 1100 1482 1143 patriarchas
1502 1099 1703 1147 praedivites
1716 1098 1869 1136 extitisse
1884 1101 2020 1137 constat
2039 1128 2049 1143 ,
2069 1106 2204 1149 quibus

1254 1153 1420 1203 profeSto
1435 1149 1576 1186 divitiae
1601 1149 1778 1185 cesserunt
1802 1160 1840 1185 ut
1855 1147 1967 1186 medii
1983 1152 2204 1198 consequen-

1253 1206 1288 1241 di
1303 1214 1470 1239 aeternam
1487 1202 1636 1237 salutem
1656 1213 1668 1240 3
1699 1198 1783 1236 inde
1814 1201 1904 1236 enim
1925 1213 2121 1247 portierunt
2136 1204 2205 1242 sese

1254 1256 1291 1291 in
1303 1254 1477 1301 operibus
1493 1248 1746 1288 misericordiae
1771 1263 1936 1288 exercere
1950 1254 2094 1299 aliaque
2107 1266 2205 1289 tmo-

1253 1306 1414 1341 lumenta
1428 1300 1607 1349 proximis
1623 1300 1789 1350 praestare
1801 1328 1812 1344 ,
1839 1315 1921 1350 qux
1937 1314 2044 1352 opera
2060 1305 2109 1341 eis
2128 1317 2205 1342 mc-

1255 1356 1380 1392 ritoria
1398 1355 1500 1390 fuere
1515 1379 1523 1387 .

1356 1403 1416 1440 Ad
1431 1401 1622 1438 secundum
1635 1401 1832 1448 respondeo
1849 1429 1860 1445 ‚
1885 1402 1956 1440 dici
1972 1402 2069 1452 posse
2085 1431 2096 1448 ,
2122 1405 2206 1440 Ob-

1254 1454 1415 1491 stetrices
1428 1454 1504 1488 illas
1532 1451 1691 1486 babuisse
1718 1454 1851 1489 bonum
1881 1465 2018 1490 motum
2032 1456 2174 1500 pietatis
2192 1481 2203 1496 ,

1253 1515 1404 1552 propter
1415 1513 1522 1551 quem
1536 1502 1725 1549 proemium
1740 1503 1886 1550 aliquod
1899 1504 2004 1541 conse
2018 1516 2139 1541 iuutas
2151 1505 2203 1541 es-

1253 1556 1306 1595 se3
1328 1556 1422 1590 unde
1440 1554 1621 1592 scribitur,
1641 1554 1756 1588 Deum
1773 1552 1956 1591 aedificasse
1972 1557 2022 1592 eis
2040 1556 2202 1592 domum.

1253 1605 1368 1655 Qod
1383 1603 1528 1641 videtur
1540 1602 1694 1637 extitisse
1712 1615 1846 1640 merces
1858 1607 2079 1651 temporalis]
2095 1618 2205 1655 prop·

1253 1667 1350 1692 terea
1365 1653 1464 1702 quod
1481 1663 1542 1700 per
1559 1652 1783 1690 mendacium
1797 1682 1805 1695 ‚
1821 1667 1896 1702 quo
1909 1657 1998 1703 Regi
2016 1659 2203 1703 imponen-

1254 1706 1341 1741 dum
1352 1713 1527 1753 putarunt
1538 1728 1551 1744 ‚
1577 1702 1832 1740 demeruerunt
1848 1729 1861 1749 ‚
1876 1717 1920 1742 ne
1934 1719 2203 1746 remunerarem

1253 1766 1314 1791 tur
1333 1754 1485 1803 proernio
1502 1762 1656 1788 aeterno.
1684 1754 1751 1789 Vel
1765 1756 1986 1801 probabilius
2013 1756 2129 1802 potest
2147 1757 2203 1792 di-

1250 1806 1314 1846 ci,
1336 1817 1418 1841 cum
1435 1801 1589 1850 ipsarum
1606 1802 1830 1840 mendacium
1849 1805 1955 1843 fuerit
1971 1806 2171 1845 officiosum
2189 1834 2203 1850 ,

1251 1857 1335 1902 quia
1351 1855 1438 1891 utile
1452 1852 1556 1889 saluti
1569 1855 1804 1899 parvulorum
1822 1856 2010 1902 exJudaeis
2038 1857 2203 1906 progeni-

1252 1916 1375 1941 torum
1389 1930 1399 1944 ,
1423 1903 1586 1948 nullique
1602 1915 1856 1942 nocumentum
1875 1908 2023 1955 aliquod
2035 1907 2203 1950 afferens,

1252 1957 1371 1991 Deum
1391 1951 1626 1990 remunerasse
1649 1966 1707 1990 eas
1722 1968 1787 2003 pro
1803 1958 1899 1992 bono
1914 1971 2014 1997 motu
2031 1958 2172 2007 pietatis
2190 1983 2203 2000 ,

1251 2017 1292 2040 ac
1304 2004 1447 2050 insuper
1462 2003 1651 2040 contulisse
1665 2007 1772 2041 vitam
1789 2019 1954 2046 aeternarn
1973 2024 1985 2052 3
2009 2007 2204 2047 cuiconse·

1250 2053 1674 2102 quendaeimpedimento
1690 2056 1758 2092 esse
1777 2061 1914 2105 nequiit
1940 2061 2205 2098 mendacium-a

1250 2106 1340 2143 illud
1358 2133 1369 2147 ‚
1396 2106 1591 2140 involueris
1603 2115 1742 2141 tantum
1761 2111 1899 2145 veniale
1911 2121 2099 2156 peccatum
2114 2135 2124 2144 .

1352 2154 1414 2192 Ad
1428 2153 1573 2189 tertium
1585 2155 1778 2193 dicendum
1792 2183 1803 2199 ,
1816 2159 1916 2196 aetus
1931 2163 2116 2197 moralium
2131 2158 2204 2196 vir-

1251 2216 1372 2242 tutum
1388 2201 1632 2250 repraesentari
1657 2218 1728 2242 non
1758 2208 1853 2254 posse
1869 2237 1879 2252 ,
1909 2211 2031 2248 nilide
2057 2210 2202 2247 auxilio

1256 2258 1381 2301 gratia,-
1397 2255 1464 2290 nei
1488 2255 1679 2292 excitantis
1693 2284 1703 2299 ,
1723 2269 1834 2303 atque
1861 2260 2071 2308 adjuvantis
2099 2272 2201 2298 natu·

1251 2318 1326 2342 ram
1338 2305 1492 2339 nostram
1507 2304 1551 2338 ad
1568 2307 1700 2342 malum
1713 2309 1921 2347 inclinatam
1941 2325 1954 2353 ;
1983 2313 2105 2361 itaque
2122 2323 2202 2359 gra·

1253 2357 1305 2397 ti,
1328 2355 1539 2402 acceptique
1564 2353 1644 2389 Deo
1680 2356 1745 2392 sint
1757 2368 1901 2404 oportet
1916 2385 1929 2405 ‚
1953 2363 2002 2398 ob
2027 2364 2199 2400 rationem

1251 2408 1395 2441 allatam
1411 2430 1421 2440 .
1451 2402 1525 2441 Eifi
1544 2416 1629 2451 ergo
1641 2406 1665 2439 ii
1678 2407 1779 2442 aetus
1795 2409 1860 2445 {int
1875 2410 1969 2446 dona
1992 2415 2086 2456 Dei,
2113 2426 2183 2450 con

1251 2456 1452 2492 cedendum
1468 2453 1517 2490 est
1533 2467 1651 2492 tamen
1668 2483 1678 2497 ‚
1697 2458 1880 2504 largissime
1894 2466 2114 2500 remunerari
2134 2475 2205 2499 non

1251 2519 1386 2543 aeterno
1398 2507 1544 2552 proemio
1562 2529 1575 2548 ‚
1599 2504 1655 2542 sed
1672 2508 1834 2544 mercede
1847 2512 1968 2558 aliqua
1990 2514 2204 2559 temporali,

1252 2568 1292 2593 ut
1309 2556 1447 2593 dietum
1462 2556 1509 2592 est
1531 2557 1575 2593 de
1600 2555 1856 2596 obstetricibus
1870 2585 1884 2604 ‚
1901 2566 2016 2609 prima
2028 2562 2207 2610 responfii-

1251 2619 1295 2644 ne
1312 2634 1321 2643 .
1341 2610 1431 2645 Non
1446 2607 1495 2643 est
1511 2609 1603 2643 enim
1621 2606 1797 2653 ejusmodi
1814 2611 1849 2645 in
1865 2612 2003 2649 astibus
2023 2616 2115 2649 ratio
2132 2626 2207 2650 me-

1253 2658 1315 2694 riti
1354 2657 1574 2703 simpliciter,
1591 2657 1652 2693 sed
1668 2659 2006 2706 tantumsecundum
2030 2663 2144 2710 quid;
2171 2666 2205 2701 Sc

1253 2708 1337 2743 ideo
1351 2708 1401 2743 eis
1415 2719 1484 2742 non
1497 2707 1650 2744 debetur
1662 2733 1674 2748 ,
1691 2708 1751 2744 nisi
1770 2711 2106 2758 bonumsecundum
2120 2713 2210 2761 quid

1255 2758 1299 2792 ad
1310 2757 1409 2804 quod
1429 2759 1565 2793 bonurn
1582 2757 1761 2804 pertinent
1778 2764 1898 2798 omnia
1920 2764 2101 2811 praesentis
2123 2767 2207 2801 vitae

1254 2807 1443 2843 commoda
1480 2808 1517 2843 &
1552 2809 1645 2844 bona
1660 2833 1671 2849 ,
1698 2822 1780 2856 quae
1795 2812 2032 2850 indifferentia
2047 2815 2138 2850 reete
2156 2816 2209 2850 di-

1254 2868 1392 2893 cuntur
1416 2872 1427 2899 ;
1453 2870 1535 2904 quae
1557 2870 1745 2907 propterea
1774 2863 1903 2900 cadere
1931 2876 2116 2912 nequeunt
2141 2865 2207 2902 sub

1255 2910 1425 2944 meritum
1444 2909 1647 2955 simpliciter
1663 2936 1673 2950 ,
1702 2912 1802 2957 quod
1818 2912 1934 2950 solum
1951 2915 1995 2950 ad
2007 2926 2207 2953 aeternanb

1257 2957 1464 2995 felicitatem
1483 2958 1693 3002 ordinatur,
1716 2962 1790 2998 sive
1805 2975 2013 3012 acceptatur
2030 2991 2039 3001 .
2053 2966 2167 3014 Quod
2182 2966 2206 3002 st

1255 3010 1340 3056 quis
1355 3008 1397 3044 ad
1414 3021 1494 3044 eum
1509 3007 1613 3046 finem
1630 3011 1672 3045 iis
1691 3013 1795 3049 bonis
1818 3025 1942 3050 utatur
1955 3042 1965 3056 ,
1993 3026 2081 3051 tunc
2103 3015 2204 3063 ipsu,

1255 3058 1413 3108 speRare
1437 3061 1636 3106 probantur
1665 3061 1709 3096 ad
1732 3064 1895 3100 ordinem
1924 3064 1979 3101 seu
2007 3064 2128 3102 seriem
2145 3078 2205 3100 eo-

1255 3122 1333 3146 rum
1361 3109 1616 3146 beneficiorum
1634 3137 1646 3153 ,
1661 3114 1794 3158 quibus
1811 3114 1995 3150 certissime
2025 3114 2207 3151 salvantur

1258 3161 1470 3207 quicunque
1488 3160 1693 3198 salvantur:
1709 3174 1750 3198 ac
1767 3164 1918 3212 proinde
1930 3165 2052 3201 cadem
2070 3166 2133 3201 sub
2152 3180 2207 3202 ra·

1256 3213 1354 3247 tione
1366 3211 1479 3246 meriti
1494 3211 1640 3258 proprie
1656 3216 1819 3262 accepti,
1843 3215 1969 3251 cadere
1989 3227 2127 3253 certum
2140 3216 2203 3252 est.

1360 3260 1486 3307 Atque
1510 3271 1556 3296 ex
1580 3259 1634 3296 his
1649 3274 1745 3309 patet
1761 3291 1771 3305 ‚
1794 3266 1952 3314 qualiter
1977 3268 2065 3302 bona
2081 3280 2123 3303 ex
2142 3267 2204 3306 sc>

1260 3308 1500 3347 indifferentia
1528 3308 1632 3356 justis
1658 3323 1767 3361 atque
1785 3315 1926 3362 injustis
1943 3318 2084 3364 perinde
2102 3319 2204 3354 mhi-

1260 3362 1333 3396 bita
1349 3360 1563 3408 inpraesenti
1578 3363 1650 3398 vita
1668 3387 1681 3406 ‚
1705 3365 1748 3401 de
1762 3366 1951 3403 difiamine
1978 3370 2124 3404 rationis
2151 3383 2207 3405 re-

1258 3410 1326 3447 6}ae
1339 3412 1535 3448 ordinantis
1549 3412 1607 3448 illa
1629 3414 1672 3448 ad
1687 3414 1793 3453 finem
1819 3430 1957 3454 aeternae
1998 3419 2116 3455 felicit·
2132 3421 2177 3455 tis
2193 3447 2205 3463 ,

1257 3459 1365 3508 justis
1394 3462 1457 3498 sint
1473 3461 1577 3499 causa
1595 3465 1755 3502 lucrandi
1786 3470 1911 3505 merita
1938 3469 1980 3505 ad
2010 3470 2207 3506 beatituli-

1260 3525 1342 3549 nem
1354 3512 1640 3560 consequendam
1653 3543 1666 3558 ‚
1692 3516 1834 3563 injustis
1852 3531 1940 3555 vero
1963 3520 2117 3556 evadant
2143 3533 2205 3557 oc-

1260 3562 1417 3601 casiones
1429 3566 1674 3615 promerenda:
1683 3568 1791 3608 citius
1805 3581 1944 3607 aeternae
1953 3571 2202 3609 damnationis.

1562 3816 1577 3852 1
1607 3817 1618 3851 i
1643 3817 1657 3853 Ι
1970 3823 2153 3865 APPEN.

2230 667 2316 700 ndist.
2328 677 2356 703 2.
2366 676 2428 712 q.3.·

2236 1459 2263 1487 3-
2276 1451 2338 1483 dist.
2349 1454 2396 1484 28.
2410 1464 2429 1485 n

2232 1499 2279 1528 ¹4·

2233 2229 2351 2264 Auanst·
2369 2229 2438 2263 dei

2234 2270 2438 2308 civit-cap..z-

2235 2313 2271 2339 &‘
2289 2318 2330 2343 Ιςι

2234 2344 2415 2385 InSupplemo

2233 2387 2267 2413 ad
2283 2395 2309 2420 3.
2320 2392 2437 2424 p.*q.i40

2232 2432 2289 2454 arf·
2301 2433 2332 2462 4·
