2628 4026
60 1218 198 1248 Humana!
219 1221 266 1245 aa·

60 1266 127 1286 turae
160 1252 270 1282 deordi-

60 1297 138 1324 natio
149 1311 159 1327 ‚
173 1292 267 1322 secun·

59 1335 130 1363 dum
166 1338 266 1360 omnes

60 1373 133 1402 vires
150 1374 208 1410 ejus
219 1388 229 1399 .

384 198 405 242 3
425 195 442 240 5
455 186 478 230 8

310 262 375 286 mn
390 250 661 286 comedesflinc
678 248 835 296 August.
850 248 885 285 in
902 249 1166 297 Questionibus
1183 255 1264 289 No-

307 303 344 334 vi
359 328 368 342 ‚
384 303 415 337 8(
436 300 520 336 Vet.
532 299 689 335 Tcstam.
704 299 1003 347 P't‘tmlt771‚inquit
1016 328 1025 343 ‚
1042 301 1266 347 lexsormatae

310 355 345 386 in
366 352 480 387 literts
496 350 578 386 dari
592 363 657 386 κοί]
671 350 798 386 debuit
812 378 821 392 ‚
850 352 936 397 (suia
954 354 995 387 ie?
1007 351 1140 388 &tenura
1154 352 1262 399 iffa..-

311 400 446 446 irserta
460 400 711 449 quodammodo
724 401 778 436 ef?
788 398 863 449 ipsa
880 400 1063 438 Cfli'atoris
1083 406 1262 440 notitiem.

312 453 419 490 Nam
437 456 516 499 quis
527 451 637 498 nescit
649 451 741 498 quod
752 453 842 488 bonae
857 465 874 487 τ
884 453 942 487 itae
952 456 1140 491 conveniat
1157 456 1170 490 ἓ
1198 465 1263 491 aut

309 506 451 549 ignorat
461 506 547 549 quia
563 499 817 549 quodsibzfieri
833 514 898 537 non
912 505 990 540 vult
1005 533 1016 548 ‚
1029 504 1111 542 aliis
1125 519 1189 543 non
1202 507 1263 543 de—

310 555 390 590 heac
399 553 492 598 fieri
508 553 521 587 Ξ
538 552 639 588 vnde
645 554 747 598 prius
762 556 915 600 oportuit
928 564 969 590 ut
983 557 1077 591 homo
1092 567 1262 595 uteretur

311 604 386 650 lege
401 602 562 640 naturali
576 626 588 644 ‚
614 602 657 643 (ἔγ
675 613 752 638 cum
766 602 828 637 illa
848 608 881 637 ei
900 604 1066 649 deficeret
1079 633 1088 648 ,
1105 607 1260 653 ficutfe-

312 655 362 690 cit
381 654 526 693 Μάιος
554 650 597 689 &¹
623 651 865 697 lexstmiliter
887 653 1096 703 discipline,
1119 659 1259 704 quando

305 704 472 755 peccazit
486 729 495 744 ,
509 702 703 738 adderetur
717 704 748 735 ei
764 703 822 738 lex
834 706 961 751 Qare
978 707 1082 743 Glos.
1099 707 1203 755 super
1220 711 1262 745 il-

311 756 374 793 lud
393 755 434 789 ad
447 755 570 790 Galat.
591 765 620 798 3.
641 751 752 800 Quid
763 754 881 797 igitur
895 752 953 791 lex
968 785 976 793 ,
990 760 1108 799 Nota,
1126 759 1261 806 inquit,

311 805 414 854 quod
432 815 502 839 non
515 804 560 837 ait
574 802 659 838 data
675 827 684 836 .
710 801 766 836 sed
782 803 950 840 ordinata
963 834 975 851 ,
1003 807 1101 855 quali
1117 809 1264 846 ordina-

310 857 433 893 biliter
447 854 543 893 dara
556 851 686 888 scilicet
701 854 793 887 inter
811 862 951 900 tempus
968 860 1139 896 naturalis
1157 861 1262 907 legis,

310 907 354 944 de
371 917 443 953 qua
459 901 617 939 conviffl
634 901 713 939 sunt
730 928 742 944 ,
757 904 857 949 quod
871 903 1002 951 juvare
1015 922 1086 946 non
1102 923 1260 958 poterat;

306 959 341 994 8(
357 965 499 1004 tempus
515 953 736 1001 gratiae,ante
753 965 862 1001 quam
879 959 1031 1004 gratiam
1043 963 1261 1001 convincen-

304 1009 340 1044 di
355 1018 453 1042 erant
467 1007 509 1042 de
528 1006 603 1052 lege
617 1030 627 1040 .

406 1057 536 1097 Statim
555 1067 641 1092 vero
657 1057 733 1105 post
748 1071 936 1106 peccatum
953 1063 1030 1100 dari
1043 1078 1115 1102 non
1132 1067 1259 1105 debuit

307 1110 364 1146 lex
379 1121 391 1149 3
420 1109 496 1145 imo
506 1106 625 1142 addita
650 1109 717 1144 fuit
731 1112 791 1147 lex
820 1125 927 1151 vetus
960 1115 1029 1161 legi
1058 1129 1186 1156 nature
1217 1118 1260 1154 ad

305 1158 413 1209 ipsam
429 1158 663 1195 ordinandam
677 1158 871 1201 secundum
884 1165 1040 1202 diversas
1053 1159 1191 1215 etates]
1217 1171 1262 1205 Et

305 1212 440 1257 triplex
453 1209 597 1258 quidem
614 1208 663 1244 est
677 1211 897 1250 inordinatio
911 1227 1040 1265 nature
1052 1247 1061 1260 2
1086 1219 1262 1267 quemad-

307 1262 453 1305 modum
472 1262 505 1297 8(
521 1259 672 1295 totidem
689 1266 770 1299 lunt
783 1263 865 1309 ejus
877 1267 973 1303 vires
988 1280 1114 1315 nempe
1126 1281 1262 1307 concu-

306 1314 479 1368 piscibilis
492 1339 503 1354 ,
528 1308 714 1349 irascibilis
730 1340 740 1355 ‚
767 1316 801 1350 8(
815 1318 995 1354 rationalis
1010 1344 1018 1353 .
1049 1319 1163 1355 Porro
1176 1331 1260 1356 ante

307 1366 490 1407 diluvium
505 1363 656 1399 maxime
670 1365 789 1412 viguit
801 1366 1023 1403 inordinatio
1034 1370 1262 1419 concupisci-

308 1420 390 1458 bilis
409 1413 655 1461 ‚Cerruperat
672 1418 798 1463 quippe
815 1419 922 1453 omnis
935 1427 1016 1454 caro
1036 1423 1134 1456 viam
1150 1420 1260 1472 suam

294 1470 560 1521 superterram
577 1489 586 1498 .
602 1464 747 1504 Gen.6.
768 1466 825 1505 Ad
841 1466 933 1504 hanc
951 1471 1259 1515 coercendam,at-

304 1533 377 1570 que
391 1515 628 1553 ordinandam
646 1517 762 1554 addita
777 1516 848 1553 fuit
864 1519 919 1554 lex
932 1520 1173 1567 quedamssub
1184 1534 1256 1568 qua

302 1568 392 1609 vixit
410 1568 521 1602 homo
535 1575 615 1600 ante
628 1569 806 1606 diluvium
825 1595 836 1610 ,
865 1582 945 1616 quae
957 1581 1105 1606 notatur
1120 1573 1204 1608 Gen
1223 1584 1254 1617 3.

291 1624 363 1673 fich
377 1630 412 1656 te
428 1619 498 1654 erit
513 1622 690 1664 appetitus
702 1628 787 1657 tuus
802 1618 934 1654 {cilicet
946 1618 1011 1655 sub
1024 1623 1258 1658 ratione-,Hac

299 1684 421 1711 autem
436 1671 511 1713 lege
530 1675 737 1719 contempta
750 1697 761 1714 ‚
786 1668 937 1716 sequuta
950 1668 998 1705 est
1024 1670 1254 1708 deor-dinatio

301 1720 489 1762 irascibilis
505 1717 578 1765 post
592 1719 777 1762 diluvium
801 1748 809 1757 .
839 1719 947 1755 Tunc
959 1721 1053 1756 enim
1083 1724 1159 1758 filii
1171 1720 1255 1769 Noe

302 1772 479 1812 aedificare
493 1771 638 1807 connixi
652 1773 781 1808 turrim
792 1770 906 1817 usque
919 1770 962 1805 ad
983 1770 1153 1815 Coelum3
1180 1785 1256 1822 quo

303 1826 415 1871 igitur
433 1823 485 1857 vis
497 1818 682 1860 irascibilis
693 1821 923 1858 ordinaretur
936 1833 1021 1867 erga
1038 1826 1258 1870 proximum,

302 1872 496 1913 interdieta
518 1868 567 1904 est
583 1874 633 1908 eis
651 1871 824 1909 comestio
849 1871 1034 1917 sanguinis
1051 1900 1064 1916 ,
1094 1872 1267 1917 Carnem,

311 1918 679 1973 nquir‚c:cmsanguine
691 1935 757 1960 non
765 1923 950 1960 comedetis
963 1921 1144 1968 Gen.9.eo
1158 1925 1266 1974 potis-

301 1977 442 2019 §fimum
462 1971 653 2019 respiciens
677 1977 757 2016 lex,
784 1985 825 2010 ut
853 1975 1031 2019 ingereret
1054 1975 1260 2011 hominibus

305 2027 495 2062 horrorem
513 2022 698 2070 sanguinis
711 2051 721 2064 ,
736 2025 856 2072 ficque
873 2024 1088 2061 abstinerent
1103 2040 1121 2061 a
1135 2038 1261 2062 mutua

307 2075 481 2113 effusione
495 2072 689 2121 sanguinis,
703 2077 737 2112 8(
751 2076 807 2109 via
822 2075 1261 2124 praecluderetur-patran-

313 2127 368 2163 dis
383 2123 591 2160 homicidiis
607 2151 616 2159 .
634 2127 682 2163 At
699 2136 858 2171 tempore
871 2127 1027 2162 Abrahae
1041 2126 1193 2173 sequuta
1210 2125 1261 2162 est

312 2174 544 2212 deordinatio
577 2176 758 2211 rationalis
776 2201 786 2216 ‚
820 2175 937 2220 passim
969 2175 1178 2212 horninibus
1216 2176 1259 2211 ad

309 2226 510 2263 idolatriam
522 2224 809 2262 defleaemibus.
822 2225 895 2260 Cui
908 2227 1083 2271 impietati
1096 2226 1257 2262 sanandae

304 2277 388 2319 data
403 2275 469 2310 fuit
485 2276 699 2323 Abrahelex
714 2274 993 2311 circumcisionis
1005 2302 1016 2316 ,
1034 2277 1067 2310 in
1086 2277 1258 2320 signum...

305 2326 525 2363 reduetionis
540 2326 645 2372 ipsius
662 2327 787 2373 populi
802 2324 844 2358 ad
857 2325 994 2359 cultum
1007 2328 1081 2359 veri
1096 2325 1166 2364 Dei
1181 2353 1191 2368 ,
1219 2326 1254 2361 &

307 2380 344 2413 in
361 2377 497 2421 {ignum
533 2375 673 2411 foederis
689 2376 781 2410 inter
815 2374 989 2421 populum
1019 2376 1159 2413 fidelem
1180 2405 1190 2419 ,
1218 2378 1253 2413 8(

317 2429 438 2464 Deum
453 2451 465 2467 ‚
493 2426 546 2460 uti
562 2426 714 2461 habetur
726 2425 823 2462 Gen.
841 2435 896 2470 17·
910 2423 1153 2472 vtfitsignum
1163 2432 1262 2463 inter

297 2489 364 2519 ame
376 2503 386 2518 ‚
413 2474 457 2515 &⁴
474 2486 535 2512 vot
549 2503 557 2512 .
572 2475 657 2525 Legi
673 2486 760 2522 ergo
776 2484 905 2521 nature
921 2475 1042 2513 addita
1056 2478 1124 2515 fuit
1137 2480 1261 2527 aliqua

947 185 1129 234 Sum-ma>
1147 178 1337 248 Joannis
1354 182 1482 229 Dans
1500 183 1615 230 Scott

1339 252 1395 287 lex
1409 278 1419 293 ,
1437 254 1470 288 8(
1487 263 1571 287 ante
1589 276 1601 294 ‚
1618 253 1651 287 ἃ
1667 252 1745 301 post
1760 252 1964 292 diluvium
1989 252 2021 288 J&
2037 253 2142 288 ctiam
2158 258 2306 303 cempoe'

1339 315 1375 339 re
1392 302 1600 350 Patriarche
1615 303 1850 351 AbralieScd
1867 302 2024 338 nondum
2045 314 2190 339 venerat
2206 318 2295 342 tem-

1336 365 1406 400 pus
1419 365 1620 400 congruum
1636 353 1742 388 dandi
1760 356 1872 398 legem
1892 363 2048 388 veterem
2072 379 2079 388 .
2097 356 2193 390 Nam
2211 369 2294 392 cum

1338 405 1394 440 lex
1409 405 1446 439 {it
1459 404 1518 450 jus
1532 403 1721 440 bominum
1734 404 1937 439 viventium
1952 403 2017 439 sub
2043 416 2116 438 uno
2147 406 2294 442 eodem-

1335 467 1409 502 que
1421 454 1504 501 jure
1520 482 1531 497 ‚
1549 455 1647 501 prius
1662 455 1825 500 oportuit
1842 455 2018 499 populum
2035 456 2127 490 uniri
2140 455 2204 492 sub
2217 469 2292 492 uno

1301 526 1304 529 ·
1335 507 1451 552 capite
1464 533 1475 548 ‚
1503 508 1536 542 8(
1551 504 1644 539 duce
1661 530 1672 545 ‚
1702 505 1735 540 ἃ
1753 504 1878 541 exinde
1896 504 2006 548 legem
2025 503 2290 549 servandam‚&

1335 556 1501 591 mandata
1519 553 1753 592 custodienda
1769 556 1799 589 ei
1813 556 1982 599 proponi.
1998 556 2030 592 A
2047 566 2208 604 tempore
2223 570 2289 592 au-

1334 617 1406 641 tem
1422 604 1719 643 Circumcifionis
1732 605 1838 652 coepit
1849 604 1914 639 esse
1925 606 2083 651 populus
2101 610 2239 656 unitus,
2253 610 2287 644 8(

1333 658 1378 692 ab
1390 657 1466 693 aliis
1478 656 1648 705 gentibus
1660 653 2011 702 segregatuS.Qare
2023 654 2144 692 scribit
2158 663 2288 706 Hugo,

1333 707 1432 753 quod
1451 720 1494 743 ex
1507 718 1595 743 tunc
1607 708 1716 752 coepit
1731 708 1847 742 unitas
1863 705 1988 753 populi
2003 704 2071 743 Dei
2089 734 2099 749 ‚
2114 709 2145 744 8(
2165 713 2286 746 unitas

1337 757 1622 796 conversationis
1637 756 1775 799 fidelis,
1804 768 1877 803 que
1889 757 2042 802 primum
2060 757 2213 803 figurata
2235 761 2286 797 est

1337 820 1400 854 per
1416 812 1685 847 Sacramentum
1703 806 1996 844 circumcisionis
2012 835 2024 849 ,
2044 808 2164 855 postea
2181 811 2287 857 signi-

1336 857 1470 897 fleatur
1485 874 1547 910 per
1562 860 1835 898 Sacramentum
1866 855 2117 904 Baptismatis;
2148 861 2182 896 8(
2205 862 2287 899 ideo

1336 922 1417 949 ante
1429 924 1499 949 non
1513 912 1640 950 debuit
1652 911 1728 946 dari
1743 910 1798 945 lex
1812 921 1820 943 :
1834 909 1908 944 imo
1922 908 1975 943 lex
1987 909 2286 950 Circumcilionis

1335 960 1404 998 fuit
1422 963 1559 1012 (ignum
1591 963 1707 1008 gratie
1734 960 1856 1008 future
1872 986 1883 1000 ‚
1911 959 1944 994 8<
1977 971 2166 1007 propterea
2191 976 2284 1011 opus

1338 1010 1408 1049 fuit
1427 1040 1437 1056 ‚
1460 1024 1498 1050 ut
1514 1012 1722 1063 precederet
1741 1035 1749 1044 .
1766 1010 1906 1046 Deinde
1923 1010 2021 1055 prius
2037 1013 2200 1058 oportuit
2214 1015 2284 1053 ess'e

1332 1061 1608 1102 fundamentum
1620 1064 1710 1111 legis
1721 1088 1733 1104 ,
1747 1073 1856 1108 quam
1869 1059 1941 1108 ipsa
1959 1060 2103 1098 daretur
2117 1065 2284 1104 lex-Fun·

1332 1114 1540 1153 damentum
1571 1127 1690 1153 autern
1718 1113 1787 1147 hoc
1817 1112 1872 1147 his
1898 1122 2058 1157 quatuor
2085 1119 2283 1166 constabat,

1333 1179 1461 1215 nempe
1475 1167 1545 1203 fide
1556 1168 1665 1203 unius
1680 1163 1745 1201 Dei
1763 1190 1772 1204 ‚
1788 1164 1819 1198 3<
1836 1161 1903 1198 fide
1919 1163 2283 1210 incarnationis‚fidei

1332 1219 1547 1265 probatione
1562 1245 1572 1259 ,
1587 1220 1620 1255 8(
1636 1217 1716 1253 fidei
1733 1212 1901 1249 firmitate
1915 1238 1927 1249 .
1941 1213 2045 1249 Prius
2063 1217 2157 1253 eni-m
2174 1233 2285 1267 quam

1334 1267 1480 1304 daretur
1496 1297 1507 1312 ,
1524 1269 1686 1316 oportuit
1701 1264 1890 1314 precedere
1906 1263 2170 1304 attestationem
2198 1271 2284 1312 fidei

1334 1317 1442 1354 unius
1458 1319 1526 1356 Dei
1542 1333 1557 1361 ς
1582 1331 1655 1367 que
1669 1319 1700 1352 in
1719 1317 1817 1361 {igno
1831 1315 2126 1354 circumcisionis
2146 1325 2280 1366 preces,

1335 1367 1399 1402 fit:
1418 1370 1465 1403 Ea
1481 1369 1529 1404 est
1547 1372 1639 1405 enim
1656 1367 1767 1412 polita
1799 1367 1834 1400 in
1850 1364 1987 1410 lignum
2020 1366 2162 1405 foederis
2191 1364 2283 1414 inter

1334 1419 1453 1455 Deum
1473 1446 1482 1460 ,
1510 1418 1545 1455 8(
1565 1420 1739 1467 populum
1756 1441 1764 1450 .
1778 1413 1976 1450 Attestatio
1990 1428 2109 1455 autem
2136 1418 2284 1463 fideiin-

1331 1470 1553 1506 carnationis
1584 1469 1676 1506 faeta
1703 1466 1752 1502 est
1769 1492 1780 1508 ,
1810 1464 1960 1512 quando
1993 1469 2183 1515 promissus
2214 1475 2284 1512 fuit

1332 1520 1486 1567 Abrahe
1500 1520 1667 1557 Christus
1682 1545 1693 1561 ,
1719 1515 1904 1566 Insemt've
1915 1524 1974 1550 tut)
1990 1543 2001 1558 ,
2026 1521 2207 1567 inquiens,
2225 1526 2285 1562 he-

1329 1571 1543 1608 medicentur
1559 1582 1671 1608 omnes
1677 1577 1803 1616 gentes
1816 1568 1913 1603 Gen.
1930 1565 2067 1605 Verum
2097 1574 2181 1619 quia
2210 1590 2284 1613 non

1330 1620 1458 1659 sufficit
1474 1622 1718 1659 testimonium
1731 1622 1764 1655 in
1779 1629 1841 1653 ore
1853 1618 2034 1659 unius‚sed
2050 1624 2159 1669 magis
2173 1628 2206 1663 ῑῃ
2221 1639 2286 1665 ore

1328 1672 1487 1711 duorum
1503 1675 1674 1710 veltrium
1691 1672 1754 1707 stat
1768 1680 1873 1704 omne
1891 1671 2144 1713 verbum3ideo
2160 1678 2285 1716 eadem

1329 1724 1549 1772 repromillio
1561 1722 1654 1761 faffla
1666 1722 1713 1758 est
1727 1720 1931 1767 fingillatim
1947 1721 2286 1773 lsaaeo,&Jacobo;

1332 1785 1398 1811 nec
1418 1776 1535 1813 statim
1552 1784 1742 1821 propterca
1759 1770 1872 1807 danda
1891 1782 1964 1806 erat
1982 1772 2038 1807 lex
2057 1787 2066 1809 :
2097 1776 2166 1812 imo
2182 1783 2285 1826 prius

1339 1827 1502 1873 oportuit
1518 1825 1585 1870 effe
1600 1823 1705 1860 fidem
1720 1824 1907 1872 probatam
1926 1835 1934 1856 :
1969 1826 2114 1869 probata
2132 1841 2286 1869 autem„

1341 1875 1409 1912 fuit
1426 1879 1460 1915 in
1472 1878 1638 1924 ffgypto
1652 1887 1713 1924 per
1731 1872 1989 1913 adverfitates3
2018 1885 2096 1920 quae
2113 1881 2173 1915 erfi
2206 1882 2287 1917 fue-

1340 1930 1408 1964 rint
1421 1929 1634 1974 multiplices
1648 1951 1660 1967 ,
1688 1927 1720 1961 8(
1737 1921 1936 1970 gravissime
1951 1950 1963 1965 ,
1986 1936 2191 1966 nontamen
2206 1944 2287 1979 prg-

1335 1980 1530 2016 valuerunt
1550 2005 1560 2020 ‚
1585 1987 1649 2011 nec
1661 1975 1812 2011 deiicere
1844 1985 2038 2020 potuerunt
2073 1978 2249 2019 israelitas
2267 1998 2288 2020 a

1335 2028 1430 2074 side,
1445 2032 1477 2066 8(
1495 2030 1597 2065 cultu
1611 2026 1718 2062 unius
1737 2025 1831 2060 Dei.
1849 2024 1998 2061 Necesse
2015 2031 2121 2066 etiam
2141 2031 2206 2069 fuit
2221 2061 2232 2077 ,
2247 2046 2288 2071 ut

1335 2082 1426 2119 fides
1438 2079 1519 2116 effer
1532 2078 1684 2118 firmata,
1698 2089 1740 2111 ne
1756 2076 1911 2122 populus
1924 2087 1983 2121 per
1999 2077 2154 2117 fallacias
2172 2086 2289 2120 abdu-

1334 2142 1476 2169 ceretur
1491 2130 1523 2164 8<
1542 2126 1769 2162 seduceretur
1788 2137 1800 2164 3
1830 2123 1865 2158 8(
1881 2123 2018 2161 firmata
2045 2133 2190 2174 quidem
2217 2136 2289 2173 fuit

1332 2186 1367 2219 in
1385 2181 1507 2219 multis
1522 2177 1626 2224 lignis
1646 2204 1655 2217 .
1684 2177 1718 2212 &
1734 2174 1981 2215 mirabilibus,
2006 2190 2083 2224 qvae
2103 2185 2283 2222 Dominus

1332 2233 1420 2268 fecit
1432 2258 1442 2273 ‚
1467 2228 1592 2274 eisque
1604 2227 1759 2262 ostendit
1771 2223 1846 2272 ipso
1864 2226 1898 2259 in
1914 2228 2012 2262 exitu
2041 2229 2084 2265 dc
2100 2235 2281 2279 AEgvpm,

1331 2283 1366 2318 &
1388 2294 1449 2329 per
1463 2278 1641 2314 desertum
1660 2301 1669 2310 .
1683 2279 1751 2312 l-lis
1765 2285 1885 2309 autem
1904 2279 2071 2314 omnibus
2088 2277 2279 2324 completis

1329 2344 1438 2380 atque
1450 2325 1709 2375 reprvsentatis
1726 2353 1734 2366 ‚
1757 2324 1883 2360 debuit
1899 2327 1971 2362 dari
1987 2328 2055 2374 ipsa
2072 2332 2128 2368 lex
2146 2337 2281 2380 Movsr,

1332 2396 1413 2430 quae
1430 2380 1531 2417 ducit
1545 2379 1579 2412 in
1593 2377 1776 2413 Christum
1791 2400 1801 2410 .
1818 2374 1856 2410 ld
1871 2387 1955 2412 vero
1971 2383 2191 2427 completum
2209 2379 2280 2423 fuit

1332 2436 1368 2469 in
1383 2442 1507 2480 quarta
1527 2428 1651 2464 mundi
1668 2438 1764 2475 etate
1788 2451 1796 2460 .
1824 2428 1950 2473 Atque
1962 2441 2005 2466 ex
2019 2429 2073 2469 his
2101 2447 2196 2484 patet
2211 2436 2280 2474 res„

1329 2481 1456 2534 ponfio
1467 2481 1510 2518 ad
1526 2477 1692 2517 induaas
1705 2476 1930 2524 objeehones
1943 2504 1953 2516 .

2082 3894 2233 3942 QVA?-

2327 1087 2389 1118 Lex
2400 1099 2480 1121 vetus
2489 1096 2535 1124 cui

2326 1128 2510 1159 fundamento

2326 1167 2495 1201 innitebatur
2506 1191 2518 1201 .
