<?xml version="1.0" encoding="UTF-8"?>
<!DOCTYPE html PUBLIC "-//W3C//DTD XHTML 1.0 Transitional//EN"
    "http://www.w3.org/TR/xhtml1/DTD/xhtml1-transitional.dtd">
<html xmlns="http://www.w3.org/1999/xhtml" xml:lang="en" lang="en">
 <head>
  <title>
</title>
<meta http-equiv="Content-Type" content="text/html;charset=utf-8" />
  <meta name='ocr-system' content='tesseract 3.04.00' />
  <meta name='ocr-capabilities' content='ocr_page ocr_carea ocr_par ocr_line ocrx_word'/>
</head>
<body>
  <div class='ocr_page' id='page_1' title='image "./joannisdunsscoti03duns_0248.png"; bbox 0 0 2628 4026; ppageno 0'>
   <div class='ocr_carea' id='block_1_1' title="bbox 169 212 421 244">
    <p class='ocr_par' dir='ltr' id='par_1_1' title="bbox 169 212 421 244">
     <span class='ocr_line' id='line_1_1' title="bbox 169 212 421 244; baseline 0 0"><span class='ocrx_word' id='word_1_1' title='bbox 169 212 213 244; x_wconf 73' lang='lat' dir='ltr'>eh</span> <span class='ocrx_word' id='word_1_2' title='bbox 219 219 296 243; x_wconf 61' lang='lat' dir='ltr'>§ritas</span> <span class='ocrx_word' id='word_1_3' title='bbox 311 223 370 242; x_wconf 78' lang='lat' dir='ltr'>non</span> <span class='ocrx_word' id='word_1_4' title='bbox 413 237 421 244; x_wconf 91' lang='lat'>.</span> 
     </span>
    </p>
   </div>
   <div class='ocr_carea' id='block_1_2' title="bbox 168 252 372 366">
    <p class='ocr_par' dir='ltr' id='par_1_2' title="bbox 168 252 372 366">
     <span class='ocr_line' id='line_1_2' title="bbox 169 252 369 282; baseline -0.015 0"><span class='ocrx_word' id='word_1_5' title='bbox 169 252 282 282; x_wconf 70' lang='lat' dir='ltr'>inclinat</span> <span class='ocrx_word' id='word_1_6' title='bbox 329 252 369 281; x_wconf 80' lang='lat' dir='ltr'>di.</span> 
     </span>
     <span class='ocr_line' id='line_1_3' title="bbox 169 289 372 319; baseline -0.005 0"><span class='ocrx_word' id='word_1_7' title='bbox 169 290 267 319; x_wconf 70' lang='lat' dir='ltr'>stincie</span> <span class='ocrx_word' id='word_1_8' title='bbox 281 289 316 319; x_wconf 80' lang='lat' dir='ltr'>ad</span> <span class='ocrx_word' id='word_1_9' title='bbox 336 299 372 318; x_wconf 81' lang='lat' dir='ltr'>a—</span> 
     </span>
     <span class='ocr_line' id='line_1_4' title="bbox 168 328 369 366; baseline 0.005 -10"><span class='ocrx_word' id='word_1_10' title='bbox 168 329 213 356; x_wconf 76' lang='grc' dir='ltr'>ἃΐι</span> <span class='ocrx_word' id='word_1_11' title='bbox 241 328 369 366; x_wconf 70' lang='grc' dir='ltr'>ρετῑεᾶῡ</span> 
     </span>
    </p>
   </div>
   <div class='ocr_carea' id='block_1_3' title="bbox 168 367 418 396">
    <p class='ocr_par' dir='ltr' id='par_1_3' title="bbox 168 367 418 396">
     <span class='ocr_line' id='line_1_5' title="bbox 168 367 418 396; baseline 0.004 -1"><span class='ocrx_word' id='word_1_12' title='bbox 168 369 294 395; x_wconf 71' lang='lat' dir='ltr'>amando</span> <span class='ocrx_word' id='word_1_13' title='bbox 310 367 372 394; x_wconf 84' lang='lat' dir='ltr'>De·</span> <span class='ocrx_word' id='word_1_14' title='bbox 411 389 418 396; x_wconf 89' lang='lat'><em>.</em></span> 
     </span>
    </p>
   </div>
   <div class='ocr_carea' id='block_1_4' title="bbox 168 405 378 665">
    <p class='ocr_par' dir='ltr' id='par_1_4' title="bbox 168 405 378 665">
     <span class='ocr_line' id='line_1_6' title="bbox 170 405 373 443; baseline -0.01 -9"><span class='ocrx_word' id='word_1_15' title='bbox 170 415 218 434; x_wconf 85' lang='lat' dir='ltr'>um</span> <span class='ocrx_word' id='word_1_16' title='bbox 232 406 258 433; x_wconf 84' lang='lat' dir='ltr'>in</span> <span class='ocrx_word' id='word_1_17' title='bbox 275 405 373 443; x_wconf 73' lang='lat' dir='ltr'>patri33</span> 
     </span>
     <span class='ocr_line' id='line_1_7' title="bbox 170 444 373 480; baseline 0 -9"><span class='ocrx_word' id='word_1_18' title='bbox 170 451 217 471; x_wconf 63' lang='lat' dir='ltr'>&#39;aut</span> <span class='ocrx_word' id='word_1_19' title='bbox 228 444 261 472; x_wconf 88' lang='lat' dir='ltr'>ad</span> <span class='ocrx_word' id='word_1_20' title='bbox 272 446 373 480; x_wconf 85' lang='lat' dir='ltr'>imper.</span> 
     </span>
     <span class='ocr_line' id='line_1_8' title="bbox 169 483 377 511; baseline -0.005 0"><span class='ocrx_word' id='word_1_21' title='bbox 169 483 272 511; x_wconf 61' lang='lat' dir='ltr'>festum</span> <span class='ocrx_word' id='word_1_22' title='bbox 283 484 309 510; x_wconf 88' lang='lat' dir='ltr'>in</span> <span class='ocrx_word' id='word_1_23' title='bbox 319 483 377 510; x_wconf 76' lang='lat' dir='ltr'>via.</span> 
     </span>
     <span class='ocr_line' id='line_1_9' title="bbox 168 521 376 549; baseline -0.005 0"><span class='ocrx_word' id='word_1_24' title='bbox 168 521 231 549; x_wconf 80' lang='lat' dir='ltr'>Hac</span> <span class='ocrx_word' id='word_1_25' title='bbox 265 521 376 549; x_wconf 58' lang='lat' dir='ltr'>etiam-.-</span> 
     </span>
     <span class='ocr_line' id='line_1_10' title="bbox 171 559 375 588; baseline -0.015 -1"><span class='ocrx_word' id='word_1_26' title='bbox 171 559 283 588; x_wconf 71' lang='lat' dir='ltr'>tatione</span> <span class='ocrx_word' id='word_1_27' title='bbox 318 559 375 585; x_wconf 82' lang='lat' dir='ltr'>uti-</span> 
     </span>
     <span class='ocr_line' id='line_1_11' title="bbox 171 596 378 627; baseline -0.01 -2"><span class='ocrx_word' id='word_1_28' title='bbox 171 598 257 626; x_wconf 76' lang='lat' dir='ltr'>zur-S.</span> <span class='ocrx_word' id='word_1_29' title='bbox 269 596 378 627; x_wconf 75' lang='lat' dir='ltr'>Thom.</span> 
     </span>
     <span class='ocr_line' id='line_1_12' title="bbox 169 635 235 665; baseline -0.015 0"><span class='ocrx_word' id='word_1_30' title='bbox 169 635 212 665; x_wconf 72' lang='lat' dir='ltr'>hic</span> <span class='ocrx_word' id='word_1_31' title='bbox 226 654 235 664; x_wconf 85' lang='grc'><strong>.</strong></span> 
     </span>
    </p>
   </div>
   <div class='ocr_carea' id='block_1_5' title="bbox 172 721 377 904">
    <p class='ocr_par' dir='ltr' id='par_1_5' title="bbox 172 721 377 904">
     <span class='ocr_line' id='line_1_13' title="bbox 231 721 377 752; baseline 0.007 -2"><span class='ocrx_word' id='word_1_32' title='bbox 231 721 377 752; x_wconf 71' lang='lat' dir='ltr'>videndus</span> 
     </span>
     <span class='ocr_line' id='line_1_14' title="bbox 173 759 374 799; baseline -0.02 -8"><span class='ocrx_word' id='word_1_33' title='bbox 173 763 250 799; x_wconf 69' lang='lat' dir='ltr'>Mag.</span> <span class='ocrx_word' id='word_1_34' title='bbox 262 759 374 789; x_wconf 78' lang='lat' dir='ltr'>cit.d1st.</span> 
     </span>
     <span class='ocr_line' id='line_1_15' title="bbox 172 799 372 865; baseline 0 -1"><span class='ocrx_word' id='word_1_35' title='bbox 172 799 372 865; x_wconf 53' lang='lat' dir='ltr'>{3322AE</span> 
     </span>
     <span class='ocr_line' id='line_1_16' title="bbox 172 876 334 904; baseline -0.006 -1"><span class='ocrx_word' id='word_1_36' title='bbox 172 876 259 904; x_wconf 69' lang='lat' dir='ltr'>exiam</span> <span class='ocrx_word' id='word_1_37' title='bbox 271 876 315 903; x_wconf 67' lang='lat' dir='ltr'>est</span> <span class='ocrx_word' id='word_1_38' title='bbox 326 892 334 902; x_wconf 89' lang='lat'><strong>.</strong></span> 
     </span>
    </p>
   </div>
   <div class='ocr_carea' id='block_1_6' title="bbox 171 962 380 1154">
    <p class='ocr_par' dir='ltr' id='par_1_6' title="bbox 171 962 380 1154">
     <span class='ocr_line' id='line_1_17' title="bbox 209 962 374 993; baseline 0.006 -1"><span class='ocrx_word' id='word_1_39' title='bbox 209 962 374 993; x_wconf 73' lang='lat' dir='ltr'>videnda-0</span> 
     </span>
     <span class='ocr_line' id='line_1_18' title="bbox 172 1001 376 1038; baseline -0.01 -8"><span class='ocrx_word' id='word_1_40' title='bbox 172 1001 274 1030; x_wconf 82' lang='lat' dir='ltr'>Gloss&#39;a</span> <span class='ocrx_word' id='word_1_41' title='bbox 298 1002 376 1038; x_wconf 78' lang='lat' dir='ltr'>Mag-</span> 
     </span>
     <span class='ocr_line' id='line_1_19' title="bbox 172 1040 376 1078; baseline -0.02 -8"><span class='ocrx_word' id='word_1_42' title='bbox 172 1040 376 1078; x_wconf 76' lang='lat' dir='ltr'>Lyehetiiuper</span> 
     </span>
     <span class='ocr_line' id='line_1_20' title="bbox 171 1075 376 1116; baseline 0 -12"><span class='ocrx_word' id='word_1_43' title='bbox 171 1084 199 1111; x_wconf 79' lang='grc'>9.</span> <span class='ocrx_word' id='word_1_44' title='bbox 211 1076 273 1116; x_wconf 62' lang='lat' dir='ltr'>Viso</span> <span class='ocrx_word' id='word_1_45' title='bbox 296 1075 376 1113; x_wconf 85' lang='lat' dir='ltr'>defi-</span> 
     </span>
     <span class='ocr_line' id='line_1_21' title="bbox 177 1114 380 1154; baseline 0.01 -9"><span class='ocrx_word' id='word_1_46' title='bbox 177 1126 212 1145; x_wconf 65' lang='lat' dir='ltr'>B?</span> <span class='ocrx_word' id='word_1_47' title='bbox 224 1134 234 1150; x_wconf 64' lang='lat'>2</span> <span class='ocrx_word' id='word_1_48' title='bbox 256 1114 346 1154; x_wconf 59' lang='lat' dir='ltr'>&amp;spe</span> <span class='ocrx_word' id='word_1_49' title='bbox 370 1125 380 1147; x_wconf 47' lang='lat' dir='ltr'><em>Q</em></span> 
     </span>
    </p>
   </div>
   <div class='ocr_carea' id='block_1_7' title="bbox 173 2058 383 2285">
    <p class='ocr_par' dir='ltr' id='par_1_7' title="bbox 173 2058 383 2162">
     <span class='ocr_line' id='line_1_22' title="bbox 176 2058 379 2094; baseline -0.015 -8"><span class='ocrx_word' id='word_1_50' title='bbox 176 2058 275 2086; x_wconf 68' lang='lat' dir='ltr'>Viator</span> <span class='ocrx_word' id='word_1_51' title='bbox 308 2058 379 2094; x_wconf 73' lang='lat' dir='ltr'>qula-</span> 
     </span>
     <span class='ocr_line' id='line_1_23' title="bbox 173 2094 383 2132; baseline -0.01 -9"><span class='ocrx_word' id='word_1_52' title='bbox 173 2105 280 2132; x_wconf 77' lang='lat' dir='ltr'>cunque</span> <span class='ocrx_word' id='word_1_53' title='bbox 297 2094 383 2132; x_wconf 73' lang='lat' dir='ltr'>polie-</span> 
     </span>
     <span class='ocr_line' id='line_1_24' title="bbox 176 2134 359 2162; baseline -0.011 0"><span class='ocrx_word' id='word_1_54' title='bbox 176 2142 204 2162; x_wconf 75' lang='lat' dir='ltr'>at</span> <span class='ocrx_word' id='word_1_55' title='bbox 226 2134 359 2161; x_wconf 67' lang='lat' dir='ltr'>charitate</span> 
     </span>
    </p>

    <p class='ocr_par' dir='ltr' id='par_1_8' title="bbox 175 2172 380 2285">
     <span class='ocr_line' id='line_1_25' title="bbox 175 2172 380 2209; baseline -0.005 -9"><span class='ocrx_word' id='word_1_56' title='bbox 175 2172 272 2209; x_wconf 80' lang='lat' dir='ltr'>nequit</span> <span class='ocrx_word' id='word_1_57' title='bbox 294 2172 380 2203; x_wconf 64' lang='lat' dir='ltr'>effe.)</span> 
     </span>
     <span class='ocr_line' id='line_1_26' title="bbox 177 2210 379 2244; baseline 0.005 -6"><span class='ocrx_word' id='word_1_58' title='bbox 177 2210 274 2238; x_wconf 77' lang='lat' dir='ltr'>beatus</span> <span class='ocrx_word' id='word_1_59' title='bbox 298 2228 308 2244; x_wconf 86' lang='lat'>,</span> <span class='ocrx_word' id='word_1_60' title='bbox 351 2211 379 2239; x_wconf 75' lang='grc' dir='ltr'>δι</span> 
     </span>
     <span class='ocr_line' id='line_1_27' title="bbox 177 2257 283 2285; baseline 0 -9"><span class='ocrx_word' id='word_1_61' title='bbox 177 2257 283 2285; x_wconf 44' lang='lat' dir='ltr'>quare*</span> 
     </span>
    </p>
   </div>
   <div class='ocr_carea' id='block_1_8' title="bbox 402 62 1355 2298">
    <p class='ocr_par' dir='ltr' id='par_1_9' title="bbox 402 62 1355 927">
     <span class='ocr_line' id='line_1_28' title="bbox 503 62 1354 132; baseline 0 -20"><span class='ocrx_word' id='word_1_62' title='bbox 503 77 601 123; x_wconf 61' lang='lat'>224</span> <span class='ocrx_word' id='word_1_63' title='bbox 1109 65 1292 113; x_wconf 75' lang='lat' dir='ltr'>Summae</span> <span class='ocrx_word' id='word_1_64' title='bbox 1320 62 1354 132; x_wconf 77' lang='lat' dir='ltr'><em>J</em></span> 
     </span>
     <span class='ocr_line' id='line_1_29' title="bbox 402 128 1323 183; baseline 0.001 -13"><span class='ocrx_word' id='word_1_65' title='bbox 402 132 483 179; x_wconf 72' lang='lat' dir='ltr'>five</span> <span class='ocrx_word' id='word_1_66' title='bbox 493 134 622 179; x_wconf 57' lang='lat' dir='ltr'>1³72ngae</span> <span class='ocrx_word' id='word_1_67' title='bbox 632 131 809 181; x_wconf 74' lang='lat' dir='ltr'>ceffabunt</span> <span class='ocrx_word' id='word_1_68' title='bbox 819 158 830 175; x_wconf 89' lang='lat'><strong>,</strong></span> <span class='ocrx_word' id='word_1_69' title='bbox 847 131 924 178; x_wconf 83' lang='lat' dir='ltr'>five</span> <span class='ocrx_word' id='word_1_70' title='bbox 931 128 1083 183; x_wconf 73' lang='lat' dir='ltr'>scientia</span> <span class='ocrx_word' id='word_1_71' title='bbox 1094 134 1300 183; x_wconf 61' lang='lat' dir='ltr'>destruam</span> <span class='ocrx_word' id='word_1_72' title='bbox 1312 161 1323 171; x_wconf 87' lang='lat'><strong>.</strong></span> 
     </span>
     <span class='ocr_line' id='line_1_30' title="bbox 511 182 1355 231; baseline -0.001 -11"><span class='ocrx_word' id='word_1_73' title='bbox 511 182 729 231; x_wconf 70' lang='lat' dir='ltr'>Responjeo</span> <span class='ocrx_word' id='word_1_74' title='bbox 742 183 956 227; x_wconf 89' lang='lat' dir='ltr'>dicendum,</span> <span class='ocrx_word' id='word_1_75' title='bbox 972 185 1198 222; x_wconf 87' lang='lat' dir='ltr'>Charitatem</span> <span class='ocrx_word' id='word_1_76' title='bbox 1214 196 1355 220; x_wconf 87' lang='lat' dir='ltr'>manere</span> 
     </span>
     <span class='ocr_line' id='line_1_31' title="bbox 412 233 1353 282; baseline 0.001 -12"><span class='ocrx_word' id='word_1_77' title='bbox 412 247 448 270; x_wconf 83' lang='lat' dir='ltr'>tn</span> <span class='ocrx_word' id='word_1_78' title='bbox 476 237 591 282; x_wconf 79' lang='lat' dir='ltr'>patria</span> <span class='ocrx_word' id='word_1_79' title='bbox 611 260 620 274; x_wconf 90' lang='lat'>,</span> <span class='ocrx_word' id='word_1_80' title='bbox 648 233 804 281; x_wconf 83' lang='lat' dir='ltr'>ideoque</span> <span class='ocrx_word' id='word_1_81' title='bbox 841 237 987 271; x_wconf 89' lang='lat' dir='ltr'>minime</span> <span class='ocrx_word' id='word_1_82' title='bbox 1014 236 1259 271; x_wconf 82' lang='lat' dir='ltr'>evacuandam</span> <span class='ocrx_word' id='word_1_83' title='bbox 1274 261 1286 278; x_wconf 90' lang='lat'><strong>,</strong></span> <span class='ocrx_word' id='word_1_84' title='bbox 1313 246 1353 271; x_wconf 89' lang='lat' dir='ltr'>ut</span> 
     </span>
     <span class='ocr_line' id='line_1_32' title="bbox 410 283 1352 334; baseline -0.001 -13"><span class='ocrx_word' id='word_1_85' title='bbox 410 285 541 322; x_wconf 87' lang='lat' dir='ltr'><strong>diserte</strong></span> <span class='ocrx_word' id='word_1_86' title='bbox 556 283 706 320; x_wconf 78' lang='lat' dir='ltr'>testatur</span> <span class='ocrx_word' id='word_1_87' title='bbox 723 285 855 332; x_wconf 82' lang='lat' dir='ltr'>Apost.</span> <span class='ocrx_word' id='word_1_88' title='bbox 871 283 906 322; x_wconf 87' lang='lat' dir='ltr'>in</span> <span class='ocrx_word' id='word_1_89' title='bbox 919 286 1141 334; x_wconf 61' lang='lat' dir='ltr'>ptaealiezata</span> <span class='ocrx_word' id='word_1_90' title='bbox 1157 286 1352 323; x_wconf 64' lang='lat' dir='ltr'>auetorita-</span> 
     </span>
     <span class='ocr_line' id='line_1_33' title="bbox 410 336 1351 383; baseline 0 -12"><span class='ocrx_word' id='word_1_91' title='bbox 410 348 446 372; x_wconf 76' lang='lat' dir='ltr'>te</span> <span class='ocrx_word' id='word_1_92' title='bbox 461 361 470 370; x_wconf 93' lang='lat'><em>.</em></span> <span class='ocrx_word' id='word_1_93' title='bbox 495 336 704 371; x_wconf 83' lang='lat' dir='ltr'>Declaratio</span> <span class='ocrx_word' id='word_1_94' title='bbox 730 349 740 372; x_wconf 69' lang='grc' dir='ltr'><strong>ε</strong></span> <span class='ocrx_word' id='word_1_95' title='bbox 775 337 932 374; x_wconf 81' lang='lat' dir='ltr'>Nomine</span> <span class='ocrx_word' id='word_1_96' title='bbox 945 339 1138 374; x_wconf 75' lang='lat' dir='ltr'>charitatis</span> <span class='ocrx_word' id='word_1_97' title='bbox 1155 336 1351 383; x_wconf 72' lang='lat' dir='ltr'>significare</span> 
     </span>
     <span class='ocr_line' id='line_1_34' title="bbox 411 386 1349 429; baseline 0 -8"><span class='ocrx_word' id='word_1_98' title='bbox 411 386 629 422; x_wconf 81' lang='lat' dir='ltr'>intendimus</span> <span class='ocrx_word' id='word_1_99' title='bbox 655 387 849 421; x_wconf 72' lang='lat' dir='ltr'>amicitiam</span> <span class='ocrx_word' id='word_1_100' title='bbox 876 388 969 429; x_wconf 81' lang='lat' dir='ltr'>Dei,</span> <span class='ocrx_word' id='word_1_101' title='bbox 992 399 1029 423; x_wconf 88' lang='lat' dir='ltr'>ut</span> <span class='ocrx_word' id='word_1_102' title='bbox 1051 389 1084 424; x_wconf 90' lang='lat' dir='ltr'>in</span> <span class='ocrx_word' id='word_1_103' title='bbox 1102 387 1135 423; x_wconf 91' lang='lat' dir='ltr'>se</span> <span class='ocrx_word' id='word_1_104' title='bbox 1152 389 1268 425; x_wconf 83' lang='lat' dir='ltr'>bonus</span> <span class='ocrx_word' id='word_1_105' title='bbox 1285 387 1349 422; x_wconf 88' lang='lat' dir='ltr'>est.</span> 
     </span>
     <span class='ocr_line' id='line_1_35' title="bbox 415 436 1351 486; baseline 0 -14"><span class='ocrx_word' id='word_1_106' title='bbox 415 439 447 472; x_wconf 77' lang='lat' dir='ltr'>is</span> <span class='ocrx_word' id='word_1_107' title='bbox 458 436 604 471; x_wconf 59' lang='lat' dir='ltr'>habitus</span> <span class='ocrx_word' id='word_1_108' title='bbox 618 447 688 470; x_wconf 90' lang='lat' dir='ltr'>non</span> <span class='ocrx_word' id='word_1_109' title='bbox 704 437 851 472; x_wconf 83' lang='lat' dir='ltr'>inclinat</span> <span class='ocrx_word' id='word_1_110' title='bbox 865 436 1027 473; x_wconf 61' lang='lat' dir='ltr'>distinete</span> <span class='ocrx_word' id='word_1_111' title='bbox 1043 437 1086 472; x_wconf 86' lang='lat' dir='ltr'>ad</span> <span class='ocrx_word' id='word_1_112' title='bbox 1103 438 1220 474; x_wconf 64' lang='lat' dir='ltr'>aetum</span> <span class='ocrx_word' id='word_1_113' title='bbox 1236 438 1351 486; x_wconf 84' lang='lat' dir='ltr'>perfe-</span> 
     </span>
     <span class='ocr_line' id='line_1_36' title="bbox 412 485 1350 533; baseline 0.001 -12"><span class='ocrx_word' id='word_1_114' title='bbox 412 485 506 521; x_wconf 66' lang='lat' dir='ltr'>&amp;um</span> <span class='ocrx_word' id='word_1_115' title='bbox 532 486 676 521; x_wconf 88' lang='lat' dir='ltr'>amandi</span> <span class='ocrx_word' id='word_1_116' title='bbox 693 488 809 521; x_wconf 85' lang='lat' dir='ltr'>Deum</span> <span class='ocrx_word' id='word_1_117' title='bbox 832 487 885 521; x_wconf 88' lang='lat' dir='ltr'>uti</span> <span class='ocrx_word' id='word_1_118' title='bbox 912 487 1074 533; x_wconf 81' lang='lat' dir='ltr'>diligitur</span> <span class='ocrx_word' id='word_1_119' title='bbox 1087 501 1170 524; x_wconf 89' lang='lat' dir='ltr'>cum</span> <span class='ocrx_word' id='word_1_120' title='bbox 1196 489 1244 524; x_wconf 84' lang='lat' dir='ltr'>est</span> <span class='ocrx_word' id='word_1_121' title='bbox 1263 490 1297 523; x_wconf 92' lang='lat' dir='ltr'>in</span> <span class='ocrx_word' id='word_1_122' title='bbox 1316 486 1350 523; x_wconf 90' lang='lat' dir='ltr'>se</span> 
     </span>
     <span class='ocr_line' id='line_1_37' title="bbox 411 535 1350 585; baseline 0.001 -13"><span class='ocrx_word' id='word_1_123' title='bbox 411 535 584 585; x_wconf 80' lang='lat' dir='ltr'>ptaesens:</span> <span class='ocrx_word' id='word_1_124' title='bbox 603 548 667 572; x_wconf 90' lang='lat' dir='ltr'>nec</span> <span class='ocrx_word' id='word_1_125' title='bbox 683 535 801 573; x_wconf 77' lang='lat' dir='ltr'>rursus</span> <span class='ocrx_word' id='word_1_126' title='bbox 816 536 859 572; x_wconf 86' lang='lat' dir='ltr'>ad</span> <span class='ocrx_word' id='word_1_127' title='bbox 876 536 994 573; x_wconf 63' lang='lat' dir='ltr'>astum</span> <span class='ocrx_word' id='word_1_128' title='bbox 1010 538 1350 585; x_wconf 58' lang='lat' dir='ltr'>imperfeRumquo</span> 
     </span>
     <span class='ocr_line' id='line_1_38' title="bbox 411 586 1349 634; baseline 0.002 -12"><span class='ocrx_word' id='word_1_129' title='bbox 411 598 552 622; x_wconf 82' lang='lat' dir='ltr'>amatur</span> <span class='ocrx_word' id='word_1_130' title='bbox 574 587 718 633; x_wconf 80' lang='lat' dir='ltr'>quando</span> <span class='ocrx_word' id='word_1_131' title='bbox 742 586 792 621; x_wconf 84' lang='lat' dir='ltr'>est</span> <span class='ocrx_word' id='word_1_132' title='bbox 820 589 1028 634; x_wconf 68' lang='lat' dir='ltr'>imperfefte</span> <span class='ocrx_word' id='word_1_133' title='bbox 1055 589 1208 634; x_wconf 86' lang='lat' dir='ltr'>praesens</span> <span class='ocrx_word' id='word_1_134' title='bbox 1225 617 1235 632; x_wconf 90' lang='lat'>‚</span> <span class='ocrx_word' id='word_1_135' title='bbox 1261 590 1349 624; x_wconf 87' lang='lat' dir='ltr'>{icut</span> 
     </span>
     <span class='ocr_line' id='line_1_39' title="bbox 409 636 1350 687; baseline 0.002 -14"><span class='ocrx_word' id='word_1_136' title='bbox 409 639 445 673; x_wconf 91' lang='lat' dir='ltr'>in</span> <span class='ocrx_word' id='word_1_137' title='bbox 461 638 647 682; x_wconf 68' lang='lat' dir='ltr'>aenigmate</span> <span class='ocrx_word' id='word_1_138' title='bbox 662 664 673 679; x_wconf 92' lang='lat'>,</span> <span class='ocrx_word' id='word_1_139' title='bbox 696 636 753 671; x_wconf 88' lang='lat' dir='ltr'>sed</span> <span class='ocrx_word' id='word_1_140' title='bbox 773 637 923 672; x_wconf 83' lang='lat' dir='ltr'>inclinat</span> <span class='ocrx_word' id='word_1_141' title='bbox 937 639 982 674; x_wconf 84' lang='lat' dir='ltr'>ad</span> <span class='ocrx_word' id='word_1_142' title='bbox 995 640 1092 675; x_wconf 86' lang='lat' dir='ltr'>hunc</span> <span class='ocrx_word' id='word_1_143' title='bbox 1102 640 1350 687; x_wconf 67' lang='lat' dir='ltr'>a&amp;um,atque</span> 
     </span>
     <span class='ocr_line' id='line_1_40' title="bbox 411 684 1349 737; baseline 0.003 -15"><span class='ocrx_word' id='word_1_144' title='bbox 411 688 565 723; x_wconf 74' lang='lat' dir='ltr'>adinum</span> <span class='ocrx_word' id='word_1_145' title='bbox 579 714 589 728; x_wconf 92' lang='lat'><em>,</em></span> <span class='ocrx_word' id='word_1_146' title='bbox 603 684 804 721; x_wconf 59' lang='lat' dir='ltr'>indistinete</span> <span class='ocrx_word' id='word_1_147' title='bbox 819 697 960 724; x_wconf 86' lang='lat' dir='ltr'>tamen.</span> <span class='ocrx_word' id='word_1_148' title='bbox 977 689 1072 724; x_wconf 90' lang='lat' dir='ltr'>Cum</span> <span class='ocrx_word' id='word_1_149' title='bbox 1086 701 1174 735; x_wconf 84' lang='lat' dir='ltr'>ergo</span> <span class='ocrx_word' id='word_1_150' title='bbox 1188 692 1222 725; x_wconf 91' lang='lat' dir='ltr'>in</span> <span class='ocrx_word' id='word_1_151' title='bbox 1235 691 1349 737; x_wconf 83' lang='lat' dir='ltr'>patria</span> 
     </span>
     <span class='ocr_line' id='line_1_41' title="bbox 410 737 1346 785; baseline 0.002 -12"><span class='ocrx_word' id='word_1_152' title='bbox 410 738 570 773; x_wconf 72' lang='lat' dir='ltr'>mansura</span> <span class='ocrx_word' id='word_1_153' title='bbox 600 738 638 774; x_wconf 84' lang='lat' dir='ltr'>fit</span> <span class='ocrx_word' id='word_1_154' title='bbox 654 738 840 772; x_wconf 67' lang='lat' dir='ltr'>inclinatio</span> <span class='ocrx_word' id='word_1_155' title='bbox 853 737 896 770; x_wconf 88' lang='lat' dir='ltr'>ad</span> <span class='ocrx_word' id='word_1_156' title='bbox 924 738 1144 785; x_wconf 77' lang='lat' dir='ltr'>diligendum</span> <span class='ocrx_word' id='word_1_157' title='bbox 1177 740 1297 775; x_wconf 89' lang='lat' dir='ltr'>Deum</span> <span class='ocrx_word' id='word_1_158' title='bbox 1313 742 1346 775; x_wconf 88' lang='lat' dir='ltr'>in</span> 
     </span>
     <span class='ocr_line' id='line_1_42' title="bbox 411 787 1346 834; baseline 0.002 -11"><span class='ocrx_word' id='word_1_159' title='bbox 411 788 443 824; x_wconf 89' lang='lat' dir='ltr'>se</span> <span class='ocrx_word' id='word_1_160' title='bbox 459 817 469 830; x_wconf 87' lang='lat'><em>,</em></span> <span class='ocrx_word' id='word_1_161' title='bbox 491 787 820 834; x_wconf 79' lang='lat' dir='ltr'>perstabitquoque</span> <span class='ocrx_word' id='word_1_162' title='bbox 833 788 1021 823; x_wconf 72' lang='lat' dir='ltr'>inclinatio</span> <span class='ocrx_word' id='word_1_163' title='bbox 1038 790 1080 824; x_wconf 90' lang='lat' dir='ltr'>ad</span> <span class='ocrx_word' id='word_1_164' title='bbox 1098 789 1218 825; x_wconf 57' lang='lat' dir='ltr'>aetum</span> <span class='ocrx_word' id='word_1_165' title='bbox 1232 792 1346 831; x_wconf 83' lang='lat' dir='ltr'>iilum,</span> 
     </span>
     <span class='ocr_line' id='line_1_43' title="bbox 407 837 1349 886; baseline 0.003 -14"><span class='ocrx_word' id='word_1_166' title='bbox 407 841 470 883; x_wconf 80' lang='lat' dir='ltr'>qui</span> <span class='ocrx_word' id='word_1_167' title='bbox 490 840 633 885; x_wconf 82' lang='lat' dir='ltr'>ponitur</span> <span class='ocrx_word' id='word_1_168' title='bbox 649 837 716 872; x_wconf 76' lang='lat' dir='ltr'>effe</span> <span class='ocrx_word' id='word_1_169' title='bbox 731 837 939 880; x_wconf 65' lang='lat' dir='ltr'>eharitatis,</span> <span class='ocrx_word' id='word_1_170' title='bbox 967 849 1006 873; x_wconf 90' lang='lat' dir='ltr'>ut</span> <span class='ocrx_word' id='word_1_171' title='bbox 1020 839 1121 874; x_wconf 62' lang='lat' dir='ltr'>aestus</span> <span class='ocrx_word' id='word_1_172' title='bbox 1135 838 1216 886; x_wconf 84' lang='lat' dir='ltr'>ejus</span> <span class='ocrx_word' id='word_1_173' title='bbox 1231 865 1240 874; x_wconf 91' lang='lat'><strong>.</strong></span> <span class='ocrx_word' id='word_1_174' title='bbox 1255 841 1349 885; x_wconf 86' lang='lat' dir='ltr'>Ergo</span> 
     </span>
     <span class='ocr_line' id='line_1_44' title="bbox 407 888 1159 927; baseline 0.003 -3"><span class='ocrx_word' id='word_1_175' title='bbox 407 892 440 927; x_wconf 68' lang='lat'>8&lt;</span> <span class='ocrx_word' id='word_1_176' title='bbox 455 889 600 924; x_wconf 81' lang='lat' dir='ltr'>babitus</span> <span class='ocrx_word' id='word_1_177' title='bbox 613 888 795 922; x_wconf 77' lang='lat' dir='ltr'>charitatis</span> <span class='ocrx_word' id='word_1_178' title='bbox 808 898 878 922; x_wconf 86' lang='lat' dir='ltr'>non</span> <span class='ocrx_word' id='word_1_179' title='bbox 896 890 1137 925; x_wconf 82' lang='lat' dir='ltr'>evacuabitur</span> <span class='ocrx_word' id='word_1_180' title='bbox 1149 916 1159 926; x_wconf 90' lang='lat'><strong><em>.</em></strong></span> 
     </span>
    </p>

    <p class='ocr_par' dir='ltr' id='par_1_10' title="bbox 402 937 1351 1641">
     <span class='ocr_line' id='line_1_45' title="bbox 511 937 1349 988; baseline 0.007 -16"><span class='ocrx_word' id='word_1_181' title='bbox 511 937 629 974; x_wconf 71' lang='lat' dir='ltr'>Potest</span> <span class='ocrx_word' id='word_1_182' title='bbox 642 939 746 972; x_wconf 84' lang='lat' dir='ltr'>etiam</span> <span class='ocrx_word' id='word_1_183' title='bbox 760 939 875 984; x_wconf 79' lang='lat' dir='ltr'>accipi</span> <span class='ocrx_word' id='word_1_184' title='bbox 889 940 980 974; x_wconf 88' lang='lat' dir='ltr'>ratio</span> <span class='ocrx_word' id='word_1_185' title='bbox 997 952 1041 975; x_wconf 81' lang='lat' dir='ltr'>ex</span> <span class='ocrx_word' id='word_1_186' title='bbox 1057 939 1161 976; x_wconf 70' lang='lat' dir='ltr'>diffls</span> <span class='ocrx_word' id='word_1_187' title='bbox 1176 950 1249 977; x_wconf 80' lang='lat' dir='ltr'>art.</span> <span class='ocrx_word' id='word_1_188' title='bbox 1263 950 1349 988; x_wconf 74' lang='lat' dir='ltr'>prce-</span> 
     </span>
     <span class='ocr_line' id='line_1_46' title="bbox 410 988 1347 1039; baseline 0.002 -14"><span class='ocrx_word' id='word_1_189' title='bbox 410 989 572 1031; x_wconf 76' lang='lat' dir='ltr'>cedenti,</span> <span class='ocrx_word' id='word_1_190' title='bbox 602 1000 681 1024; x_wconf 87' lang='lat' dir='ltr'>nam</span> <span class='ocrx_word' id='word_1_191' title='bbox 695 989 717 1024; x_wconf 85' lang='lat' dir='ltr'>fi</span> <span class='ocrx_word' id='word_1_192' title='bbox 731 988 877 1024; x_wconf 87' lang='lat' dir='ltr'>habitus</span> <span class='ocrx_word' id='word_1_193' title='bbox 894 991 1116 1039; x_wconf 86' lang='lat' dir='ltr'>appetitivus</span> <span class='ocrx_word' id='word_1_194' title='bbox 1145 993 1230 1027; x_wconf 91' lang='lat' dir='ltr'>boni</span> <span class='ocrx_word' id='word_1_195' title='bbox 1250 1004 1347 1027; x_wconf 91' lang='lat' dir='ltr'>com-</span> 
     </span>
     <span class='ocr_line' id='line_1_47' title="bbox 413 1038 1348 1090; baseline 0.002 -14"><span class='ocrx_word' id='word_1_196' title='bbox 413 1040 510 1077; x_wconf 89' lang='lat' dir='ltr'>modi</span> <span class='ocrx_word' id='word_1_197' title='bbox 523 1041 555 1075; x_wconf 87' lang='lat' dir='ltr'>in</span> <span class='ocrx_word' id='word_1_198' title='bbox 572 1039 605 1074; x_wconf 88' lang='lat' dir='ltr'>se</span> <span class='ocrx_word' id='word_1_199' title='bbox 621 1066 632 1081; x_wconf 91' lang='lat'>,</span> <span class='ocrx_word' id='word_1_200' title='bbox 656 1038 768 1086; x_wconf 90' lang='lat' dir='ltr'>potest</span> <span class='ocrx_word' id='word_1_201' title='bbox 779 1039 813 1073; x_wconf 81' lang='lat' dir='ltr'>in</span> <span class='ocrx_word' id='word_1_202' title='bbox 826 1042 940 1084; x_wconf 84' lang='lat' dir='ltr'>patria</span> <span class='ocrx_word' id='word_1_203' title='bbox 955 1052 1159 1085; x_wconf 87' lang='lat' dir='ltr'>permanere</span> <span class='ocrx_word' id='word_1_204' title='bbox 1171 1068 1182 1084; x_wconf 94' lang='lat'>,</span> <span class='ocrx_word' id='word_1_205' title='bbox 1203 1053 1348 1090; x_wconf 87' lang='lat' dir='ltr'>propte-</span> 
     </span>
     <span class='ocr_line' id='line_1_48' title="bbox 412 1089 1345 1137; baseline 0 -10"><span class='ocrx_word' id='word_1_206' title='bbox 412 1103 468 1127; x_wconf 85' lang='lat' dir='ltr'>rea</span> <span class='ocrx_word' id='word_1_207' title='bbox 485 1090 583 1137; x_wconf 90' lang='lat' dir='ltr'>quod</span> <span class='ocrx_word' id='word_1_208' title='bbox 600 1091 658 1125; x_wconf 81' lang='lat' dir='ltr'>ilie</span> <span class='ocrx_word' id='word_1_209' title='bbox 674 1089 822 1124; x_wconf 84' lang='lat' dir='ltr'>habitus</span> <span class='ocrx_word' id='word_1_210' title='bbox 836 1091 983 1127; x_wconf 86' lang='lat' dir='ltr'>inclinat</span> <span class='ocrx_word' id='word_1_211' title='bbox 998 1094 1031 1127; x_wconf 83' lang='lat' dir='ltr'>in</span> <span class='ocrx_word' id='word_1_212' title='bbox 1056 1094 1193 1129; x_wconf 86' lang='lat' dir='ltr'>bonum</span> <span class='ocrx_word' id='word_1_213' title='bbox 1210 1104 1345 1127; x_wconf 82' lang='lat' dir='ltr'>conve·</span> 
     </span>
     <span class='ocr_line' id='line_1_49' title="bbox 409 1139 1348 1190; baseline 0 -12"><span class='ocrx_word' id='word_1_214' title='bbox 409 1142 511 1178; x_wconf 83' lang='lat' dir='ltr'>niens</span> <span class='ocrx_word' id='word_1_215' title='bbox 522 1139 684 1176; x_wconf 83' lang='lat' dir='ltr'>absolute</span> <span class='ocrx_word' id='word_1_216' title='bbox 700 1166 711 1181; x_wconf 86' lang='lat'><strong><em>,</em></strong></span> <span class='ocrx_word' id='word_1_217' title='bbox 736 1151 807 1175; x_wconf 88' lang='lat' dir='ltr'>non</span> <span class='ocrx_word' id='word_1_218' title='bbox 833 1152 969 1178; x_wconf 83' lang='lat' dir='ltr'>attenta</span> <span class='ocrx_word' id='word_1_219' title='bbox 992 1144 1130 1178; x_wconf 86' lang='lat' dir='ltr'>ratione</span> <span class='ocrx_word' id='word_1_220' title='bbox 1154 1142 1348 1190; x_wconf 82' lang='lat' dir='ltr'>praesentiae</span> 
     </span>
     <span class='ocr_line' id='line_1_50' title="bbox 404 1189 1351 1241; baseline 0.001 -14"><span class='ocrx_word' id='word_1_221' title='bbox 404 1190 642 1227; x_wconf 80' lang='lat' dir='ltr'>veiabsentiae</span> <span class='ocrx_word' id='word_1_222' title='bbox 668 1189 772 1236; x_wconf 88' lang='lat' dir='ltr'>ejus;</span> <span class='ocrx_word' id='word_1_223' title='bbox 796 1193 1044 1229; x_wconf 79' lang='lat' dir='ltr'>rationabilius</span> <span class='ocrx_word' id='word_1_224' title='bbox 1067 1191 1116 1228; x_wconf 86' lang='lat' dir='ltr'>est</span> <span class='ocrx_word' id='word_1_225' title='bbox 1144 1205 1351 1241; x_wconf 83' lang='lat' dir='ltr'>permanere</span> 
     </span>
     <span class='ocr_line' id='line_1_51' title="bbox 405 1242 1346 1283; baseline 0.002 -6"><span class='ocrx_word' id='word_1_226' title='bbox 405 1243 567 1278; x_wconf 81' lang='lat' dir='ltr'>habitum</span> <span class='ocrx_word' id='word_1_227' title='bbox 583 1242 786 1277; x_wconf 80' lang='lat' dir='ltr'>tendentem</span> <span class='ocrx_word' id='word_1_228' title='bbox 800 1243 835 1277; x_wconf 87' lang='lat' dir='ltr'>in</span> <span class='ocrx_word' id='word_1_229' title='bbox 852 1243 970 1279; x_wconf 82' lang='lat' dir='ltr'>Deum</span> <span class='ocrx_word' id='word_1_230' title='bbox 985 1271 994 1283; x_wconf 82' lang='lat'><strong>‚</strong></span> <span class='ocrx_word' id='word_1_231' title='bbox 1009 1255 1048 1278; x_wconf 85' lang='lat' dir='ltr'>ut</span> <span class='ocrx_word' id='word_1_232' title='bbox 1061 1244 1096 1278; x_wconf 90' lang='lat' dir='ltr'>in</span> <span class='ocrx_word' id='word_1_233' title='bbox 1110 1243 1142 1279; x_wconf 84' lang='lat' dir='ltr'>se</span> <span class='ocrx_word' id='word_1_234' title='bbox 1156 1246 1288 1279; x_wconf 83' lang='lat' dir='ltr'>bunum</span> <span class='ocrx_word' id='word_1_235' title='bbox 1301 1256 1346 1279; x_wconf 72' lang='lat' dir='ltr'>ex</span> 
     </span>
     <span class='ocr_line' id='line_1_52' title="bbox 402 1291 1344 1343; baseline 0.001 -15"><span class='ocrx_word' id='word_1_236' title='bbox 402 1292 584 1343; x_wconf 67' lang='lat' dir='ltr'>praesentia</span> <span class='ocrx_word' id='word_1_237' title='bbox 600 1291 754 1339; x_wconf 67' lang='lat' dir='ltr'>perfefta</span> <span class='ocrx_word' id='word_1_238' title='bbox 768 1319 776 1332; x_wconf 92' lang='lat'>‚</span> <span class='ocrx_word' id='word_1_239' title='bbox 792 1295 846 1329; x_wconf 83' lang='lat' dir='ltr'>vei</span> <span class='ocrx_word' id='word_1_240' title='bbox 861 1294 1068 1339; x_wconf 67' lang='lat' dir='ltr'>imperfeeta</span> <span class='ocrx_word' id='word_1_241' title='bbox 1087 1295 1149 1329; x_wconf 85' lang='lat' dir='ltr'>Dei</span> <span class='ocrx_word' id='word_1_242' title='bbox 1165 1321 1175 1336; x_wconf 86' lang='lat'>,</span> <span class='ocrx_word' id='word_1_243' title='bbox 1188 1294 1274 1329; x_wconf 84' lang='lat' dir='ltr'>ficut</span> <span class='ocrx_word' id='word_1_244' title='bbox 1287 1295 1344 1329; x_wconf 79' lang='lat' dir='ltr'>iile</span> 
     </span>
     <span class='ocr_line' id='line_1_53' title="bbox 403 1342 1343 1391; baseline 0.002 -12"><span class='ocrx_word' id='word_1_245' title='bbox 403 1346 466 1391; x_wconf 85' lang='lat' dir='ltr'>qui</span> <span class='ocrx_word' id='word_1_246' title='bbox 483 1342 598 1379; x_wconf 88' lang='lat' dir='ltr'>tendit</span> <span class='ocrx_word' id='word_1_247' title='bbox 628 1345 662 1377; x_wconf 89' lang='lat' dir='ltr'>in</span> <span class='ocrx_word' id='word_1_248' title='bbox 681 1344 796 1377; x_wconf 89' lang='lat' dir='ltr'>Deum</span> <span class='ocrx_word' id='word_1_249' title='bbox 813 1355 851 1378; x_wconf 90' lang='lat' dir='ltr'>ut</span> <span class='ocrx_word' id='word_1_250' title='bbox 868 1343 917 1379; x_wconf 89' lang='lat' dir='ltr'>est</span> <span class='ocrx_word' id='word_1_251' title='bbox 937 1346 1071 1380; x_wconf 88' lang='lat' dir='ltr'>bonum</span> <span class='ocrx_word' id='word_1_252' title='bbox 1097 1345 1343 1381; x_wconf 89' lang='lat' dir='ltr'>commodum.</span> 
     </span>
     <span class='ocr_line' id='line_1_54' title="bbox 405 1393 1343 1441; baseline -0.001 -12"><span class='ocrx_word' id='word_1_253' title='bbox 405 1395 522 1431; x_wconf 85' lang='lat' dir='ltr'>Prima</span> <span class='ocrx_word' id='word_1_254' title='bbox 539 1393 633 1428; x_wconf 89' lang='lat' dir='ltr'>enim</span> <span class='ocrx_word' id='word_1_255' title='bbox 646 1393 888 1435; x_wconf 63' lang='lat' dir='ltr'>variatiomm]</span> <span class='ocrx_word' id='word_1_256' title='bbox 899 1393 948 1429; x_wconf 86' lang='lat' dir='ltr'>est</span> <span class='ocrx_word' id='word_1_257' title='bbox 963 1393 1158 1431; x_wconf 87' lang='lat' dir='ltr'>secundum</span> <span class='ocrx_word' id='word_1_258' title='bbox 1177 1393 1343 1441; x_wconf 88' lang='lat' dir='ltr'>speciem,</span> 
     </span>
     <span class='ocr_line' id='line_1_55' title="bbox 405 1442 1342 1491; baseline 0.002 -11"><span class='ocrx_word' id='word_1_259' title='bbox 405 1445 460 1480; x_wconf 83' lang='lat' dir='ltr'>uti</span> <span class='ocrx_word' id='word_1_260' title='bbox 471 1443 519 1479; x_wconf 86' lang='lat' dir='ltr'>est</span> <span class='ocrx_word' id='word_1_261' title='bbox 535 1442 697 1478; x_wconf 84' lang='lat' dir='ltr'>secunda:</span> <span class='ocrx_word' id='word_1_262' title='bbox 715 1445 768 1478; x_wconf 83' lang='lat' dir='ltr'>vel</span> <span class='ocrx_word' id='word_1_263' title='bbox 783 1444 804 1479; x_wconf 89' lang='lat' dir='ltr'>s1</span> <span class='ocrx_word' id='word_1_264' title='bbox 818 1442 983 1480; x_wconf 79' lang='lat' dir='ltr'>differant</span> <span class='ocrx_word' id='word_1_265' title='bbox 996 1445 1126 1491; x_wconf 85' lang='lat' dir='ltr'>specie,</span> <span class='ocrx_word' id='word_1_266' title='bbox 1141 1457 1209 1480; x_wconf 91' lang='lat' dir='ltr'>non</span> <span class='ocrx_word' id='word_1_267' title='bbox 1222 1457 1342 1482; x_wconf 67' lang='lat' dir='ltr'>tamen</span> 
     </span>
     <span class='ocr_line' id='line_1_56' title="bbox 405 1491 1342 1539; baseline 0.001 -10"><span class='ocrx_word' id='word_1_268' title='bbox 405 1494 455 1531; x_wconf 89' lang='lat' dir='ltr'>est</span> <span class='ocrx_word' id='word_1_269' title='bbox 470 1491 874 1529; x_wconf 78' lang='lat' dir='ltr'>differentiasecundum</span> <span class='ocrx_word' id='word_1_270' title='bbox 894 1494 1043 1539; x_wconf 87' lang='lat' dir='ltr'>speciem</span> <span class='ocrx_word' id='word_1_271' title='bbox 1062 1496 1342 1537; x_wconf 62' lang='lat' dir='ltr'>remoramffizcut</span> 
     </span>
     <span class='ocr_line' id='line_1_57' title="bbox 403 1542 1347 1592; baseline 0 -11"><span class='ocrx_word' id='word_1_272' title='bbox 403 1545 457 1581; x_wconf 83' lang='lat' dir='ltr'>illi</span> <span class='ocrx_word' id='word_1_273' title='bbox 473 1543 546 1578; x_wconf 88' lang='lat' dir='ltr'>duo</span> <span class='ocrx_word' id='word_1_274' title='bbox 556 1542 657 1578; x_wconf 65' lang='lat' dir='ltr'>aelus</span> <span class='ocrx_word' id='word_1_275' title='bbox 672 1569 684 1586; x_wconf 91' lang='lat'><em>‚</em></span> <span class='ocrx_word' id='word_1_276' title='bbox 701 1544 765 1589; x_wconf 83' lang='lat' dir='ltr'>qui</span> <span class='ocrx_word' id='word_1_277' title='bbox 782 1543 861 1579; x_wconf 87' lang='lat' dir='ltr'>sunt</span> <span class='ocrx_word' id='word_1_278' title='bbox 877 1544 1040 1592; x_wconf 58' lang='lat' dir='ltr'>respeciu</span> <span class='ocrx_word' id='word_1_279' title='bbox 1053 1546 1136 1580; x_wconf 88' lang='lat' dir='ltr'>boni</span> <span class='ocrx_word' id='word_1_280' title='bbox 1151 1547 1347 1588; x_wconf 75' lang='lat' dir='ltr'>commodi,</span> 
     </span>
     <span class='ocr_line' id='line_1_58' title="bbox 406 1592 943 1641; baseline 0.004 -13"><span class='ocrx_word' id='word_1_281' title='bbox 406 1605 446 1632; x_wconf 84' lang='lat' dir='ltr'>ut</span> <span class='ocrx_word' id='word_1_282' title='bbox 462 1592 641 1641; x_wconf 82' lang='lat' dir='ltr'>praesentis</span> <span class='ocrx_word' id='word_1_283' title='bbox 657 1619 667 1632; x_wconf 92' lang='lat'>,</span> <span class='ocrx_word' id='word_1_284' title='bbox 695 1595 751 1629; x_wconf 83' lang='lat' dir='ltr'>vei</span> <span class='ocrx_word' id='word_1_285' title='bbox 767 1593 919 1628; x_wconf 75' lang='lat' dir='ltr'>absentis</span> <span class='ocrx_word' id='word_1_286' title='bbox 932 1620 943 1631; x_wconf 87' lang='lat'><strong>.</strong></span> 
     </span>
    </p>

    <p class='ocr_par' dir='ltr' id='par_1_11' title="bbox 403 1643 1353 2094">
     <span class='ocr_line' id='line_1_59' title="bbox 506 1643 1343 1694; baseline 0.004 -16"><span class='ocrx_word' id='word_1_287' title='bbox 506 1643 566 1678; x_wconf 87' lang='lat' dir='ltr'>Ad</span> <span class='ocrx_word' id='word_1_288' title='bbox 582 1653 794 1687; x_wconf 79' lang='lat' dir='ltr'>argumenta</span> <span class='ocrx_word' id='word_1_289' title='bbox 808 1668 817 1678; x_wconf 81' lang='lat'><strong>.</strong></span> <span class='ocrx_word' id='word_1_290' title='bbox 833 1644 892 1681; x_wconf 94' lang='lat' dir='ltr'>Ad</span> <span class='ocrx_word' id='word_1_291' title='bbox 910 1645 1066 1691; x_wconf 71' lang='lat' dir='ltr'>primum</span> <span class='ocrx_word' id='word_1_292' title='bbox 1080 1645 1276 1694; x_wconf 82' lang='lat' dir='ltr'>respondeo</span> <span class='ocrx_word' id='word_1_293' title='bbox 1288 1645 1343 1681; x_wconf 78' lang='lat' dir='ltr'>sic.</span> 
     </span>
     <span class='ocr_line' id='line_1_60' title="bbox 406 1692 1344 1743; baseline 0.002 -15"><span class='ocrx_word' id='word_1_294' title='bbox 406 1693 497 1730; x_wconf 75' lang='lat' dir='ltr'>Alioe</span> <span class='ocrx_word' id='word_1_295' title='bbox 511 1692 662 1728; x_wconf 51' lang='lat' dir='ltr'>virtutes</span> <span class='ocrx_word' id='word_1_296' title='bbox 677 1693 756 1730; x_wconf 88' lang='lat' dir='ltr'>sunt</span> <span class='ocrx_word' id='word_1_297' title='bbox 771 1706 817 1730; x_wconf 86' lang='lat' dir='ltr'>ex</span> <span class='ocrx_word' id='word_1_298' title='bbox 834 1703 933 1741; x_wconf 86' lang='lat' dir='ltr'>parte</span> <span class='ocrx_word' id='word_1_299' title='bbox 952 1720 964 1736; x_wconf 88' lang='lat'>,</span> <span class='ocrx_word' id='word_1_300' title='bbox 987 1697 1073 1743; x_wconf 87' lang='lat' dir='ltr'>quia</span> <span class='ocrx_word' id='word_1_301' title='bbox 1105 1696 1292 1732; x_wconf 86' lang='lat' dir='ltr'>includunt</span> <span class='ocrx_word' id='word_1_302' title='bbox 1309 1698 1344 1731; x_wconf 91' lang='lat' dir='ltr'>in</span> 
     </span>
     <span class='ocr_line' id='line_1_61' title="bbox 404 1742 1345 1792; baseline 0.001 -12"><span class='ocrx_word' id='word_1_303' title='bbox 404 1742 547 1780; x_wconf 61' lang='lat' dir='ltr'>affitibus</span> <span class='ocrx_word' id='word_1_304' title='bbox 561 1743 629 1779; x_wconf 85' lang='lat' dir='ltr'>suis</span> <span class='ocrx_word' id='word_1_305' title='bbox 641 1745 778 1790; x_wconf 75' lang='lat' dir='ltr'>aliquid</span> <span class='ocrx_word' id='word_1_306' title='bbox 790 1770 800 1786; x_wconf 91' lang='lat'><strong><em>,</em></strong></span> <span class='ocrx_word' id='word_1_307' title='bbox 814 1745 914 1792; x_wconf 89' lang='lat' dir='ltr'>quod</span> <span class='ocrx_word' id='word_1_308' title='bbox 932 1745 1125 1782; x_wconf 73' lang='lat' dir='ltr'>necessario</span> <span class='ocrx_word' id='word_1_309' title='bbox 1137 1747 1345 1783; x_wconf 84' lang='lat' dir='ltr'>determinat</span> 
     </span>
     <span class='ocr_line' id='line_1_62' title="bbox 404 1794 1346 1841; baseline 0.001 -10"><span class='ocrx_word' id='word_1_310' title='bbox 404 1794 471 1831; x_wconf 78' lang='lat' dir='ltr'>fibi</span> <span class='ocrx_word' id='word_1_311' title='bbox 497 1794 808 1841; x_wconf 71' lang='lat' dir='ltr'>imperteffionem</span> <span class='ocrx_word' id='word_1_312' title='bbox 826 1821 836 1837; x_wconf 91' lang='lat'>‚</span> <span class='ocrx_word' id='word_1_313' title='bbox 860 1807 941 1841; x_wconf 87' lang='lat' dir='ltr'>quae</span> <span class='ocrx_word' id='word_1_314' title='bbox 970 1807 1057 1831; x_wconf 88' lang='lat' dir='ltr'>tunc</span> <span class='ocrx_word' id='word_1_315' title='bbox 1083 1799 1346 1837; x_wconf 76' lang='lat' dir='ltr'>evacuabitur3</span> 
     </span>
     <span class='ocr_line' id='line_1_63' title="bbox 403 1844 1347 1882; baseline 0.003 -3"><span class='ocrx_word' id='word_1_316' title='bbox 403 1844 576 1880; x_wconf 81' lang='lat' dir='ltr'>Charitas</span> <span class='ocrx_word' id='word_1_317' title='bbox 588 1856 706 1880; x_wconf 85' lang='lat' dir='ltr'>autem</span> <span class='ocrx_word' id='word_1_318' title='bbox 719 1857 790 1881; x_wconf 88' lang='lat' dir='ltr'>non</span> <span class='ocrx_word' id='word_1_319' title='bbox 803 1845 994 1881; x_wconf 73' lang='lat' dir='ltr'>necessario</span> <span class='ocrx_word' id='word_1_320' title='bbox 1004 1847 1212 1882; x_wconf 80' lang='lat' dir='ltr'>determinat</span> <span class='ocrx_word' id='word_1_321' title='bbox 1225 1846 1347 1882; x_wconf 51' lang='lat' dir='ltr'>actum</span> 
     </span>
     <span class='ocr_line' id='line_1_64' title="bbox 404 1894 1352 1944; baseline 0.001 -15"><span class='ocrx_word' id='word_1_322' title='bbox 404 1894 508 1930; x_wconf 88' lang='lat' dir='ltr'>suum</span> <span class='ocrx_word' id='word_1_323' title='bbox 524 1894 566 1929; x_wconf 86' lang='lat' dir='ltr'>ad</span> <span class='ocrx_word' id='word_1_324' title='bbox 582 1895 717 1941; x_wconf 75' lang='lat' dir='ltr'>aliquid</span> <span class='ocrx_word' id='word_1_325' title='bbox 731 1922 742 1937; x_wconf 90' lang='lat'><em>‚</em></span> <span class='ocrx_word' id='word_1_326' title='bbox 755 1896 796 1931; x_wconf 85' lang='lat' dir='ltr'>ad</span> <span class='ocrx_word' id='word_1_327' title='bbox 810 1896 908 1942; x_wconf 91' lang='lat' dir='ltr'>quod</span> <span class='ocrx_word' id='word_1_328' title='bbox 928 1895 1097 1943; x_wconf 84' lang='lat' dir='ltr'>sequatur</span> <span class='ocrx_word' id='word_1_329' title='bbox 1111 1898 1352 1944; x_wconf 56' lang='lat' dir='ltr'>imperfectio,</span> 
     </span>
     <span class='ocr_line' id='line_1_65' title="bbox 403 1943 1353 1992; baseline 0.002 -12"><span class='ocrx_word' id='word_1_330' title='bbox 403 1943 462 1980; x_wconf 83' lang='lat' dir='ltr'>sed</span> <span class='ocrx_word' id='word_1_331' title='bbox 478 1944 578 1980; x_wconf 65' lang='lat' dir='ltr'>aetus</span> <span class='ocrx_word' id='word_1_332' title='bbox 593 1947 804 1991; x_wconf 83' lang='lat' dir='ltr'>inquantum</span> <span class='ocrx_word' id='word_1_333' title='bbox 820 1945 868 1982; x_wconf 88' lang='lat' dir='ltr'>est</span> <span class='ocrx_word' id='word_1_334' title='bbox 883 1944 1029 1992; x_wconf 86' lang='lat' dir='ltr'>ejus,est</span> <span class='ocrx_word' id='word_1_335' title='bbox 1040 1945 1353 1989; x_wconf 78' lang='lat' dir='ltr'>indifferens,adeo</span> 
     </span>
     <span class='ocr_line' id='line_1_66' title="bbox 405 1995 1347 2046; baseline 0.001 -16"><span class='ocrx_word' id='word_1_336' title='bbox 405 2007 446 2031; x_wconf 86' lang='lat' dir='ltr'>ut</span> <span class='ocrx_word' id='word_1_337' title='bbox 472 1995 609 2031; x_wconf 87' lang='lat' dir='ltr'>accidat</span> <span class='ocrx_word' id='word_1_338' title='bbox 625 1996 688 2033; x_wconf 81' lang='lat' dir='ltr'>sibi</span> <span class='ocrx_word' id='word_1_339' title='bbox 714 1997 794 2033; x_wconf 86' lang='lat' dir='ltr'>talis</span> <span class='ocrx_word' id='word_1_340' title='bbox 819 1996 1066 2046; x_wconf 62' lang='lat' dir='ltr'>imperfthiO,</span> <span class='ocrx_word' id='word_1_341' title='bbox 1094 1998 1150 2032; x_wconf 85' lang='lat' dir='ltr'>vei</span> <span class='ocrx_word' id='word_1_342' title='bbox 1174 1997 1347 2046; x_wconf 60' lang='lat' dir='ltr'>perfectio</span> 
     </span>
     <span class='ocr_line' id='line_1_67' title="bbox 406 2045 546 2094; baseline 0 -13"><span class='ocrx_word' id='word_1_343' title='bbox 406 2045 519 2094; x_wconf 81' lang='lat' dir='ltr'>posita</span> <span class='ocrx_word' id='word_1_344' title='bbox 538 2071 546 2080; x_wconf 95' lang='lat'><strong><em>.</em></strong></span> 
     </span>
    </p>

    <p class='ocr_par' dir='ltr' id='par_1_12' title="bbox 409 2095 1349 2298">
     <span class='ocr_line' id='line_1_68' title="bbox 512 2095 1349 2144; baseline 0.001 -13"><span class='ocrx_word' id='word_1_345' title='bbox 512 2095 713 2133; x_wconf 81' lang='lat' dir='ltr'>instantiam</span> <span class='ocrx_word' id='word_1_346' title='bbox 728 2096 908 2144; x_wconf 58' lang='lat' dir='ltr'>objeciam</span> <span class='ocrx_word' id='word_1_347' title='bbox 923 2098 1087 2136; x_wconf 84' lang='lat' dir='ltr'>excludit</span> <span class='ocrx_word' id='word_1_348' title='bbox 1107 2099 1189 2141; x_wconf 86' lang='lat' dir='ltr'>data</span> <span class='ocrx_word' id='word_1_349' title='bbox 1205 2097 1349 2144; x_wconf 89' lang='lat' dir='ltr'>respon-</span> 
     </span>
     <span class='ocr_line' id='line_1_69' title="bbox 412 2145 1346 2196; baseline 0.002 -15"><span class='ocrx_word' id='word_1_350' title='bbox 412 2145 460 2181; x_wconf 79' lang='lat' dir='ltr'>fio</span> <span class='ocrx_word' id='word_1_351' title='bbox 472 2173 484 2189; x_wconf 92' lang='lat'><strong><em>,</em></strong></span> <span class='ocrx_word' id='word_1_352' title='bbox 507 2159 614 2194; x_wconf 86' lang='lat' dir='ltr'>quam</span> <span class='ocrx_word' id='word_1_353' title='bbox 628 2150 870 2195; x_wconf 85' lang='lat' dir='ltr'>approbamus</span> <span class='ocrx_word' id='word_1_354' title='bbox 884 2176 896 2192; x_wconf 88' lang='lat'><em>,</em></span> <span class='ocrx_word' id='word_1_355' title='bbox 912 2161 992 2184; x_wconf 81' lang='lat' dir='ltr'>nam</span> <span class='ocrx_word' id='word_1_356' title='bbox 1010 2150 1089 2185; x_wconf 80' lang='lat' dir='ltr'>iicet</span> <span class='ocrx_word' id='word_1_357' title='bbox 1102 2152 1182 2196; x_wconf 89' lang='lat' dir='ltr'>quis</span> <span class='ocrx_word' id='word_1_358' title='bbox 1199 2148 1346 2183; x_wconf 84' lang='lat' dir='ltr'>haberet</span> 
     </span>
     <span class='ocr_line' id='line_1_70' title="bbox 411 2196 1346 2248; baseline 0 -16"><span class='ocrx_word' id='word_1_359' title='bbox 411 2196 469 2232; x_wconf 85' lang='lat' dir='ltr'>hic</span> <span class='ocrx_word' id='word_1_360' title='bbox 483 2199 653 2243; x_wconf 79' lang='lat' dir='ltr'>aequaiem</span> <span class='ocrx_word' id='word_1_361' title='bbox 669 2199 877 2235; x_wconf 78' lang='lat' dir='ltr'>charitatem</span> <span class='ocrx_word' id='word_1_362' title='bbox 893 2200 979 2235; x_wconf 81' lang='lat' dir='ltr'>iicut</span> <span class='ocrx_word' id='word_1_363' title='bbox 994 2201 1026 2235; x_wconf 87' lang='lat' dir='ltr'>in</span> <span class='ocrx_word' id='word_1_364' title='bbox 1040 2202 1167 2248; x_wconf 85' lang='lat' dir='ltr'>patria,</span> <span class='ocrx_word' id='word_1_365' title='bbox 1179 2210 1248 2234; x_wconf 91' lang='lat' dir='ltr'>non</span> <span class='ocrx_word' id='word_1_366' title='bbox 1263 2210 1346 2246; x_wconf 90' lang='lat' dir='ltr'>pro-</span> 
     </span>
     <span class='ocr_line' id='line_1_71' title="bbox 409 2248 1346 2298; baseline 0.002 -15"><span class='ocrx_word' id='word_1_367' title='bbox 409 2258 527 2298; x_wconf 80' lang='lat' dir='ltr'>pterea</span> <span class='ocrx_word' id='word_1_368' title='bbox 540 2248 578 2285; x_wconf 84' lang='lat' dir='ltr'>in</span> <span class='ocrx_word' id='word_1_369' title='bbox 604 2249 660 2285; x_wconf 87' lang='lat' dir='ltr'>via</span> <span class='ocrx_word' id='word_1_370' title='bbox 677 2249 769 2287; x_wconf 83' lang='lat' dir='ltr'>foret</span> <span class='ocrx_word' id='word_1_371' title='bbox 796 2251 921 2288; x_wconf 81' lang='lat' dir='ltr'>beatus</span> <span class='ocrx_word' id='word_1_372' title='bbox 933 2276 947 2294; x_wconf 86' lang='lat'><em>‚</em></span> <span class='ocrx_word' id='word_1_373' title='bbox 971 2252 1057 2296; x_wconf 82' lang='lat' dir='ltr'>quia</span> <span class='ocrx_word' id='word_1_374' title='bbox 1086 2263 1170 2288; x_wconf 91' lang='lat' dir='ltr'>cum</span> <span class='ocrx_word' id='word_1_375' title='bbox 1197 2257 1346 2288; x_wconf 65' lang='lat' dir='ltr'>revera-³</span> 
     </span>
    </p>
   </div>
   <div class='ocr_carea' id='block_1_9' title="bbox 984 2679 1742 3021">
    <p class='ocr_par' dir='ltr' id='par_1_13' title="bbox 984 2679 1742 3021">
     <span class='ocr_line' id='line_1_72' title="bbox 984 2679 1742 3021; baseline 0 1005"><span class='ocrx_word' id='word_1_376' title='bbox 984 2679 1742 3021; x_wconf 95' lang='lat' dir='ltr'> </span> 
     </span>
    </p>
   </div>
   <div class='ocr_carea' id='block_1_10' title="bbox 1357 65 1805 119">
    <p class='ocr_par' dir='ltr' id='par_1_14' title="bbox 1357 65 1805 119">
     <span class='ocr_line' id='line_1_73' title="bbox 1357 65 1805 119; baseline 0.002 -6"><span class='ocrx_word' id='word_1_377' title='bbox 1357 65 1510 119; x_wconf 75' lang='lat' dir='ltr'>oannis</span> <span class='ocrx_word' id='word_1_378' title='bbox 1528 67 1656 113; x_wconf 71' lang='lat' dir='ltr'>Dans</span> <span class='ocrx_word' id='word_1_379' title='bbox 1689 65 1805 114; x_wconf 73' lang='lat' dir='ltr'>Scbti</span> 
     </span>
    </p>
   </div>
   <div class='ocr_carea' id='block_1_11' title="bbox 1415 134 2591 2292">
    <p class='ocr_par' dir='ltr' id='par_1_15' title="bbox 1417 134 2424 1345">
     <span class='ocr_line' id='line_1_74' title="bbox 1429 134 2370 182; baseline 0.006 -13"><span class='ocrx_word' id='word_1_380' title='bbox 1429 136 1463 170; x_wconf 89' lang='lat' dir='ltr'>in</span> <span class='ocrx_word' id='word_1_381' title='bbox 1476 134 1556 169; x_wconf 65' lang='lat' dir='ltr'>aaa</span> <span class='ocrx_word' id='word_1_382' title='bbox 1582 137 1770 171; x_wconf 82' lang='lat' dir='ltr'>beatitudo</span> <span class='ocrx_word' id='word_1_383' title='bbox 1793 135 1962 173; x_wconf 80' lang='lat' dir='ltr'>confistat</span> <span class='ocrx_word' id='word_1_384' title='bbox 1979 161 1990 178; x_wconf 89' lang='lat'><em>,</em></span> <span class='ocrx_word' id='word_1_385' title='bbox 2016 137 2179 182; x_wconf 85' lang='lat' dir='ltr'>nequiret</span> <span class='ocrx_word' id='word_1_386' title='bbox 2209 140 2370 178; x_wconf 72' lang='lat' dir='ltr'>babere..</span> 
     </span>
     <span class='ocr_line' id='line_1_75' title="bbox 1428 185 2369 236; baseline 0.006 -17"><span class='ocrx_word' id='word_1_387' title='bbox 1428 185 1546 220; x_wconf 64' lang='lat' dir='ltr'>actum</span> <span class='ocrx_word' id='word_1_388' title='bbox 1562 188 1732 233; x_wconf 70' lang='lat' dir='ltr'>:equalem</span> <span class='ocrx_word' id='word_1_389' title='bbox 1751 187 1800 222; x_wconf 86' lang='lat' dir='ltr'>ilii</span> <span class='ocrx_word' id='word_1_390' title='bbox 1820 214 1833 229; x_wconf 85' lang='lat'>,</span> <span class='ocrx_word' id='word_1_391' title='bbox 1857 200 1966 234; x_wconf 80' lang='lat' dir='ltr'>quem</span> <span class='ocrx_word' id='word_1_392' title='bbox 1983 185 2174 222; x_wconf 83' lang='lat' dir='ltr'>habiturus</span> <span class='ocrx_word' id='word_1_393' title='bbox 2193 190 2240 224; x_wconf 73' lang='lat' dir='ltr'>est</span> <span class='ocrx_word' id='word_1_394' title='bbox 2255 192 2287 225; x_wconf 84' lang='lat' dir='ltr'>in</span> <span class='ocrx_word' id='word_1_395' title='bbox 2304 203 2369 236; x_wconf 83' lang='lat' dir='ltr'>pa-</span> 
     </span>
     <span class='ocr_line' id='line_1_76' title="bbox 1426 236 2366 286; baseline 0.006 -16"><span class='ocrx_word' id='word_1_396' title='bbox 1426 236 1492 270; x_wconf 87' lang='lat' dir='ltr'>tria</span> <span class='ocrx_word' id='word_1_397' title='bbox 1505 259 1514 267; x_wconf 80' lang='lat'>-</span> <span class='ocrx_word' id='word_1_398' title='bbox 1532 239 1611 272; x_wconf 89' lang='lat' dir='ltr'>Nec</span> <span class='ocrx_word' id='word_1_399' title='bbox 1628 236 1803 285; x_wconf 86' lang='lat' dir='ltr'>sequitur,</span> <span class='ocrx_word' id='word_1_400' title='bbox 1820 237 1966 274; x_wconf 84' lang='lat' dir='ltr'>babitus</span> <span class='ocrx_word' id='word_1_401' title='bbox 1979 238 2176 283; x_wconf 85' lang='lat' dir='ltr'>utrobique</span> <span class='ocrx_word' id='word_1_402' title='bbox 2201 239 2251 274; x_wconf 89' lang='lat' dir='ltr'>est</span> <span class='ocrx_word' id='word_1_403' title='bbox 2264 251 2366 286; x_wconf 83' lang='lat' dir='ltr'>aeque</span> 
     </span>
     <span class='ocr_line' id='line_1_77' title="bbox 1428 285 2366 336; baseline 0.006 -15"><span class='ocrx_word' id='word_1_404' title='bbox 1428 285 1632 333; x_wconf 69' lang='lat' dir='ltr'>perfeftus3</span> <span class='ocrx_word' id='word_1_405' title='bbox 1659 290 1768 333; x_wconf 82' lang='lat' dir='ltr'>igitur</span> <span class='ocrx_word' id='word_1_406' title='bbox 1780 286 1816 326; x_wconf 79' lang='grc'>8(</span> <span class='ocrx_word' id='word_1_407' title='bbox 1829 288 1930 326; x_wconf 65' lang='lat' dir='ltr'>aetus</span> <span class='ocrx_word' id='word_1_408' title='bbox 1947 315 1955 324; x_wconf 88' lang='lat'>.</span> <span class='ocrx_word' id='word_1_409' title='bbox 1985 289 2026 323; x_wconf 84' lang='lat' dir='ltr'>Et</span> <span class='ocrx_word' id='word_1_410' title='bbox 2043 288 2134 323; x_wconf 87' lang='lat' dir='ltr'>ratio</span> <span class='ocrx_word' id='word_1_411' title='bbox 2148 287 2196 323; x_wconf 86' lang='lat' dir='ltr'>est</span> <span class='ocrx_word' id='word_1_412' title='bbox 2213 314 2226 330; x_wconf 90' lang='lat'><em>,</em></span> <span class='ocrx_word' id='word_1_413' title='bbox 2253 294 2366 336; x_wconf 69' lang='lat' dir='ltr'>quia-2</span> 
     </span>
     <span class='ocr_line' id='line_1_78' title="bbox 1426 335 2364 388; baseline 0.004 -16"><span class='ocrx_word' id='word_1_414' title='bbox 1426 335 1528 373; x_wconf 60' lang='lat' dir='ltr'>aetus</span> <span class='ocrx_word' id='word_1_415' title='bbox 1544 338 1716 384; x_wconf 83' lang='lat' dir='ltr'>diligendi</span> <span class='ocrx_word' id='word_1_416' title='bbox 1735 341 1852 376; x_wconf 88' lang='lat' dir='ltr'>Deum</span> <span class='ocrx_word' id='word_1_417' title='bbox 1866 365 1878 382; x_wconf 84' lang='lat'>,</span> <span class='ocrx_word' id='word_1_418' title='bbox 1900 339 2030 388; x_wconf 84' lang='lat' dir='ltr'>pendet</span> <span class='ocrx_word' id='word_1_419' title='bbox 2044 351 2062 373; x_wconf 88' lang='lat' dir='ltr'>a</span> <span class='ocrx_word' id='word_1_420' title='bbox 2080 337 2183 373; x_wconf 85' lang='lat' dir='ltr'>causa</span> <span class='ocrx_word' id='word_1_421' title='bbox 2206 343 2364 386; x_wconf 74' lang='lat' dir='ltr'>partiali,</span> 
     </span>
     <span class='ocr_line' id='line_1_79' title="bbox 1425 388 2363 431; baseline 0.002 -7"><span class='ocrx_word' id='word_1_422' title='bbox 1425 399 1495 424; x_wconf 82' lang='lat' dir='ltr'>nort</span> <span class='ocrx_word' id='word_1_423' title='bbox 1511 388 1623 426; x_wconf 87' lang='lat' dir='ltr'>solum</span> <span class='ocrx_word' id='word_1_424' title='bbox 1639 403 1657 425; x_wconf 84' lang='lat' dir='ltr'>a</span> <span class='ocrx_word' id='word_1_425' title='bbox 1680 390 1891 431; x_wconf 78' lang='lat' dir='ltr'>voluntate,</span> <span class='ocrx_word' id='word_1_426' title='bbox 1918 392 1951 426; x_wconf 76' lang='lat'>3&lt;</span> <span class='ocrx_word' id='word_1_427' title='bbox 1980 389 2154 424; x_wconf 77' lang='lat' dir='ltr'>charitate</span> <span class='ocrx_word' id='word_1_428' title='bbox 2181 400 2363 429; x_wconf 77' lang='lat' dir='ltr'>ornante...</span> 
     </span>
     <span class='ocr_line' id='line_1_80' title="bbox 1423 437 2363 486; baseline 0.005 -14"><span class='ocrx_word' id='word_1_429' title='bbox 1423 437 1530 486; x_wconf 78' lang='lat' dir='ltr'>ipsam</span> <span class='ocrx_word' id='word_1_430' title='bbox 1547 466 1559 482; x_wconf 87' lang='lat'>‚</span> <span class='ocrx_word' id='word_1_431' title='bbox 1571 439 1627 476; x_wconf 91' lang='lat' dir='ltr'>sed</span> <span class='ocrx_word' id='word_1_432' title='bbox 1641 442 1748 476; x_wconf 84' lang='lat' dir='ltr'>etiam</span> <span class='ocrx_word' id='word_1_433' title='bbox 1762 443 1808 477; x_wconf 82' lang='lat' dir='ltr'>ab</span> <span class='ocrx_word' id='word_1_434' title='bbox 1822 438 1971 486; x_wconf 66' lang='lat' dir='ltr'>objeao</span> <span class='ocrx_word' id='word_1_435' title='bbox 1984 438 2152 486; x_wconf 74' lang='lat' dir='ltr'>praesente</span> <span class='ocrx_word' id='word_1_436' title='bbox 2164 451 2227 485; x_wconf 89' lang='lat' dir='ltr'>per</span> <span class='ocrx_word' id='word_1_437' title='bbox 2240 441 2363 477; x_wconf 62' lang='lat' dir='ltr'>naua-</span> 
     </span>
     <span class='ocr_line' id='line_1_81' title="bbox 1423 489 2363 538; baseline 0.003 -14"><span class='ocrx_word' id='word_1_438' title='bbox 1423 490 1488 525; x_wconf 87' lang='lat' dir='ltr'>lem</span> <span class='ocrx_word' id='word_1_439' title='bbox 1502 490 1793 535; x_wconf 70' lang='lat' dir='ltr'>intelteffionem,</span> <span class='ocrx_word' id='word_1_440' title='bbox 1811 491 1922 538; x_wconf 85' lang='lat' dir='ltr'>idque</span> <span class='ocrx_word' id='word_1_441' title='bbox 1936 490 2129 527; x_wconf 87' lang='lat' dir='ltr'>secundum</span> <span class='ocrx_word' id='word_1_442' title='bbox 2147 489 2363 527; x_wconf 81' lang='lat' dir='ltr'>determina·</span> 
     </span>
     <span class='ocr_line' id='line_1_82' title="bbox 1421 539 2362 588; baseline 0 -14"><span class='ocrx_word' id='word_1_443' title='bbox 1421 550 1492 575; x_wconf 80' lang='lat' dir='ltr'>tam</span> <span class='ocrx_word' id='word_1_444' title='bbox 1505 539 1813 587; x_wconf 70' lang='lat' dir='ltr'>perfefflonem,fi</span> <span class='ocrx_word' id='word_1_445' title='bbox 1829 543 1953 588; x_wconf 86' lang='lat' dir='ltr'>magis,</span> <span class='ocrx_word' id='word_1_446' title='bbox 1972 542 2099 586; x_wconf 82' lang='lat' dir='ltr'>magis,</span> <span class='ocrx_word' id='word_1_447' title='bbox 2115 540 2137 574; x_wconf 77' lang='lat' dir='ltr'><strong>fi</strong></span> <span class='ocrx_word' id='word_1_448' title='bbox 2153 540 2285 582; x_wconf 86' lang='lat' dir='ltr'>minus,</span> <span class='ocrx_word' id='word_1_449' title='bbox 2298 543 2362 577; x_wconf 81' lang='lat' dir='ltr'>mi..</span> 
     </span>
     <span class='ocr_line' id='line_1_83' title="bbox 1421 589 2363 637; baseline 0.003 -12"><span class='ocrx_word' id='word_1_450' title='bbox 1421 590 1486 625; x_wconf 86' lang='lat' dir='ltr'>nis.</span> <span class='ocrx_word' id='word_1_451' title='bbox 1498 590 1534 625; x_wconf 83' lang='grc' dir='ltr'>1η</span> <span class='ocrx_word' id='word_1_452' title='bbox 1545 592 1602 625; x_wconf 85' lang='lat' dir='ltr'>via</span> <span class='ocrx_word' id='word_1_453' title='bbox 1615 590 1658 626; x_wconf 90' lang='lat' dir='ltr'>de</span> <span class='ocrx_word' id='word_1_454' title='bbox 1669 592 1852 628; x_wconf 90' lang='lat' dir='ltr'>communi</span> <span class='ocrx_word' id='word_1_455' title='bbox 1865 593 1943 637; x_wconf 85' lang='lat' dir='ltr'>lege</span> <span class='ocrx_word' id='word_1_456' title='bbox 1954 591 2022 627; x_wconf 82' lang='lat' dir='ltr'>effe</span> <span class='ocrx_word' id='word_1_457' title='bbox 2035 592 2158 637; x_wconf 88' lang='lat' dir='ltr'>nequit</span> <span class='ocrx_word' id='word_1_458' title='bbox 2169 589 2363 637; x_wconf 65' lang='lat' dir='ltr'>objeetum</span> 
     </span>
     <span class='ocr_line' id='line_1_84' title="bbox 1420 639 2362 689; baseline 0.005 -15"><span class='ocrx_word' id='word_1_459' title='bbox 1420 639 1573 686; x_wconf 77' lang='lat' dir='ltr'>praesens</span> <span class='ocrx_word' id='word_1_460' title='bbox 1585 641 1639 677; x_wconf 87' lang='lat' dir='ltr'>uti</span> <span class='ocrx_word' id='word_1_461' title='bbox 1655 643 1691 677; x_wconf 87' lang='lat' dir='ltr'>in</span> <span class='ocrx_word' id='word_1_462' title='bbox 1719 643 1830 688; x_wconf 75' lang='lat' dir='ltr'>patria</span> <span class='ocrx_word' id='word_1_463' title='bbox 1842 667 1853 682; x_wconf 88' lang='lat'>‚</span> <span class='ocrx_word' id='word_1_464' title='bbox 1882 644 1988 678; x_wconf 85' lang='lat' dir='ltr'>etiam</span> <span class='ocrx_word' id='word_1_465' title='bbox 2019 639 2203 689; x_wconf 75' lang='lat' dir='ltr'>praesentia</span> <span class='ocrx_word' id='word_1_466' title='bbox 2234 641 2362 689; x_wconf 83' lang='lat' dir='ltr'>speciei</span> 
     </span>
     <span class='ocr_line' id='line_1_85' title="bbox 1421 689 2359 741; baseline 0.005 -17"><span class='ocrx_word' id='word_1_467' title='bbox 1421 689 1580 736; x_wconf 84' lang='lat' dir='ltr'>ejusdem</span> <span class='ocrx_word' id='word_1_468' title='bbox 1609 718 1618 728; x_wconf 93' lang='lat'><strong>.</strong></span> <span class='ocrx_word' id='word_1_469' title='bbox 1650 694 1703 728; x_wconf 81' lang='lat' dir='ltr'>Ex</span> <span class='ocrx_word' id='word_1_470' title='bbox 1718 703 1793 737; x_wconf 90' lang='lat' dir='ltr'>quo</span> <span class='ocrx_word' id='word_1_471' title='bbox 1806 692 1968 741; x_wconf 79' lang='lat' dir='ltr'>sequitur</span> <span class='ocrx_word' id='word_1_472' title='bbox 1986 703 2216 738; x_wconf 83' lang='lat' dir='ltr'>nequaquam</span> <span class='ocrx_word' id='word_1_473' title='bbox 2238 692 2359 729; x_wconf 63' lang='lat' dir='ltr'>aetum</span> 
     </span>
     <span class='ocr_line' id='line_1_86' title="bbox 1421 741 2360 790; baseline 0.003 -14"><span class='ocrx_word' id='word_1_474' title='bbox 1421 741 1488 777; x_wconf 80' lang='lat' dir='ltr'>esse</span> <span class='ocrx_word' id='word_1_475' title='bbox 1503 743 1597 789; x_wconf 79' lang='lat' dir='ltr'>posie</span> <span class='ocrx_word' id='word_1_476' title='bbox 1613 745 1660 779; x_wconf 81' lang='lat' dir='ltr'>ita</span> <span class='ocrx_word' id='word_1_477' title='bbox 1676 741 1872 790; x_wconf 61' lang='lat' dir='ltr'>perfeetum</span> <span class='ocrx_word' id='word_1_478' title='bbox 1888 745 1924 780; x_wconf 85' lang='lat' dir='ltr'>in</span> <span class='ocrx_word' id='word_1_479' title='bbox 1939 743 1994 778; x_wconf 82' lang='lat' dir='ltr'>via</span> <span class='ocrx_word' id='word_1_480' title='bbox 2008 769 2019 784; x_wconf 86' lang='lat'>‚</span> <span class='ocrx_word' id='word_1_481' title='bbox 2042 742 2131 777; x_wconf 88' lang='lat' dir='ltr'>ficut</span> <span class='ocrx_word' id='word_1_482' title='bbox 2156 743 2190 777; x_wconf 89' lang='lat' dir='ltr'>in</span> <span class='ocrx_word' id='word_1_483' title='bbox 2203 744 2360 790; x_wconf 60' lang='lat' dir='ltr'>patria-2,</span> 
     </span>
     <span class='ocr_line' id='line_1_87' title="bbox 1419 792 2359 841; baseline 0.002 -15"><span class='ocrx_word' id='word_1_484' title='bbox 1419 793 1553 828; x_wconf 80' lang='lat' dir='ltr'>etiamfi</span> <span class='ocrx_word' id='word_1_485' title='bbox 1568 794 1766 840; x_wconf 87' lang='lat' dir='ltr'>utrobique</span> <span class='ocrx_word' id='word_1_486' title='bbox 1781 792 2004 841; x_wconf 83' lang='lat' dir='ltr'>supponatur</span> <span class='ocrx_word' id='word_1_487' title='bbox 2030 792 2178 828; x_wconf 83' lang='lat' dir='ltr'>habitus</span> <span class='ocrx_word' id='word_1_488' title='bbox 2197 795 2359 840; x_wconf 81' lang='lat' dir='ltr'>aequalis3</span> 
     </span>
     <span class='ocr_line' id='line_1_88' title="bbox 1418 842 2360 891; baseline 0 -13"><span class='ocrx_word' id='word_1_489' title='bbox 1418 845 1507 890; x_wconf 86' lang='lat' dir='ltr'>quia</span> <span class='ocrx_word' id='word_1_490' title='bbox 1518 843 1664 880; x_wconf 80' lang='lat' dir='ltr'>habitus</span> <span class='ocrx_word' id='word_1_491' title='bbox 1679 855 1750 879; x_wconf 84' lang='lat' dir='ltr'>non</span> <span class='ocrx_word' id='word_1_492' title='bbox 1763 843 1809 878; x_wconf 87' lang='lat' dir='ltr'>est</span> <span class='ocrx_word' id='word_1_493' title='bbox 1826 842 1906 889; x_wconf 84' lang='lat' dir='ltr'>ejus</span> <span class='ocrx_word' id='word_1_494' title='bbox 1919 844 2019 879; x_wconf 70' lang='lat' dir='ltr'>aetus</span> <span class='ocrx_word' id='word_1_495' title='bbox 2030 843 2237 878; x_wconf 86' lang='lat' dir='ltr'>omnimode</span> <span class='ocrx_word' id='word_1_496' title='bbox 2263 845 2360 891; x_wconf 86' lang='lat' dir='ltr'>prin·</span> 
     </span>
     <span class='ocr_line' id='line_1_89' title="bbox 1420 893 2360 941; baseline 0.001 -14"><span class='ocrx_word' id='word_1_497' title='bbox 1420 895 1552 941; x_wconf 84' lang='lat' dir='ltr'>cipium</span> <span class='ocrx_word' id='word_1_498' title='bbox 1565 919 1576 936; x_wconf 88' lang='lat'>,</span> <span class='ocrx_word' id='word_1_499' title='bbox 1597 894 1653 931; x_wconf 81' lang='lat' dir='ltr'>sed</span> <span class='ocrx_word' id='word_1_500' title='bbox 1667 905 1804 929; x_wconf 84' lang='lat' dir='ltr'>tantum</span> <span class='ocrx_word' id='word_1_501' title='bbox 1818 893 2012 930; x_wconf 82' lang='lat' dir='ltr'>secundum</span> <span class='ocrx_word' id='word_1_502' title='bbox 2026 902 2160 940; x_wconf 89' lang='lat' dir='ltr'>partem</span> <span class='ocrx_word' id='word_1_503' title='bbox 2173 917 2184 929; x_wconf 87' lang='lat'><strong>.</strong></span> <span class='ocrx_word' id='word_1_504' title='bbox 2197 895 2248 929; x_wconf 85' lang='lat' dir='ltr'>Eo</span> <span class='ocrx_word' id='word_1_505' title='bbox 2261 893 2360 929; x_wconf 81' lang='lat' dir='ltr'>nihi-</span> 
     </span>
     <span class='ocr_line' id='line_1_90' title="bbox 1419 941 2359 991; baseline 0 -12"><span class='ocrx_word' id='word_1_506' title='bbox 1419 944 1575 981; x_wconf 86' lang='lat' dir='ltr'>lominus</span> <span class='ocrx_word' id='word_1_507' title='bbox 1589 946 1710 986; x_wconf 79' lang='lat' dir='ltr'>modo,</span> <span class='ocrx_word' id='word_1_508' title='bbox 1724 956 1799 988; x_wconf 84' lang='lat' dir='ltr'>quo</span> <span class='ocrx_word' id='word_1_509' title='bbox 1812 944 1882 991; x_wconf 88' lang='lat' dir='ltr'>ipse</span> <span class='ocrx_word' id='word_1_510' title='bbox 1896 945 2044 981; x_wconf 86' lang='lat' dir='ltr'>habitus</span> <span class='ocrx_word' id='word_1_511' title='bbox 2061 941 2110 979; x_wconf 85' lang='lat' dir='ltr'>est</span> <span class='ocrx_word' id='word_1_512' title='bbox 2125 943 2359 990; x_wconf 86' lang='lat' dir='ltr'>principium,</span> 
     </span>
     <span class='ocr_line' id='line_1_91' title="bbox 1421 992 2361 1044; baseline 0.001 -15"><span class='ocrx_word' id='word_1_513' title='bbox 1421 993 1558 1041; x_wconf 83' lang='lat' dir='ltr'>semper</span> <span class='ocrx_word' id='word_1_514' title='bbox 1570 994 1714 1044; x_wconf 87' lang='lat' dir='ltr'>perinde</span> <span class='ocrx_word' id='word_1_515' title='bbox 1732 996 1763 1031; x_wconf 74' lang='lat'>8&lt;</span> <span class='ocrx_word' id='word_1_516' title='bbox 1782 996 1965 1039; x_wconf 68' lang='lat' dir='ltr'>equaliter</span> <span class='ocrx_word' id='word_1_517' title='bbox 1978 995 2010 1031; x_wconf 90' lang='lat' dir='ltr'>se</span> <span class='ocrx_word' id='word_1_518' title='bbox 2023 995 2131 1030; x_wconf 85' lang='lat' dir='ltr'>habet</span> <span class='ocrx_word' id='word_1_519' title='bbox 2149 993 2195 1029; x_wconf 85' lang='lat' dir='ltr'>ad</span> <span class='ocrx_word' id='word_1_520' title='bbox 2222 992 2361 1030; x_wconf 64' lang='lat' dir='ltr'>actum:</span> 
     </span>
     <span class='ocr_line' id='line_1_92' title="bbox 1422 1041 2361 1093; baseline 0.001 -14"><span class='ocrx_word' id='word_1_521' title='bbox 1422 1044 1559 1093; x_wconf 87' lang='lat' dir='ltr'>semper</span> <span class='ocrx_word' id='word_1_522' title='bbox 1569 1048 1664 1083; x_wconf 88' lang='lat' dir='ltr'>enim</span> <span class='ocrx_word' id='word_1_523' title='bbox 1680 1056 1855 1093; x_wconf 84' lang='lat' dir='ltr'>quantum</span> <span class='ocrx_word' id='word_1_524' title='bbox 1868 1045 1918 1081; x_wconf 92' lang='lat' dir='ltr'>est</span> <span class='ocrx_word' id='word_1_525' title='bbox 1946 1058 1990 1082; x_wconf 86' lang='lat' dir='ltr'>ex</span> <span class='ocrx_word' id='word_1_526' title='bbox 2006 1044 2039 1081; x_wconf 90' lang='lat' dir='ltr'>se</span> <span class='ocrx_word' id='word_1_527' title='bbox 2055 1070 2066 1087; x_wconf 92' lang='lat'>‚</span> <span class='ocrx_word' id='word_1_528' title='bbox 2092 1041 2233 1091; x_wconf 80' lang='lat' dir='ltr'>praestat</span> <span class='ocrx_word' id='word_1_529' title='bbox 2260 1043 2361 1080; x_wconf 56' lang='lat' dir='ltr'>acini</span> 
     </span>
     <span class='ocr_line' id='line_1_93' title="bbox 1423 1093 2362 1143; baseline -0.003 -12"><span class='ocrx_word' id='word_1_530' title='bbox 1423 1096 1488 1131; x_wconf 88' lang='lat' dir='ltr'>suo</span> <span class='ocrx_word' id='word_1_531' title='bbox 1507 1122 1517 1137; x_wconf 87' lang='lat'>,</span> <span class='ocrx_word' id='word_1_532' title='bbox 1541 1097 1639 1143; x_wconf 84' lang='lat' dir='ltr'>quod</span> <span class='ocrx_word' id='word_1_533' title='bbox 1655 1097 1693 1132; x_wconf 79' lang='lat' dir='ltr'>iit</span> <span class='ocrx_word' id='word_1_534' title='bbox 1718 1096 1903 1143; x_wconf 84' lang='lat' dir='ltr'>quoddam</span> <span class='ocrx_word' id='word_1_535' title='bbox 1927 1107 2045 1132; x_wconf 84' lang='lat' dir='ltr'>amare</span> <span class='ocrx_word' id='word_1_536' title='bbox 2073 1094 2172 1135; x_wconf 89' lang='lat' dir='ltr'>Dei,</span> <span class='ocrx_word' id='word_1_537' title='bbox 2206 1093 2362 1140; x_wconf 63' lang='lat' dir='ltr'>inquano</span> 
     </span>
     <span class='ocr_line' id='line_1_94' title="bbox 1421 1142 2362 1184; baseline -0.002 -3"><span class='ocrx_word' id='word_1_538' title='bbox 1421 1159 1499 1181; x_wconf 64' lang='lat' dir='ltr'>tam</span> <span class='ocrx_word' id='word_1_539' title='bbox 1515 1146 1562 1181; x_wconf 88' lang='lat' dir='ltr'>est</span> <span class='ocrx_word' id='word_1_540' title='bbox 1579 1147 1756 1183; x_wconf 83' lang='lat' dir='ltr'>summum</span> <span class='ocrx_word' id='word_1_541' title='bbox 1769 1149 1903 1183; x_wconf 89' lang='lat' dir='ltr'>bonum</span> <span class='ocrx_word' id='word_1_542' title='bbox 1920 1149 1955 1182; x_wconf 87' lang='lat' dir='ltr'>in</span> <span class='ocrx_word' id='word_1_543' title='bbox 1971 1146 2024 1184; x_wconf 87' lang='lat' dir='ltr'>se:</span> <span class='ocrx_word' id='word_1_544' title='bbox 2049 1155 2115 1180; x_wconf 90' lang='lat' dir='ltr'>nec</span> <span class='ocrx_word' id='word_1_545' title='bbox 2142 1142 2288 1181; x_wconf 85' lang='lat' dir='ltr'>habitus</span> <span class='ocrx_word' id='word_1_546' title='bbox 2299 1144 2362 1180; x_wconf 82' lang='lat' dir='ltr'>dat</span> 
     </span>
     <span class='ocr_line' id='line_1_95' title="bbox 1428 1193 2363 1245; baseline -0.001 -14"><span class='ocrx_word' id='word_1_547' title='bbox 1428 1196 1601 1242; x_wconf 75' lang='lat' dir='ltr'>{ibiquod</span> <span class='ocrx_word' id='word_1_548' title='bbox 1616 1199 1654 1234; x_wconf 74' lang='lat' dir='ltr'>sn</span> <span class='ocrx_word' id='word_1_549' title='bbox 1672 1196 1743 1237; x_wconf 80' lang='lat' dir='ltr'>Dei</span> <span class='ocrx_word' id='word_1_550' title='bbox 1765 1210 1804 1232; x_wconf 87' lang='lat' dir='ltr'>ut</span> <span class='ocrx_word' id='word_1_551' title='bbox 1818 1196 1966 1245; x_wconf 67' lang='lat' dir='ltr'>praesens</span> <span class='ocrx_word' id='word_1_552' title='bbox 1977 1200 2035 1233; x_wconf 88' lang='lat' dir='ltr'>vel</span> <span class='ocrx_word' id='word_1_553' title='bbox 2051 1193 2257 1237; x_wconf 83' lang='lat' dir='ltr'>absens,nec</span> <span class='ocrx_word' id='word_1_554' title='bbox 2272 1206 2363 1241; x_wconf 85' lang='lat' dir='ltr'>prae·</span> 
     </span>
     <span class='ocr_line' id='line_1_96' title="bbox 1423 1243 2424 1295; baseline -0.004 -13"><span class='ocrx_word' id='word_1_555' title='bbox 1423 1248 1481 1283; x_wconf 89' lang='lat' dir='ltr'>bet</span> <span class='ocrx_word' id='word_1_556' title='bbox 1500 1248 1561 1283; x_wconf 81' lang='lat' dir='ltr'>fibi</span> <span class='ocrx_word' id='word_1_557' title='bbox 1575 1249 1827 1294; x_wconf 56' lang='lat' dir='ltr'>perfectionem</span> <span class='ocrx_word' id='word_1_558' title='bbox 1840 1274 1851 1289; x_wconf 95' lang='lat'>,</span> <span class='ocrx_word' id='word_1_559' title='bbox 1872 1260 1980 1295; x_wconf 89' lang='lat' dir='ltr'>quam</span> <span class='ocrx_word' id='word_1_560' title='bbox 1993 1246 2123 1294; x_wconf 87' lang='lat' dir='ltr'>accipit</span> <span class='ocrx_word' id='word_1_561' title='bbox 2138 1247 2183 1281; x_wconf 90' lang='lat' dir='ltr'>ab</span> <span class='ocrx_word' id='word_1_562' title='bbox 2211 1243 2361 1293; x_wconf 65' lang='lat' dir='ltr'>objefto</span> <span class='ocrx_word' id='word_1_563' title='bbox 2418 1274 2424 1278; x_wconf 74' lang='grc'><em>.</em></span> 
     </span>
     <span class='ocr_line' id='line_1_97' title="bbox 1417 1297 1842 1345; baseline 0 -12"><span class='ocrx_word' id='word_1_564' title='bbox 1417 1298 1463 1333; x_wconf 84' lang='lat' dir='ltr'>fic</span> <span class='ocrx_word' id='word_1_565' title='bbox 1481 1324 1492 1340; x_wconf 88' lang='lat'>,</span> <span class='ocrx_word' id='word_1_566' title='bbox 1521 1299 1576 1332; x_wconf 81' lang='lat' dir='ltr'>vei</span> <span class='ocrx_word' id='word_1_567' title='bbox 1593 1298 1638 1334; x_wconf 85' lang='lat' dir='ltr'>fic</span> <span class='ocrx_word' id='word_1_568' title='bbox 1650 1297 1817 1345; x_wconf 84' lang='lat' dir='ltr'>praescnte</span> <span class='ocrx_word' id='word_1_569' title='bbox 1833 1324 1842 1333; x_wconf 88' lang='lat'><strong>.</strong></span> 
     </span>
    </p>

    <p class='ocr_par' dir='ltr' id='par_1_16' title="bbox 1416 1344 2591 1994">
     <span class='ocr_line' id='line_1_98' title="bbox 1516 1344 2359 1396; baseline -0.001 -11"><span class='ocrx_word' id='word_1_570' title='bbox 1516 1347 1573 1385; x_wconf 85' lang='lat' dir='ltr'>Ad</span> <span class='ocrx_word' id='word_1_571' title='bbox 1589 1348 1778 1385; x_wconf 77' lang='lat' dir='ltr'>secundum</span> <span class='ocrx_word' id='word_1_572' title='bbox 1792 1348 1989 1396; x_wconf 85' lang='lat' dir='ltr'>respondeo</span> <span class='ocrx_word' id='word_1_573' title='bbox 2001 1362 2047 1386; x_wconf 85' lang='lat' dir='ltr'>ex</span> <span class='ocrx_word' id='word_1_574' title='bbox 2063 1346 2168 1384; x_wconf 68' lang='lat' dir='ltr'>dic&#39;iis</span> <span class='ocrx_word' id='word_1_575' title='bbox 2185 1345 2244 1381; x_wconf 76' lang='lat' dir='ltr'>hic</span> <span class='ocrx_word' id='word_1_576' title='bbox 2258 1344 2302 1384; x_wconf 72' lang='lat'>&amp;³</span> <span class='ocrx_word' id='word_1_577' title='bbox 2318 1346 2359 1383; x_wconf 63' lang='lat' dir='ltr'>in</span> 
     </span>
     <span class='ocr_line' id='line_1_99' title="bbox 1418 1395 2360 1444; baseline 0.003 -14"><span class='ocrx_word' id='word_1_578' title='bbox 1418 1396 1710 1444; x_wconf 69' lang='lat' dir='ltr'>praecedentibus,</span> <span class='ocrx_word' id='word_1_579' title='bbox 1735 1400 1901 1443; x_wconf 78' lang='lat' dir='ltr'>quamvis</span> <span class='ocrx_word' id='word_1_580' title='bbox 1917 1399 2074 1436; x_wconf 87' lang='lat' dir='ltr'>absentia</span> <span class='ocrx_word' id='word_1_581' title='bbox 2088 1409 2159 1434; x_wconf 89' lang='lat' dir='ltr'>non</span> <span class='ocrx_word' id='word_1_582' title='bbox 2173 1396 2212 1431; x_wconf 86' lang='lat' dir='ltr'>fit</span> <span class='ocrx_word' id='word_1_583' title='bbox 2230 1395 2360 1433; x_wconf 84' lang='lat' dir='ltr'>forma-</span> 
     </span>
     <span class='ocr_line' id='line_1_100' title="bbox 1427 1446 2359 1497; baseline 0.001 -15"><span class='ocrx_word' id='word_1_584' title='bbox 1427 1447 1470 1482; x_wconf 78' lang='lat' dir='ltr'>lis</span> <span class='ocrx_word' id='word_1_585' title='bbox 1485 1447 1575 1481; x_wconf 80' lang='lat' dir='ltr'>ratio</span> <span class='ocrx_word' id='word_1_586' title='bbox 1599 1449 1633 1482; x_wconf 93' lang='lat' dir='ltr'>in</span> <span class='ocrx_word' id='word_1_587' title='bbox 1656 1446 1801 1491; x_wconf 64' lang='lat' dir='ltr'>objecto</span> <span class='ocrx_word' id='word_1_588' title='bbox 1812 1447 1893 1483; x_wconf 85' lang='lat' dir='ltr'>fidei</span> <span class='ocrx_word' id='word_1_589' title='bbox 1919 1451 1974 1485; x_wconf 89' lang='lat' dir='ltr'>vel</span> <span class='ocrx_word' id='word_1_590' title='bbox 2003 1448 2101 1497; x_wconf 87' lang='lat' dir='ltr'>spei,</span> <span class='ocrx_word' id='word_1_591' title='bbox 2129 1457 2289 1483; x_wconf 79' lang='lat' dir='ltr'>attamen</span> <span class='ocrx_word' id='word_1_592' title='bbox 2315 1446 2359 1483; x_wconf 85' lang='lat' dir='ltr'>fi-</span> 
     </span>
     <span class='ocr_line' id='line_1_101' title="bbox 1426 1496 2360 1544; baseline 0.002 -13"><span class='ocrx_word' id='word_1_593' title='bbox 1426 1496 1483 1531; x_wconf 86' lang='lat' dir='ltr'>dei</span> <span class='ocrx_word' id='word_1_594' title='bbox 1506 1507 1618 1542; x_wconf 80' lang='lat' dir='ltr'>atque</span> <span class='ocrx_word' id='word_1_595' title='bbox 1645 1497 1715 1543; x_wconf 85' lang='lat' dir='ltr'>spei</span> <span class='ocrx_word' id='word_1_596' title='bbox 1743 1498 1843 1532; x_wconf 64' lang='lat' dir='ltr'>aetus</span> <span class='ocrx_word' id='word_1_597' title='bbox 1856 1498 1922 1533; x_wconf 80' lang='lat' dir='ltr'>effe</span> <span class='ocrx_word' id='word_1_598' title='bbox 1938 1498 2017 1544; x_wconf 86' lang='lat' dir='ltr'>ejus</span> <span class='ocrx_word' id='word_1_599' title='bbox 2044 1507 2204 1539; x_wconf 65' lang='lat' dir='ltr'>naturae,</span> <span class='ocrx_word' id='word_1_600' title='bbox 2228 1509 2268 1532; x_wconf 85' lang='lat' dir='ltr'>ut</span> <span class='ocrx_word' id='word_1_601' title='bbox 2296 1510 2360 1533; x_wconf 88' lang='lat' dir='ltr'>ne-</span> 
     </span>
     <span class='ocr_line' id='line_1_102' title="bbox 1425 1545 2358 1595; baseline 0 -13"><span class='ocrx_word' id='word_1_602' title='bbox 1425 1545 1572 1582; x_wconf 84' lang='lat' dir='ltr'>ceffario</span> <span class='ocrx_word' id='word_1_603' title='bbox 1598 1546 1693 1589; x_wconf 55' lang='lat' dir='ltr'>ipsos</span> <span class='ocrx_word' id='word_1_604' title='bbox 1720 1549 1984 1584; x_wconf 88' lang='lat' dir='ltr'>concomitetur</span> <span class='ocrx_word' id='word_1_605' title='bbox 2023 1545 2249 1595; x_wconf 71' lang='lat' dir='ltr'>imperfefflo</span> <span class='ocrx_word' id='word_1_606' title='bbox 2272 1558 2285 1586; x_wconf 85' lang='lat'>3</span> <span class='ocrx_word' id='word_1_607' title='bbox 2315 1559 2358 1583; x_wconf 87' lang='lat' dir='ltr'>ac</span> 
     </span>
     <span class='ocr_line' id='line_1_103' title="bbox 1418 1593 2358 1643; baseline 0.003 -13"><span class='ocrx_word' id='word_1_608' title='bbox 1418 1607 1607 1643; x_wconf 83' lang='lat' dir='ltr'>propterea</span> <span class='ocrx_word' id='word_1_609' title='bbox 1618 1595 1725 1633; x_wconf 83' lang='lat' dir='ltr'>fidem</span> <span class='ocrx_word' id='word_1_610' title='bbox 1739 1597 1975 1634; x_wconf 84' lang='lat' dir='ltr'>determinate</span> <span class='ocrx_word' id='word_1_611' title='bbox 1992 1598 2162 1633; x_wconf 88' lang='lat' dir='ltr'>inclinare</span> <span class='ocrx_word' id='word_1_612' title='bbox 2178 1596 2222 1631; x_wconf 89' lang='lat' dir='ltr'>ad</span> <span class='ocrx_word' id='word_1_613' title='bbox 2235 1593 2358 1633; x_wconf 67' lang='lat' dir='ltr'>aetum</span> 
     </span>
     <span class='ocr_line' id='line_1_104' title="bbox 1416 1645 2359 1694; baseline 0 -12"><span class='ocrx_word' id='word_1_614' title='bbox 1416 1648 1497 1682; x_wconf 73' lang='lat' dir='ltr'>talis</span> <span class='ocrx_word' id='word_1_615' title='bbox 1515 1645 1666 1694; x_wconf 86' lang='lat' dir='ltr'>speciei,</span> <span class='ocrx_word' id='word_1_616' title='bbox 1695 1646 1739 1681; x_wconf 81' lang='lat' dir='ltr'>ad</span> <span class='ocrx_word' id='word_1_617' title='bbox 1754 1658 1862 1691; x_wconf 84' lang='lat' dir='ltr'>quem</span> <span class='ocrx_word' id='word_1_618' title='bbox 1875 1648 1942 1685; x_wconf 81' lang='lat' dir='ltr'>esse</span> <span class='ocrx_word' id='word_1_619' title='bbox 1959 1649 2084 1694; x_wconf 86' lang='lat' dir='ltr'>nequit</span> <span class='ocrx_word' id='word_1_620' title='bbox 2104 1645 2359 1683; x_wconf 83' lang='lat' dir='ltr'>determinatio</span> 
     </span>
     <span class='ocr_line' id='line_1_105' title="bbox 1417 1695 2361 1745; baseline 0.003 -14"><span class='ocrx_word' id='word_1_621' title='bbox 1417 1697 1452 1732; x_wconf 81' lang='lat' dir='ltr'>in</span> <span class='ocrx_word' id='word_1_622' title='bbox 1466 1698 1578 1745; x_wconf 82' lang='lat' dir='ltr'>patria</span> <span class='ocrx_word' id='word_1_623' title='bbox 1594 1724 1606 1739; x_wconf 94' lang='lat'>‚</span> <span class='ocrx_word' id='word_1_624' title='bbox 1634 1698 1668 1733; x_wconf 75' lang='lat'>8&lt;</span> <span class='ocrx_word' id='word_1_625' title='bbox 1694 1696 1920 1733; x_wconf 79' lang='lat' dir='ltr'>consimiliter</span> <span class='ocrx_word' id='word_1_626' title='bbox 1946 1699 1990 1734; x_wconf 88' lang='lat' dir='ltr'>de</span> <span class='ocrx_word' id='word_1_627' title='bbox 2014 1698 2099 1744; x_wconf 84' lang='lat' dir='ltr'>spe3</span> <span class='ocrx_word' id='word_1_628' title='bbox 2127 1697 2178 1732; x_wconf 87' lang='lat' dir='ltr'>At</span> <span class='ocrx_word' id='word_1_629' title='bbox 2200 1695 2361 1734; x_wconf 75' lang='lat' dir='ltr'>charitas</span> 
     </span>
     <span class='ocr_line' id='line_1_106' title="bbox 1418 1745 2360 1791; baseline 0 -10"><span class='ocrx_word' id='word_1_630' title='bbox 1418 1748 1500 1784; x_wconf 86' lang='lat' dir='ltr'>licet</span> <span class='ocrx_word' id='word_1_631' title='bbox 1518 1759 1614 1784; x_wconf 90' lang='lat' dir='ltr'>nunc</span> <span class='ocrx_word' id='word_1_632' title='bbox 1627 1745 1858 1782; x_wconf 80' lang='lat' dir='ltr'>determinata</span> <span class='ocrx_word' id='word_1_633' title='bbox 1874 1747 1913 1782; x_wconf 78' lang='lat' dir='ltr'>sit</span> <span class='ocrx_word' id='word_1_634' title='bbox 1929 1749 1970 1783; x_wconf 83' lang='lat' dir='ltr'>ad</span> <span class='ocrx_word' id='word_1_635' title='bbox 1986 1748 2107 1784; x_wconf 59' lang='lat' dir='ltr'>aestum</span> <span class='ocrx_word' id='word_1_636' title='bbox 2133 1748 2228 1783; x_wconf 80' lang='lat' dir='ltr'>circa</span> <span class='ocrx_word' id='word_1_637' title='bbox 2252 1747 2360 1791; x_wconf 84' lang='lat' dir='ltr'>illud,</span> 
     </span>
     <span class='ocr_line' id='line_1_107' title="bbox 1419 1796 2591 1846; baseline 0 -13"><span class='ocrx_word' id='word_1_638' title='bbox 1419 1798 1517 1844; x_wconf 86' lang='lat' dir='ltr'>quod</span> <span class='ocrx_word' id='word_1_639' title='bbox 1543 1799 1628 1832; x_wconf 82' lang='lat' dir='ltr'>latet</span> <span class='ocrx_word' id='word_1_640' title='bbox 1646 1823 1656 1838; x_wconf 93' lang='lat'>‚</span> <span class='ocrx_word' id='word_1_641' title='bbox 1685 1797 1719 1832; x_wconf 84' lang='lat'>&amp;</span> <span class='ocrx_word' id='word_1_642' title='bbox 1756 1806 1819 1841; x_wconf 82' lang='lat' dir='ltr'>pet·</span> <span class='ocrx_word' id='word_1_643' title='bbox 1843 1798 2064 1846; x_wconf 86' lang='lat' dir='ltr'>consequens</span> <span class='ocrx_word' id='word_1_644' title='bbox 2090 1824 2101 1840; x_wconf 91' lang='lat'>‚</span> <span class='ocrx_word' id='word_1_645' title='bbox 2135 1796 2365 1844; x_wconf 61' lang='lat' dir='ltr'>imperfectio</span> <span class='ocrx_word' id='word_1_646' title='bbox 2590 1833 2591 1846; x_wconf 26' lang='lat' dir='ltr'><strong>i</strong></span> 
     </span>
     <span class='ocr_line' id='line_1_108' title="bbox 1422 1844 2591 1892; baseline 0.002 -10"><span class='ocrx_word' id='word_1_647' title='bbox 1422 1848 1688 1884; x_wconf 89' lang='lat' dir='ltr'>concomitetur</span> <span class='ocrx_word' id='word_1_648' title='bbox 1712 1844 1822 1892; x_wconf 80' lang='lat' dir='ltr'>ipsam</span> <span class='ocrx_word' id='word_1_649' title='bbox 1849 1860 1859 1882; x_wconf 73' lang='grc' dir='ltr'><strong><em>ε</em></strong></span> <span class='ocrx_word' id='word_1_650' title='bbox 1895 1860 1966 1884; x_wconf 94' lang='lat' dir='ltr'>non</span> <span class='ocrx_word' id='word_1_651' title='bbox 1991 1860 2109 1883; x_wconf 86' lang='lat' dir='ltr'>tamen</span> <span class='ocrx_word' id='word_1_652' title='bbox 2137 1847 2285 1883; x_wconf 83' lang='lat' dir='ltr'>inclinat</span> <span class='ocrx_word' id='word_1_653' title='bbox 2310 1848 2358 1884; x_wconf 87' lang='lat' dir='ltr'>ad</span> <span class='ocrx_word' id='word_1_654' title='bbox 2588 1855 2591 1884; x_wconf 75' lang='grc' dir='ltr'>ι’</span> 
     </span>
     <span class='ocr_line' id='line_1_109' title="bbox 1423 1895 2589 1943; baseline 0.001 -10"><span class='ocrx_word' id='word_1_655' title='bbox 1423 1899 1543 1933; x_wconf 64' lang='lat' dir='ltr'>afrum</span> <span class='ocrx_word' id='word_1_656' title='bbox 1562 1897 1607 1932; x_wconf 81' lang='lat' dir='ltr'>stc</span> <span class='ocrx_word' id='word_1_657' title='bbox 1621 1895 1868 1943; x_wconf 68' lang='lat' dir='ltr'>imperfeftum</span> <span class='ocrx_word' id='word_1_658' title='bbox 1884 1923 1897 1940; x_wconf 87' lang='lat'>‚</span> <span class='ocrx_word' id='word_1_659' title='bbox 1924 1897 1980 1935; x_wconf 89' lang='lat' dir='ltr'>sed</span> <span class='ocrx_word' id='word_1_660' title='bbox 1997 1899 2040 1935; x_wconf 92' lang='lat' dir='ltr'>ad</span> <span class='ocrx_word' id='word_1_661' title='bbox 2053 1897 2174 1934; x_wconf 62' lang='lat' dir='ltr'>aetum</span> <span class='ocrx_word' id='word_1_662' title='bbox 2186 1898 2246 1934; x_wconf 83' lang='lat' dir='ltr'>cui</span> <span class='ocrx_word' id='word_1_663' title='bbox 2263 1899 2359 1934; x_wconf 83' lang='lat' dir='ltr'>acci-</span> <span class='ocrx_word' id='word_1_664' title='bbox 2588 1909 2589 1917; x_wconf 62' lang='lat'>¹</span> 
     </span>
     <span class='ocr_line' id='line_1_110' title="bbox 1423 1946 1738 1994; baseline -0.01 -10"><span class='ocrx_word' id='word_1_665' title='bbox 1423 1948 1476 1984; x_wconf 87' lang='lat' dir='ltr'>dit</span> <span class='ocrx_word' id='word_1_666' title='bbox 1489 1946 1712 1994; x_wconf 67' lang='lat' dir='ltr'>imperfeaio</span> <span class='ocrx_word' id='word_1_667' title='bbox 1728 1972 1738 1982; x_wconf 91' lang='lat'>.</span> 
     </span>
    </p>

    <p class='ocr_par' dir='ltr' id='par_1_17' title="bbox 1415 1996 2362 2292">
     <span class='ocr_line' id='line_1_111' title="bbox 1521 1996 2362 2040; baseline 0.004 -7"><span class='ocrx_word' id='word_1_668' title='bbox 1521 1997 1580 2033; x_wconf 88' lang='lat' dir='ltr'>Ad</span> <span class='ocrx_word' id='word_1_669' title='bbox 1597 1997 1741 2033; x_wconf 64' lang='lat' dir='ltr'>tertium</span> <span class='ocrx_word' id='word_1_670' title='bbox 1757 2023 1769 2040; x_wconf 90' lang='lat'>,</span> <span class='ocrx_word' id='word_1_671' title='bbox 1799 1998 1960 2034; x_wconf 89' lang='lat' dir='ltr'>concedo</span> <span class='ocrx_word' id='word_1_672' title='bbox 1986 1999 2079 2035; x_wconf 86' lang='lat' dir='ltr'>duos</span> <span class='ocrx_word' id='word_1_673' title='bbox 2100 1998 2189 2034; x_wconf 80' lang='lat' dir='ltr'>tales</span> <span class='ocrx_word' id='word_1_674' title='bbox 2210 1996 2362 2036; x_wconf 78' lang='lat' dir='ltr'>habitus</span> 
     </span>
     <span class='ocr_line' id='line_1_112' title="bbox 1420 2047 2361 2095; baseline -0.001 -10"><span class='ocrx_word' id='word_1_675' title='bbox 1420 2048 1487 2085; x_wconf 79' lang='lat' dir='ltr'>esse</span> <span class='ocrx_word' id='word_1_676' title='bbox 1504 2048 1597 2095; x_wconf 80' lang='lat' dir='ltr'>poffe</span> <span class='ocrx_word' id='word_1_677' title='bbox 1611 2047 1709 2083; x_wconf 82' lang='lat' dir='ltr'>fimul</span> <span class='ocrx_word' id='word_1_678' title='bbox 1727 2048 1763 2082; x_wconf 85' lang='lat' dir='ltr'>in</span> <span class='ocrx_word' id='word_1_679' title='bbox 1782 2047 1967 2085; x_wconf 86' lang='lat' dir='ltr'>voluntate</span> <span class='ocrx_word' id='word_1_680' title='bbox 1986 2064 1998 2091; x_wconf 91' lang='lat'>;</span> <span class='ocrx_word' id='word_1_681' title='bbox 2024 2048 2082 2086; x_wconf 86' lang='lat' dir='ltr'>sed</span> <span class='ocrx_word' id='word_1_682' title='bbox 2096 2050 2188 2085; x_wconf 86' lang='lat' dir='ltr'>ratio</span> <span class='ocrx_word' id='word_1_683' title='bbox 2205 2048 2361 2084; x_wconf 83' lang='lat' dir='ltr'>charita·</span> 
     </span>
     <span class='ocr_line' id='line_1_113' title="bbox 1420 2097 2359 2147; baseline 0 -13"><span class='ocrx_word' id='word_1_684' title='bbox 1420 2101 1466 2134; x_wconf 76' lang='lat' dir='ltr'>tis</span> <span class='ocrx_word' id='word_1_685' title='bbox 1484 2111 1555 2135; x_wconf 92' lang='lat' dir='ltr'>non</span> <span class='ocrx_word' id='word_1_686' title='bbox 1571 2099 1716 2146; x_wconf 85' lang='lat' dir='ltr'>ponitur</span> <span class='ocrx_word' id='word_1_687' title='bbox 1728 2097 1795 2133; x_wconf 81' lang='lat' dir='ltr'>effe</span> <span class='ocrx_word' id='word_1_688' title='bbox 1808 2109 1868 2143; x_wconf 88' lang='lat' dir='ltr'>per</span> <span class='ocrx_word' id='word_1_689' title='bbox 1886 2097 1919 2133; x_wconf 88' lang='lat' dir='ltr'>se</span> <span class='ocrx_word' id='word_1_690' title='bbox 1945 2101 2163 2147; x_wconf 88' lang='lat' dir='ltr'>principium</span> <span class='ocrx_word' id='word_1_691' title='bbox 2178 2098 2359 2135; x_wconf 64' lang='lat' dir='ltr'>afiusim·</span> 
     </span>
     <span class='ocr_line' id='line_1_114' title="bbox 1417 2146 2357 2195; baseline 0.002 -11"><span class='ocrx_word' id='word_1_692' title='bbox 1417 2148 1564 2194; x_wconf 52' lang='lat' dir='ltr'>perfecti</span> <span class='ocrx_word' id='word_1_693' title='bbox 1582 2175 1595 2191; x_wconf 95' lang='lat'><strong><em>,</em></strong></span> <span class='ocrx_word' id='word_1_694' title='bbox 1616 2150 1707 2182; x_wconf 87' lang='lat' dir='ltr'>circa</span> <span class='ocrx_word' id='word_1_695' title='bbox 1719 2146 1904 2195; x_wconf 63' lang='lat' dir='ltr'>objectum</span> <span class='ocrx_word' id='word_1_696' title='bbox 1922 2149 2058 2192; x_wconf 81' lang='lat' dir='ltr'>latens,</span> <span class='ocrx_word' id='word_1_697' title='bbox 2083 2149 2138 2185; x_wconf 92' lang='lat' dir='ltr'>sed</span> <span class='ocrx_word' id='word_1_698' title='bbox 2152 2151 2263 2193; x_wconf 81' lang='lat' dir='ltr'>magis</span> <span class='ocrx_word' id='word_1_699' title='bbox 2288 2148 2357 2186; x_wconf 80' lang='lat' dir='ltr'>efl‘e</span> 
     </span>
     <span class='ocr_line' id='line_1_115' title="bbox 1416 2196 2359 2245; baseline 0.002 -12"><span class='ocrx_word' id='word_1_700' title='bbox 1416 2198 1581 2234; x_wconf 84' lang='lat' dir='ltr'>habitum</span> <span class='ocrx_word' id='word_1_701' title='bbox 1598 2224 1609 2240; x_wconf 85' lang='lat'>‚</span> <span class='ocrx_word' id='word_1_702' title='bbox 1637 2196 1670 2231; x_wconf 77' lang='lat'>8&lt;</span> <span class='ocrx_word' id='word_1_703' title='bbox 1689 2198 1907 2245; x_wconf 86' lang='lat' dir='ltr'>principium</span> <span class='ocrx_word' id='word_1_704' title='bbox 1922 2199 2090 2238; x_wconf 79' lang='lat' dir='ltr'>tendendi</span> <span class='ocrx_word' id='word_1_705' title='bbox 2104 2201 2143 2236; x_wconf 90' lang='lat' dir='ltr'>in</span> <span class='ocrx_word' id='word_1_706' title='bbox 2156 2199 2275 2237; x_wconf 86' lang='lat' dir='ltr'>Deum</span> <span class='ocrx_word' id='word_1_707' title='bbox 2289 2225 2303 2244; x_wconf 88' lang='lat'><em>,</em></span> <span class='ocrx_word' id='word_1_708' title='bbox 2316 2210 2359 2238; x_wconf 84' lang='lat' dir='ltr'>ut</span> 
     </span>
     <span class='ocr_line' id='line_1_116' title="bbox 1415 2245 1932 2292; baseline 0.002 -7"><span class='ocrx_word' id='word_1_709' title='bbox 1415 2249 1466 2285; x_wconf 88' lang='lat' dir='ltr'>est</span> <span class='ocrx_word' id='word_1_710' title='bbox 1482 2250 1617 2285; x_wconf 87' lang='lat' dir='ltr'>bonum</span> <span class='ocrx_word' id='word_1_711' title='bbox 1632 2247 1809 2292; x_wconf 64' lang='lat' dir='ltr'>infinitum</span> <span class='ocrx_word' id='word_1_712' title='bbox 1824 2247 1861 2289; x_wconf 76' lang='lat' dir='ltr'>in</span> <span class='ocrx_word' id='word_1_713' title='bbox 1872 2245 1907 2284; x_wconf 88' lang='lat' dir='ltr'>se</span> <span class='ocrx_word' id='word_1_714' title='bbox 1921 2274 1932 2286; x_wconf 80' lang='grc'><strong>.</strong></span> 
     </span>
    </p>
   </div>
   <div class='ocr_carea' id='block_1_12' title="bbox 2599 211 2628 2677">
    <p class='ocr_par' dir='ltr' id='par_1_18' title="bbox 2599 211 2628 2677">
     <span class='ocr_line' id='line_1_117' title="bbox 2599 211 2628 2677; baseline 0 0"><span class='ocrx_word' id='word_1_715' title='bbox 2599 211 2628 2677; x_wconf 95' lang='lat' dir='ltr'> </span> 
     </span>
    </p>
   </div>
  </div>
 </body>
</html>
