2592 4011
27 2618 60 2651 Ῐι
70 2620 178 2650 duobus
186 2625 228 2651 ea.

24 2657 96 2688 fibus
116 2669 175 2689 non
197 2659 230 2690 fit

29 2698 166 2727 restitutio
176 2700 228 2730 da.

25 2736 168 2767 mitificato
178 2757 189 2768 .

903 132 1062 182 Tamus
1078 135 1161 184 III.
1175 138 1370 187 Secunda
1385 144 1587 191 Secunde
1602 155 1617 190 ⁴·
1904 119 1908 123 .
2042 162 2158 217 4957-

437 250 468 286 A
500 253 701 293 R-›T-tc
731 252 941 292 Urtius
1005 256 1058 291 V.

275 347 409 387 Vtrum
419 363 585 401 oporteat
601 356 738 404 semper
750 355 1009 393 restitutionem
1032 355 1149 393 facere
1163 358 1196 394 ei
1205 374 1219 401 3

407 456 417 463 ·
473 420 493 443 a
504 419 580 456 quo
592 419 778 463 acceptum
791 405 840 444 est
851 406 987 454 aliquid
1005 433 1028 466 .-

305 498 444 548 Dot’lbr
454 519 490 555 4.
504 497 590 545 dii-3.
614 520 669 555 ις.
687 521 720 558 q.
740 521 774 546 2.
793 516 825 550 ς.
842 509 886 545 de
900 512 1047 560 Qrto
1070 522 1107 547 n.
1121 521 1180 558 3²·

472 562 516 597 S.
537 560 654 597 Thom.
673 571 707 596 2.
720 572 804 610 2.q.
822 560 882 597 62.
895 570 967 597 art.
984 572 1016 607 ς.

396 659 516 700 iderur
530 662 676 698 minime
691 663 860 709 oportere
878 663 1017 710 semper
1034 662 1149 698 facere
1165 674 1218 698 re-

406 711 626 749 stitutionem
642 713 698 754 ei,
731 724 837 759 aquo
867 713 1001 759 aliquid
1026 713 1218 748 ablatum-.-

271 765 322 803 est
334 793 344 803 ,
366 763 507 802 Etenim
523 764 642 798 nullus
659 773 803 798 tenetur
820 762 861 796 ad
874 763 1138 800 restitutionem
1155 762 1219 798 sibi

270 817 385 863 magis
415 812 645 853 damnosam,
671 824 711 848 ac
727 812 826 847 utilis
850 813 949 849 sitilli
966 838 983 859 ,
1006 813 1065 848 cui
1088 811 1219 848 facien.

270 868 315 904 da
330 866 507 903 restitutio
521 864 755 910 perhibetur3
773 861 828 897 sed
848 865 994 900 evenire
1011 862 1124 910 potest
1149 889 1158 903 ,
1174 874 1214 899 ut

268 927 423 965 nequeat
436 915 511 952 fieri
529 911 707 950 restitutio
721 913 827 946 alicui
842 915 964 960 agenti
980 917 1015 950 in
1037 914 1215 959 regione„

268 969 490 1016 longinqua,
520 964 581 1000 nifi
601 961 754 1009 majores
785 960 1216 1012 sumptusimpendantur

269 1021 306 1055 in
323 1017 498 1054 mittendo
510 1013 608 1061 quod
625 1014 782 1048 ablatum
800 1012 884 1058 fuit,
896 1027 935 1050 ac
949 1015 987 1050 sit
1000 1016 1137 1059 integer
1153 1026 1216 1049 va·

268 1071 326 1107 lor
339 1067 419 1115 ejus
435 1067 534 1115 quod
549 1063 765 1101 reddendum
784 1063 833 1098 est
853 1078 864 1106 3
892 1077 978 1111 ergo
994 1064 1057 1101 tali
1072 1066 1109 1100 in
1133 1064 1216 1101 casu

269 1123 354 1169 quis
371 1119 557 1155 restituere
572 1125 643 1150 non
657 1123 817 1149 tenetur.

370 1170 545 1205 Praeterea
568 1176 597 1198 1·
615 1164 728 1198 F-rhic.
746 1163 972 1213 Inprincipio
989 1196 996 1206 ,
1012 1166 1211 1207 Scribitur,

266 1222 405 1258 bonum
418 1226 608 1253 commune
623 1212 780 1249 divinius
797 1215 863 1251 effe
875 1243 886 1259 ,
898 1226 939 1252 ac
950 1216 1215 1264 praeferendum

265 1273 364 1309 bono
379 1264 605 1316 particulari:
621 1263 684 1298 Sed
697 1263 771 1298 fieri
789 1267 901 1311 potest
916 1278 954 1302 ut
973 1265 1149 1303 restitutio
1163 1267 1218 1303 fa-

265 1320 390 1358 cienda
417 1319 524 1355 Petro
556 1315 595 1350 s1t
625 1315 821 1361 perniciosa
860 1318 972 1353 Paulo
985 1316 1214 1359 restituenti,

266 1381 379 1418 atque
394 1370 500 1405 etiam
516 1364 619 1402 cedat
635 1365 670 1400 in
685 1364 938 1403 detrimentum
962 1368 1187 1414 Reipublicae
1203 1394 1215 1410 ,

263 1422 326 1458 eui
344 1421 472 1456 Paulus
484 1416 534 1453 est
545 1416 655 1464 magis
670 1416 879 1458 neceffarius
894 1445 905 1460 ,
928 1430 1036 1465 quam
1057 1418 1184 1453 Petrus
1201 1431 1213 1460 ;

264 1485 352 1519 ergo
367 1472 401 1506 in
417 1470 479 1506 ilio
495 1467 578 1503 casu
595 1479 665 1502 non
680 1465 729 1501 est
749 1468 912 1503 facienda
930 1465 1109 1504 restitutio
1131 1495 1138 1503 .

365 1522 537 1557 Praeterea
556 1545 568 1560 ‚
593 1515 793 1556 Restitutio
807 1517 855 1554 est
873 1518 1081 1554 faciendain
1108 1519 1212 1554 favo-

263 1586 336 1610 rem
349 1573 444 1609 illius
457 1598 468 1612 ,
495 1569 554 1604 cui
567 1567 607 1604 fit
624 1582 634 1609 ;
649 1579 736 1612 ergo
752 1580 821 1603 non
836 1569 884 1605 est
897 1568 1056 1604 facienda
1071 1595 1082 1609 ‚
1098 1582 1212 1616 quum

263 1624 398 1661 cessura
410 1630 562 1667 putatur
578 1619 613 1654 in
627 1619 796 1654 damnum
810 1618 889 1665 ejus
905 1646 916 1661 ,
943 1630 1004 1657 aut
1021 1620 1213 1669 Reipubli‹

260 1686 336 1711 cae:
360 1672 428 1711 Sed
456 1668 599 1716 gladius
628 1668 787 1705 redditus
831 1669 962 1706 furioso
981 1693 993 1713 ‚
1019 1679 1089 1705 tam
1125 1670 1187 1706 sibi
1200 1697 1212 1714 ,

259 1736 370 1772 quam
383 1720 606 1766 Reipublicae
617 1719 698 1756 effer
711 1718 947 1756 detrimento:
978 1721 1069 1755 maie
1083 1721 1211 1758 enim..

261 1778 430 1811 meretur
445 1771 562 1819 gladio
578 1798 587 1812 ‚
609 1771 673 1818 qui
691 1781 761 1805 non
790 1770 839 1806 est
867 1770 919 1806 sui
934 1782 1081 1816 compos
1095 1798 1107 1814 ‚
1138 1784 1212 1819 pax

258 1827 367 1862 etiam
382 1823 556 1860 Civitatis
570 1821 651 1856 inde
679 1824 979 1865 perturbaretur3
1002 1832 1089 1866 ergo
1110 1834 1211 1861 notu,

261 1874 398 1925 semper
412 1872 461 1910 est
478 1871 657 1908 restitutio
674 1870 831 1907 facienda
848 1898 859 1909 .
1066 1869 1067 1873 ’

359 1927 497 1962 Contra
511 1949 521 1965 ‚
551 1922 749 1959 Restitutio
762 1923 812 1958 est
824 1923 928 1958 aftus
950 1922 1126 1970 justitiae3
1155 1934 1212 1960 er-

257 1989 308 2024 go
320 1974 546 2012 exercendus
560 1972 607 2009 est
621 1973 711 2007 circa
729 1974 828 2009 illum
851 1999 860 2014 ‚
873 1975 937 2020 qui
949 1972 1118 2020 injuriam
1132 1985 1213 2022 pet-

258 2028 343 2062 tulit
361 2039 372 2065 3
398 2026 503 2059 debet
523 2025 635 2069 igitur
650 2022 725 2058 fieri
740 2024 791 2059 illi
806 2050 817 2066 ,
843 2035 948 2071 aquo
962 2036 1017 2062 res
1041 2026 1212 2074 propria-2

261 2077 381 2112 ablata
397 2074 446 2110 est
464 2101 472 2109 .
1149 2102 1152 2105 .

360 2122 850 2173 Respondeo‚restitutionem
865 2125 932 2161 effe
944 2126 1143 2162 faciendam
1157 2127 1213 2168 ei,

257 2178 326 2225 qui
341 2177 511 2212 damnum
527 2174 692 2221 pertulit,
707 2175 814 2209 modo
829 2176 864 2210 id
882 2176 1041 2223 possibile
1052 2177 1092 2213 sit
1106 2203 1116 2214 .
1129 2175 1214 2212 Pos-

260 2228 359 2265 sibile
374 2255 388 2271 ,
417 2227 565 2267 inquam
586 2249 597 2264 ‚
624 2233 665 2258 ut
679 2223 814 2258 sinovit
824 2239 903 2261 eum
929 2229 989 2261 cui
1006 2227 1211 2263 damnum..

257 2279 400 2314 illatum
419 2275 468 2312 est
484 2301 494 2311 .
523 2277 566 2311 Et
584 2273 604 2308 fi
617 2274 748 2310 habeat
763 2300 774 2316 ‚
802 2276 857 2310 vel
875 2275 1006 2310 habere
1034 2276 1149 2323 potest
1168 2276 1215 2311 il.

261 2330 335 2365 lum
352 2327 567 2374 praesentem.
583 2325 662 2360 Aut
677 2325 697 2359 sn
711 2324 806 2360 abest
820 2352 831 2368 ‚
845 2336 885 2361 ut
899 2326 1102 2361 remittatur
1114 2327 1215 2362 abla-

259 2390 340 2415 tum
368 2379 438 2414 fine
465 2375 593 2421 majori
616 2376 848 2410 incommodo
868 2373 1107 2424 expensarum
1130 2403 1142 2418 ,
1171 2388 1213 2413 ac

259 2427 455 2465 estimetur
472 2425 560 2462 illud
576 2427 674 2475 quod
687 2427 900 2462 mittendum
913 2425 964 2462 est
981 2452 991 2462 .
1022 2428 1067 2463 Et
1081 2428 1215 2463 intelli-

259 2491 310 2526 go
327 2478 369 2514 de
386 2476 464 2525 ipso
483 2477 714 2513 damnificato
731 2504 742 2520 ,
763 2479 818 2513 vel
837 2478 1020 2524 aliquibus
1032 2476 1113 2524 ejus
1129 2489 1213 2526 pro-

258 2530 409 2577 pinquis
424 2554 435 2569 ,
465 2528 486 2563 si
504 2540 669 2564 mortuus
685 2556 696 2571 ‚
725 2531 779 2563 vel
798 2527 923 2565 absens
953 2527 1060 2565 fuerit
1078 2552 1088 2565 =
1112 2531 1211 2567 Nam

261 2581 342 2626 lege
356 2591 491 2615 naturae
507 2578 731 2626 praesumitur
747 2592 828 2615 eum
841 2605 853 2621 ‚
881 2582 946 2625 qui
968 2580 1100 2616 damno
1128 2579 1213 2616 affe·

265 2631 343 2666 &us
359 2629 407 2665 est
422 2657 432 2671 ,
461 2630 554 2665 velle
571 2631 833 2666 restitutionem
848 2629 924 2665 fieri
938 2657 949 2673 ,
979 2631 1042 2666 fibi
1067 2629 1214 2677 sangui-

266 2681 477 2726 neJunffls.
506 2680 578 2716 Sed
598 2681 632 2716 in
650 2681 794 2716 duobus
817 2680 954 2717 cafibus
979 2680 1113 2717 solutio
1137 2681 1212 2719 haee

265 2732 401 2782 patitur
426 2733 696 2779 exceptionem.
727 2733 868 2768 Primus
891 2732 941 2768 est
968 2744 981 2773 3
1011 2732 1033 2768 fi
1057 2732 1214 2770 nescitur

264 2780 518 2818 damnificatus
535 2808 547 2824 ,
572 2781 666 2817 velli
691 2781 800 2817 scitur
824 2794 867 2817 eo
895 2793 1014 2818 tamen
1039 2794 1212 2828 mortuo,

262 2832 586 2880 ignoranturillius
605 2832 828 2880 propinqui.
857 2833 1066 2869 Secundus:
1093 2833 1114 2869 si
1139 2847 1213 2870 ma·

263 2881 535 2930 joressumptus
566 2881 645 2918 sunt
668 2881 921 2929 impendendi,
944 2883 982 2920 in
1006 2884 1185 2920 mittendo
1200 2914 1213 2930 ,

248 2934 362 2968 -nuod
377 2933 534 2968 ablatum
549 2933 596 2968 est
611 2959 621 2974 ‚
649 2944 690 2967 ac
706 2933 822 2968 valeat
838 2934 888 2969 illi
900 2958 913 2978 ‚
938 2935 998 2970 cui
1027 2934 1185 2972 mittitur
1202 2965 1211 2973 .

262 2985 336 3019 Cui
353 2983 401 3019 es't
417 2994 503 3028 ergo
516 2983 571 3019 his
594 2985 628 3018 in
652 2983 792 3019 casibus
821 2984 996 3021 restitutio
1020 2985 1210 3021 facienda?

260 3032 477 3081 Respondeo
503 3061 515 3076 ,
543 3034 762 3082 pauperibus
801 3036 880 3070 vice
911 3036 1034 3076 illius;
1060 3035 1213 3083 sicquss,

260 3085 348 3132 quia
365 3085 489 3129 nequit
501 3083 730 3120 damnificato
745 3083 883 3120 restitui
902 3097 955 3121 res
978 3088 1185 3132 temporalis
1200 3113 1212 3130 ‚

261 3134 427 3171 redditur
452 3135 538 3181 quid
563 3134 746 3182 spirituale
775 3160 783 3170 .
813 3133 1034 3181 Cuiusmodi
1058 3136 1212 3173 redditio

260 3184 455 3233 spiritualis
472 3184 870 3232 fitmaximeerogando
901 3187 1118 3235 pauperibus
1146 3199 1212 3236 pro

234 3256 244 3269 ς
260 3236 555 3281 illoaequivalens
569 3235 619 3272 rei
636 3237 761 3272 ablate
774 3260 786 3272 .

22 3423 51 3454 8.
64 3424 172 3456 rhem.
193 3435 222 3465 q.

21 3462 63 3493 εἰσ
71 3472 126 3494 arr.
137 3469 168 3494 6.
178 3467 224 3495 Ad

20 3498 167 3534 secundum
212 3507 234 3532 .’

14 3538 99 3585 3438-
110 3542 222 3572 Richar.

360 3287 396 3323 Si
409 3288 630 3332 perconteris
643 3299 704 3334 per
718 3298 843 3323 manus
868 3287 976 3334 cujus
991 3286 1089 3322 reddi
1104 3288 1208 3326 debet

260 3337 484 3384 pauperibus
499 3360 511 3378 ‚
538 3337 636 3385 quod
653 3337 861 3374 redderetur
874 3338 1120 3374 damnificatoi'
1138 3341 1209 3375 Re-

261 3386 421 3433 spondeo
437 3413 448 3428 ‚
478 3399 548 3422 non
566 3389 753 3424 invenitur
771 3389 854 3435 quis
876 3389 1070 3425 necessario
1092 3389 1209 3426 deter-

261 3438 419 3472 minatus
436 3438 475 3473 sit
492 3439 666 3474 mediator
681 3439 744 3473 tali
756 3439 787 3473 in
804 3437 1059 3475 distributione
1074 3451 1210 3488 paupe-

260 3487 360 3523 ribus
378 3487 537 3524 facienda
554 3513 563 3523 .
591 3489 693 3525 Dicit
720 3499 813 3524 unus
845 3490 983 3526 Doftor
996 3516 1009 3532 ,
1036 3489 1210 3528 adhiben-

260 3537 419 3572 damefse
432 3551 576 3583 operam
594 3538 819 3581 ‹Jonfeffari‚
847 3551 907 3575 aut
935 3540 1107 3582 alterius,
1133 3541 1210 3580 de,

251 3585 370 3633 >cujus
382 3587 552 3624 fidelitate
571 3600 642 3625 non
660 3589 847 3626 dubitatur
863 3616 874 3628 .

359 3637 517 3675 Videtur
531 3638 615 3675 mibi
628 3665 639 3681 ‚
666 3639 796 3676 debere
809 3653 871 3688 per
883 3640 1035 3689 seipsum
1049 3642 1210 3684 detinen-

257 3697 330 3723 tem
348 3689 506 3725 alienum
531 3701 679 3735 erogare
693 3693 914 3740 pauperibus
934 3692 1152 3737 aequivalens
1173 3697 1209 3734 in

255 3738 341 3773 casu
359 3764 368 3773 .
390 3742 488 3776 Nam
505 3740 567 3775 etii
585 3742 656 3776 alio
673 3741 871 3779 mediatore
887 3753 1048 3779 uteretur
1061 3769 1072 3786 ‚
1088 3745 1131 3781 de
1145 3759 1211 3784 cu·

253 3785 316 3833 jus
342 3788 530 3877 figelitaffil
545 3790 771 3840 praesumeret
788 3807 802 3836 ς
830 3793 860 3829 is
886 3805 1005 3831 tamen
1032 3795 1210 3834 mediator

394 3851 457 3876 om.
532 3867 540 3876 .

1279 208 1392 256 posset
1407 211 1541 259 fibiipfi
1553 212 1732 259 applicare
1748 241 1759 257 ,
1785 216 1840 252 vel
1855 218 1929 254 aliis
1942 219 2061 259 usibus
2079 251 2086 263 ,
2104 236 2214 267 quam
2244 232 2448 270 4.dist.t5.arte

1278 258 1446 299 deberet.
1474 264 1580 301 Vnde
1594 263 1657 299 ubi
1674 265 1732 301 lex
1744 265 1862 305 divina
1877 295 1888 310 ,
1907 271 1970 306 -vel
2009 273 2214 309 ecclefiasti.
2248 281 2276 301 r·
2301 281 2331 309 q·
2353 283 2382 305 4·
2405 276 2447 301 Ad

1278 320 1319 344 ca
1334 310 1520 357 personam
1534 326 1604 351 non
1617 314 1704 359 ligat
1720 343 1732 358 ‚
1759 313 1935 362 sequenda
1948 323 1995 358 est
2009 325 2099 359 ratio
2110 336 2215 359 natu-
2238 308 2434 373 papatuum·

1278 362 1363 396 ralis
1378 388 1386 397 .
1414 365 1502 400 Haec
1514 371 1631 401 autem
1641 365 1756 401 ‘distat
1765 367 1930 411 magistet
1950 371 2096 418 persona
2112 386 2214 421 ,quae
2244 356 2446 415 ἕξῗιὲπξεηξᾟίιε

1278 410 1462 450 restituere
1477 426 1644 458 tenetur,
1672 427 1794 461 eroget
1808 422 2021 466 pauperibus
2051 436 2110 469 per
2130 424 2209 471 scip
2247 422 2298 451 effe
2321 426 2446 466 rapiendi

1279 458 1349 496 sam
1365 489 1375 504 ‚
1402 476 1509 510 quam
1536 478 1598 513 per
1623 467 1726 502 aliam
1752 494 1761 508 ‚
1787 468 1869 504 licet
1895 482 1963 507 non
1990 474 2215 511 excludendo
2245 463 2409 527 Ρὲἓὲρεῗὼυς

1278 512 1463 597 ἓοηίέἰίυω
1489 517 1634 553 alterius
1655 517 1742 553 boni
1769 517 1858 563 viri,
1884 514 1942 555 sed
1970 519 2088 569 potius
2103 516 2215 560 {riclu-
2245 509 2446 571 grdionriiiizgffi

1307 573 1348 598 en
1377 575 1399 598 O
1411 592 1418 600 .
2244 576 2281 602 est
2294 584 2345 613 pau
2368 586 2446 607 erum

1378 615 1437 652 Ad
1462 629 1693 663 argumenta.
1724 617 1786 655 Ad
1807 620 1961 666 primum
1995 622 2185 659 dicendum
2203 650 2216 666 ‚
2246 586 2365 652 F’fflf·P

1278 661 1373 698 haud
1387 665 1452 703 effe
1467 666 1617 713 majores
1639 669 1798 716 sumptus
1811 671 1994 707 faciendos
2019 674 2051 708 in
2067 672 2220 709 trasmit-

1279 713 1388 748 tendo
1399 718 1497 763 quod
1511 719 1731 756 reddendum
1746 721 1810 763 est,
1827 732 1867 755 ac
1881 722 1919 756 {it
1933 724 2035 758 valor
2048 727 2095 760 rei
2108 724 2219 759 trans·

1280 762 1386 800 miffae
1406 780 1427 808 3⁷
1447 771 1516 804 imo
1530 772 1649 815 potius
1663 770 1731 806 esse
1741 770 1991 818 expeetzmdam
2003 774 2219 821 praesenviam

1277 812 1434 860 personae
1453 846 1464 862 ‚
1492 821 1549 855 cui
1568 820 1724 857 facienda
1738 821 1788 857 est
1804 821 1984 858 restitutio
1999 851 2007 864 ‚
2022 824 2042 858 fi
2058 824 2221 871 quando-

1275 876 1346 910 que
1361 865 1518 914 speretur
1533 871 1725 907 adventura
1744 899 1755 906 .
1783 872 1895 919 Qod
1911 873 1932 908 si
1962 875 2057 909 nulla
2086 877 2123 910 iit
2143 873 2221 920 spes

1276 914 1452 955 adventus
1465 919 1546 965 ejus
1562 948 1574 962 ,
1601 932 1687 957 tunc
1707 921 1968 958 restitutionem
1987 922 2062 960 fieri
2093 924 2221 960 debere

1273 969 1481 1012 parentibus
1494 968 1516 1004 fi
1529 971 1642 1007 adsint
1656 985 1668 1013 3
1683 971 1727 1006 'in
1742 972 1870 1008 horum
1888 973 2027 1009 defeEtu
2041 1001 2050 1015 ‚
2065 975 2220 1010 dandum

1274 1014 1342 1051 effe
1366 1021 1581 1067 pauperibus
1597 1048 1608 1063 ,
1636 1022 1731 1067 quod
1757 1023 1902 1058 domino
1932 1024 2084 1061 debetur
2101 1050 2113 1061 .
2132 1024 2224 1060 Vni-

1275 1067 1400 1103 verfim
1419 1072 1513 1107 enim
1530 1071 1711 1117 erogando
1727 1072 1988 1122 eleemosynam
2007 1087 2071 1114 nro
2085 1076 2222 1121 aliquo,

1274 1115 1380 1153 datur
1398 1122 1428 1155 ei
1444 1121 1580 1158 bonum
1602 1122 1783 1168 spirituale
1804 1137 1814 1163 3
1841 1136 1918 1168 quo
1933 1126 1966 1159 in
1997 1126 2090 1160 saEto
2104 1126 2223 1160 reddi-

1274 1177 1333 1217 tur
1347 1169 1401 1218 illi
1412 1172 1511 1217 quod
1530 1173 1612 1220 possi
1620 1174 1684 1221 bile
1697 1172 1745 1208 est
1764 1173 1860 1209 reddi
1876 1200 1888 1216 ,
1903 1175 1936 1209 in
1949 1174 2092 1212 defef'tu
2106 1174 2223 1210 reddi-

1273 1218 1384 1254 tionis
1396 1220 1607 1270 temporalis
1626 1249 1635 1260 .

1371 1272 1431 1309 Ad
1447 1272 1638 1311 secundum
1652 1274 1733 1310 dico
1748 1273 1793 1310 iic
1808 1285 1817 1308 t
1835 1274 1857 1309 fi
1874 1274 2020 1322 persona
2038 1286 2223 1322 praeoccu-

1270 1331 1358 1366 pans
1372 1332 1445 1358 rem
1462 1325 1613 1360 alienam
1631 1326 1671 1361 s1t
1690 1327 1842 1360 multum
1866 1327 2054 1361 necessaria
2083 1326 2223 1372 Reipu-

1271 1371 1371 1406 blicae
1384 1400 1394 1414 ‚
1424 1385 1533 1422 atque
1547 1377 1581 1410 in
1599 1375 1694 1411 arfia
1710 1375 1911 1410 versaretur
1930 1377 2156 1416 neceffitate3
2185 1377 2220 1413 ἃ

1270 1422 1403 1468 pariter
1419 1425 1569 1467 persona
1583 1426 1640 1461 illa
1660 1451 1670 1466 ,
1704 1426 1761 1459 cui
1775 1425 1931 1460 facienda
1966 1427 2014 1462 est
2043 1425 2222 1462 restitutio

1270 1472 1434 1517 profe-&o
1446 1487 1698 1521 argumentum
1716 1477 1833 1522 aliqua
1843 1489 1881 1510 m·
1903 1477 2116 1522 praeseferret
2146 1478 2222 1511 evi-

1269 1521 1424 1559 dentiam
1440 1553 1448 1566 ,
1466 1537 1506 1561 ut
1520 1527 1655 1562 dietum
1670 1525 1737 1561 fuit
1752 1525 1852 1572 supra
1870 1527 1903 1559 in
1920 1527 2096 1563 solutione
2111 1551 2121 1562 .
2137 1526 2224 1560 Coe·

1269 1582 1385 1609 terum
1399 1575 1420 1610 fi
1436 1576 1567 1622 injuste
1582 1577 1745 1611 detinens
1758 1576 1797 1620 iit
1815 1575 1962 1622 persona
1987 1579 2220 1624 plurimum..

1268 1623 1490 1670 Reipublicae
1517 1626 1704 1663 necessaria
1722 1653 1732 1668 ,
1760 1637 1870 1672 atque
1887 1627 1986 1673 qnod
2002 1628 2137 1663 detinet
2152 1639 2221 1663 non

1268 1673 1460 1712 aestimetur
1473 1678 1492 1713 si
1506 1679 1540 1714 bi
1559 1677 1762 1722 {impliciter
1776 1677 2002 1713 necessarium
2017 1704 2027 1719 ‚
2057 1676 2113 1713 sed
2144 1689 2222 1713 tan-

1267 1735 1345 1760 tum
1359 1728 1445 1773 quia
1459 1727 1612 1763 deservit
1626 1727 1886 1775 manuteniioni
1913 1727 2020 1763 status
2036 1726 2088 1762 sui
2106 1740 2166 1773 per
2181 1728 2222 1762 il-

1267 1774 1388 1813 lustris
1405 1803 1413 1812 .
1442 1777 1538 1814 Dico
1551 1804 1561 1819 ‚
1590 1777 1730 1813 nemini*
1749 1775 1851 1812 licere
1869 1777 1998 1814 statum
2031 1777 2222 1814 solemnem

1267 1835 1389 1864 tenere
1408 1827 1452 1864 de
1468 1829 1570 1865 bonis
1584 1827 1722 1866 alienis;
1737 1839 1798 1861 nec
1814 1837 1951 1863 tantum
1972 1827 2117 1876 prodest
2137 1829 2221 1865 Rei.

1266 1877 1422 1924 publicae
1437 1878 1547 1916 status
1562 1877 1657 1914 istius
1681 1876 1865 1912 sublimior
1880 1904 1892 1920 ,
1920 1891 2029 1926 quem
2047 1889 2145 1914 tenet
2161 1893 2224 1925 per
2251 1874 2330 1928 30¹¹?
2352 1873 2452 1938 guspuf

1267 1937 1339 1963 non
1354 1926 1627 1965 restitutionem
1645 1929 1690 1964 rei
1707 1928 1829 1963 alienae
1842 1954 1852 1969 ,
1881 1941 2056 1975 quantum
2073 1930 2168 1965 valet
2188 1931 2220 1966 8<
2254 1912 2329 1978 {31²2}
2351 1917 2455 1977 f[.‡,¹.'”‚'2f

1267 1975 1414 2026 prodest
1432 1978 1584 2017 fidelitas
1597 1977 1675 2025 ejus
1690 2004 1699 2018 ‚
1728 1979 1759 2014 8<
1775 1976 1911 2023 justitia
1932 1980 2136 2016 communis
2154 2006 2163 2015 .
2257 1988 2357 2017 ‹it-'me
2435 1992 2441 2014 1

1366 2026 1428 2063 Ad
1454 2029 1605 2067 tertium
1636 2038 1730 2074 patet
1763 2041 1807 2064 ex
1835 2028 1936 2064 difiis
1948 2044 1951 2045 ⁷
1964 2030 2222 2068 restitutionem
2258 2028 2355 2080 iustftff‘
2376 2038 2416 2054 Τ
2431 2038 2444 2052 “’“

1266 2087 1341 2111 non
1354 2075 1420 2113 effe
1446 2079 1644 2117 faciendam
1674 2077 1758 2113 dum
1775 2089 1922 2121 vergere
1955 2078 2224 2125 praeviderurin
2260 2076 2349 2093 ‘'¹³⁴¹'‘
2366 2084 2374 2093 ⁶

1267 2124 1438 2211 datarium
1454 2130 1534 2177 ejus
1550 2155 1563 2171 ‚
1590 2129 1650 2164 cui
1663 2127 1701 2163 fit
1713 2154 1724 2170 ,
1741 2140 1802 2165 aut
1823 2129 1897 2165 fore
1914 2130 2119 2166 damnosam
2140 2133 2224 2169 Rei-

1269 2186 1320 2223 pu
1364 2186 1426 2214 tcae
1443 2204 1454 2215 .

1426 2247 1940 2316 ART1⁵CVLVS
2001 2280 2071 2318 v1.

1365 2377 1506 2414 Vtrum
1519 2387 1684 2415 teneatur
1697 2377 1833 2426 semper
1850 2378 2032 2418 restituere
2048 2384 2108 2421 ille
2123 2411 2138 2431 ,,

1629 2430 1693 2476 qui
1719 2430 1881 2477 accepit.

1386 2527 1576 2576 Espondeo
1586 2542 1633 2566 ex
1647 2531 1801 2567 articulo
1818 2530 2031 2577 praecedenti
2049 2536 2136 2574 §.si
2145 2544 2225 2583 per-

1359 2631 1380 2668 s
1399 2582 1547 2640 gonterii·
1574 2579 1783 2629 accipienda
1812 2580 1877 2619 esh
1890 2577 2022 2619 solutio
2044 2585 2228 2633 praesentis

1275 2644 1356 2679 quae
1371 2642 1415 2667 iti
1432 2655 1443 2666 .

1415 2730 1927 2770 ARTICVLVS
1981 2733 2068 2772 Vn.

1402 2836 1541 2872 Vtrum
1569 2835 1652 2877 iili,
1686 2834 1835 2880 quinon
1863 2845 2104 2881 acceperunt,

1541 2894 1740 2922 teneantur
1756 2884 1941 2921 restituere
1957 2914 1967 2924 .

1429 2984 1942 3025 ART1CULUS
1997 2986 2106 3026 Vni.

1278 3082 1413 3122 Vtrum
1426 3088 1510 3135 quis
1520 3097 1686 3124 teneatur
1702 3087 1822 3122 statim
1841 3087 2030 3125 restituere
2044 3115 2054 3131 ‚
2079 3102 2122 3125 an
2143 3103 2229 3129 vero

1481 3138 1586 3185 poffir
1599 3138 1867 3174 restitutionem
1883 3139 2021 3176 differre
2036 3169 2046 3178 .

1404 3235 1597 3276 iSduobus
1613 3236 1771 3286 qurrsuis
1789 3238 1996 3287 responsum
2023 3241 2070 3276 est
2096 3219 2229 3289 supi-:L

1350 3341 1356 3347 ¹
1412 3290 1563 3328 articulo
1588 3287 1778 3341 secundo-a
1791 3292 2001 3341 §.vitque
2026 3293 2146 3332 eadem
2177 3293 2231 3330 efl

1280 3347 1397 3376 ratu.

1428 3837 1476 3885 R
1509 3853 1531 3884 r
1566 3854 1587 3885 r
1993 3840 2164 3904 09AE-
