2663 4083
409 211 470 243 22
788 236 792 239 .
925 198 1107 244 Summae
1135 193 1324 265 Joannis
1355 197 1484 245 Duns
1518 199 1665 250 scoti,

333 262 392 299 illa
409 262 552 299 essentIa
567 277 580 305 ;
611 262 669 299 ille
684 261 832 300 effeetus
846 263 980 301 dicitur
992 263 1070 311 ejus
1087 264 1274 302 beatitudo

334 313 545 354 formaliter,
561 314 632 349 five
648 312 890 356 essentialiter3
909 314 944 350 8(
967 315 1034 352 esse
1061 327 1131 352 non
1159 313 1274 363 potest

331 364 577 414 principaliter
593 367 626 401 in
642 363 781 401 essentia
800 376 840 400 ut
854 378 873 400 a
902 367 1063 414 potentia
1090 365 1277 412 distingui.

332 418 497 463 tur‚quia
515 427 600 452 tunc
615 413 698 451 esset
712 415 812 451 αξξυς
826 416 975 462 primus:
991 415 1047 452 sed
1063 428 1125 464 per
1137 416 1276 452 nullum

331 469 487 519 primum
499 467 616 503 aetum
631 479 649 501 a
660 464 818 501 secundo
832 465 1035 503 distinctum
1052 465 1164 514 potest
1177 477 1276 501 crea·

332 533 413 556 tura
436 516 638 555 immediate
661 517 837 561 attingere
862 516 1043 553 effentiam
1068 517 1274 553 divinam...

331 569 581 606 Confirmatur
596 594 609 609 ‚
622 564 709 602 nihil
722 566 866 614 proprie
881 579 1042 604 mutatur
1051 567 1124 604 nost
1139 577 1275 603 novum

331 619 470 667 aliquid
483 619 546 655 sibi
562 617 758 654 formaliter
771 616 939 655 inhaereat
954 631 967 660 ς
993 621 1119 656 beatus
1133 618 1230 654 aliter
1243 615 1277 652 se

332 673 440 708 habet
454 680 550 704 nunc
565 693 578 712 ,
599 680 640 703 ac
651 669 750 715 prius
766 694 777 709 ,
801 678 915 714 quum
934 671 1062 705 beatus
1087 681 1158 704 non
1187 677 1275 703 erat:

329 721 473 760 essentia
487 731 604 756 eutem
619 718 741 754 divina
756 730 818 765 per
831 730 1088 766 quemcunque
1115 715 1276 764 illapsum

330 784 404 808 non
417 770 465 807 est
482 769 596 806 forma
608 767 687 815 ejus
704 782 715 810 ;
747 771 846 815 Ergo
857 781 1000 816 oportet
1026 769 1162 817 aliquid
1177 766 1274 803 aliud

330 819 533 864 sibiinesse,
556 832 632 868 quo
645 819 842 856 formaliter
859 818 1059 857 fitbeatus.

430 871 570 908 Deinde
586 899 597 915 ,
624 871 687 907 llle
698 868 842 918 illapsus
859 869 908 906 est
921 872 1017 920 prior
1042 880 1170 906 natura
1183 880 1274 917 qua-

327 933 474 970 cunque
487 922 702 970 ‚operatione
717 946 729 962 ‚
755 931 842 956 cum
862 919 902 956 sit
927 932 1033 967 penes
1056 919 1175 957 aetum
1200 920 1273 967 pri-

327 985 427 1009 mum
447 985 458 1013 3
486 985 573 1019 ergo
582 971 716 1019 absque
727 969 1012 1007 contradietione
1025 971 1092 1008 esse
1106 969 1219 1019 posset
1231 970 1272 1005 fi-

328 1036 372 1059 ne
385 1026 597 1069 operatione
612 1051 622 1064 ‚
649 1023 681 1058 8<
698 1031 759 1068 per
770 1020 992 1068 consequens
1008 1033 1078 1059 non
1105 1032 1272 1069 operans,

325 1073 384 1109 sed
399 1074 429 1110 se
443 1073 577 1111 habens
591 1085 629 1110 ut
646 1072 827 1108 dormiens
842 1099 853 1113 ,
866 1071 978 1119 posset
991 1072 1058 1108 effe
1071 1073 1272 1120 principali-

324 1136 380 1163 ter
398 1127 522 1161 beatus
537 1152 545 1167 ,
571 1123 671 1171 quod
686 1119 878 1158 absurdum
894 1133 1036 1170 reputat
1059 1122 1271 1161 Aristoteles

1354 264 1422 302 Ista
1435 269 1527 303 ratio
1550 273 1725 318 probatur
1739 282 1787 308 ex
1803 271 1939 309 ratione
1950 277 2140 323 primitatis
2168 294 2176 316 ι
2207 285 2294 328 quia

1348 320 1506 364 primum
1518 322 1563 357 ad
1579 322 1714 369 aliquid
1727 323 1775 358 est
1790 348 1803 367 ‚
1829 335 1903 369 quo
1914 328 2183 375 circumscripto
2205 332 2292 369 nihil

1354 366 1402 402 est
1415 369 1484 403 tale
1497 371 1540 405 ad
1553 373 1664 411 aliud;
1674 374 1840 419 quolibet
1854 384 1973 412 autem
1989 381 2058 414 alio
2072 381 2294 419 circumscri-

1353 429 1416 475 pto
1443 419 1558 466 ipsum
1583 422 1708 459 eodem
1724 426 1832 460 modo
1847 422 1878 458 se
1889 425 2036 465 haberet
2051 432 2093 466 ad
2112 433 2225 474 illud,-
2255 437 2290 473 δε

1352 478 1508 515 primum
1523 472 1727 520 {impliciter
1741 501 1752 517 ,
1771 475 1820 511 est
1835 475 2062 523 principalius
2075 482 2294 529 simpliciter.

1452 520 1510 556 Ad
1527 535 1736 570 argumenta
1763 551 1775 562 .
1802 525 1861 564 Ad
1877 529 2029 572 primum
2043 532 2126 568 dico
2143 560 2155 576 ‚
2177 537 2294 580 majo-

1353 580 1424 627 reni
1439 570 1533 628 posse
1547 575 1694 611 concedi
1714 603 1723 617 ‚
1753 577 1863 613 modo
1875 578 2095 625 intelligatur
2116 584 2160 620 de
2177 578 2293 631 perfe-

1350 618 1591 666 eubilibus&
1610 624 1890 673 perfectionibus
1901 628 2059 674 ejusdem
2073 633 2221 674 ordinis:
2237 643 2293 677 uti

1351 668 1411 728 est·
1427 669 1510 708 falsa
1552 679 1793 723 comparando
1819 679 2042 720 perfeetibile
2071 685 2291 729 perfessione

1349 731 1458 779 unius
1471 724 1607 761 ordinis
1619 728 1658 763 :id
1676 729 1897 771 perfeffibile
1913 731 2132 778 perfeetione
2148 737 2292 779 alterius

1351 770 1484 829 ordinis
1500 788 1511 810 ε
1540 777 1776 821 ρει-ΐεεὶίοηεε
1787 793 1908 817 autern
1922 783 2068 818 alterius
2080 796 2188 830 atque
2203 792 2291 829 alte-

1350 832 1424 857 rius
1437 825 1570 862 ordinis
1595 829 1785 868 suntae‘tus
1800 835 1938 880 primus
1952 860 1963 876 ,
1990 834 2021 872 8(
2041 832 2143 869 aetus
2167 836 2291 879 secun-

1349 871 1418 907 dus
1440 887 1449 909 ε
1473 888 1585 922 quare
1596 893 1642 917 ex
1652 885 1808 927 acceptis
1820 883 1916 918 aliud
1931 896 2001 919 non
2016 883 2180 930 sequitur
2193 915 2205 932 ,
2226 893 2286 929 nisi

1348 924 1600 970 perfee'tioncm
1618 960 1629 975 ,
1642 945 1724 980 quae
1736 935 1783 970 est
1799 934 1952 971 essentiae
1968 945 2007 970 ut
2018 934 2120 971 astus
2136 940 2290 986 primus,

1348 973 1416 1033 esse
1433 977 1592 1017 altiorem
1606 986 1660 1020 vel
1679 986 1923 1030 pei-festiorem
1941 998 2160 1033 quacunque
2173 992 2290 1037 perfe-

1349 1022 1479 1068 aione,
1492 1040 1572 1074 quae
1584 1035 1632 1070 est
1645 1035 1745 1072 aetus
1757 1036 1948 1072 secundus:
1967 1037 2160 1074 Beatitudo
2172 1053 2291 1081 autem

1347 1086 1418 1110 non
1433 1077 1481 1113 est
1494 1085 1703 1123 nobilissima
1721 1087 1894 1135 perfesiio
1906 1115 1918 1131 ,
1944 1087 2001 1124 sed
2017 1088 2223 1130 nobiliffima
2236 1096 2293 1132 in-

1348 1136 1400 1162 ter
1413 1128 1514 1165 afim
1528 1132 1702 1174 secundos
1719 1165 1726 1172 .

1447 1179 1529 1219 Alia
1541 1187 1740 1232 responsio,
1766 1191 1801 1228 8<
1819 1204 1900 1229 cum
1915 1194 2023 1238 priori
2043 1192 2139 1239 quasi
2157 1196 2293 1233 coinci-

2347 325 2421 363 Qiae
2434 326 2464 354 fit
2488 324 2561 354 ratio

2328 365 2474 402 primitatis
2526 362 2562 393 ad

2329 402 2423 432 aliud.

0 1180 18 1247 ἦ
330 1188 384 1213 12.
398 1176 536 1221 metaph
566 1184 640 1211 tex.
659 1185 743 1209 com.
760 1182 820 1217 51.

0 1226 19 1246 ”
426 1226 612 1268 Tandem,
641 1225 815 1260 Creatura
829 1221 878 1257 est
905 1224 1008 1260 beata
1038 1221 1269 1261 secundum..

324 1280 480 1324 aliquam
507 1277 777 1324 proportionem
791 1284 833 1308 eo
849 1273 956 1310 modo
970 1301 981 1317 ‚
1007 1287 1083 1322 quo
1110 1276 1209 1310 Deus
1220 1274 1269 1310 est

324 1330 463 1365 beatus:
477 1328 546 1364 Sed
560 1327 659 1361 Deus
671 1337 742 1360 non
754 1323 803 1360 est
817 1325 943 1360 beatus
954 1325 1097 1371 praecise
1108 1337 1170 1372 per
1183 1324 1267 1367 hoc,

1348 1228 1434 1264 dens
1457 1244 1469 1272 ε
1498 1236 1719 1282 Simpliciter
1735 1245 1903 1280 nobiliori
1917 1244 2135 1288 perfefflbili
2156 1247 2291 1285 corres-

1346 1280 1482 1340 ponfiet
1498 1292 1652 1327 nobilior
1665 1293 1836 1339 perfefflo
1853 1308 1864 1330 ι
1889 1295 2083 1337 Concede,
2108 1295 2142 1329 id
2160 1311 2288 1335 verum

1344 1330 1511 1372 esseineo
1537 1342 1660 1379 ordine
1675 1344 1936 1392 perfefflonum
1954 1373 1965 1388 ‚
1989 1358 2069 1394 quae
2098 1347 2289 1395 respiciunt

2345 1268 2389 1298 An
2415 1264 2562 1297 erfeffibili

2324 1306 2392 1338 nobi
2407 1306 2460 1335 iori
2471 1323 2483 1339 ‚
2504 1314 2561 1334 no-

2324 1346 2411 1376 bilior
2423 1343 2563 1384 perfectio

2323 1380 2541 1424 correspondeat
2549 1384 2564 1415 ἒ

2 1334 3 1338 ¹
53 1305 101 1340 per
113 1295 290 1332 operatione3

0 1263 20 1321 ι’.
51 1258 134 1286 Deus
144 1255 181 1284 est
193 1255 291 1290 beatus

2 1322 13 1360 l
52 1341 241 1363 immanentes
260 1357 270 1367 .

0 2428 7 2459 Ῑ
44 2435 137 2466 Prima
162 2434 278 2463 conclu-

42 2474 82 2503 fio
96 2483 106 2503 ε
125 2474 278 2503 Beatitudi·

42 2522 106 2542 nem
119 2522 176 2541 non
191 2512 276 2544 esse—,0

8 2582 11 2587 ι
42 2550 220 2589 principalius
250 2552 277 2578 in

43 2589 154 2617 essentia
169 2607 179 2622 ‚
193 2597 278 2617 etiam

41 2627 221 2656 concedendo
236 2628 277 2666 ip-

0 2675 1 2678 *
42 2665 62 2695 fi
76 2664 275 2704 corresponde-

0 2711 1 2723 1
41 2713 70 2732 re
84 2703 279 2741 peculiarem...

0 2741 11 2800 κ
41 2741 241 2782 perfefflonem
255 2763 265 2774 .

0 3146 8 3153 ¹*
57 3133 182 3164 Secunda
203 3143 272 3163 eon.

0 3204 8 3208 ff
37 3173 147 3206 clusio,
169 3173 271 3211 suppo-

0 3217 11 3243 'i
37 3210 276 3241 fitaindistinffio-

8 3263 10 3273 v
38 3260 74 3279 ne
105 3249 222 3278 essentiae
258 3260 274 3279 a

0 3315 2 3318 ,
38 3287 273 3328 potentia,beati-

151 3335 273 3364 tinnipa-

173 3365 200 3394 in
218 3375 273 3404 po-

38 3329 109 3356 tudo

39 3365 90 3393 lius
104 3374 127 3409 ⁸e

0 3413 12 3452 ⁸¹..
38 3411 148 3434 tentia.

322 1379 421 1426 quod
433 1378 482 1415 est
497 1379 591 1414 idem
609 1376 694 1418 sibi,
720 1373 776 1410 sed
790 1385 893 1420 prout
912 1377 961 1412 est
978 1377 1175 1422 intelligens
1191 1401 1200 1415 ‚
1229 1375 1264 1410 8(

323 1431 447 1465 volens
463 1428 497 1463 se
507 1438 681 1474 tanquam
696 1423 880 1470 objeaum
901 1438 913 1467 ς
939 1427 1100 1474 alioquin
1124 1426 1266 1467 exhoc,

320 1479 420 1526 quod
438 1480 486 1516 est
503 1481 629 1516 beatus
650 1512 655 1515 ,
685 1487 757 1510 non
771 1474 882 1523 poffet
895 1476 1014 1514 inferri
1027 1504 1039 1519 ,
1062 1474 1178 1523 ipsum
1195 1473 1264 1511 esse

319 1531 605 1575 intelligentem
629 1524 724 1563 Nam
741 1525 763 1560 si
788 1536 858 1560 non
884 1528 1032 1573 polleret
1063 1526 1262 1567 intelletffw,

321 1579 440 1615 adhuc
458 1581 546 1616 foret
562 1578 652 1614 idem
669 1576 729 1611 fibi
742 1602 753 1617 ,
780 1577 831 1611 uti
851 1576 939 1624 lapis
966 1577 1017 1614 est
1030 1577 1092 1612 fibi
1122 1576 1263 1612 idem-2.

317 1632 353 1668 Si
366 1642 452 1675 ergo
467 1627 656 1665 beatitudo
671 1626 795 1661 divina
821 1626 1061 1672 complefflve
1091 1637 1162 1660 non
1178 1636 1264 1660 con·

319 1680 403 1717 {istit
414 1681 447 1715 in
462 1680 650 1716 identitate
663 1674 913 1711 beatificabilis
923 1677 967 1710 ab
980 1673 1164 1719 objectum
1180 1674 1265 1710 bea-

319 1729 459 1765 tificum
475 1755 485 1771 ,
510 1739 573 1764 nec
586 1735 760 1762 creaturae
779 1721 965 1759 beatitudo
978 1723 1027 1760 est
1043 1723 1259 1761 statuenda,

319 1780 354 1815 in
367 1780 481 1825 aliqua
496 1779 643 1814 entitate
659 1803 668 1818 ‚
692 1774 748 1810 vel
761 1774 1002 1810 intranetitate
1017 1772 1153 1818 objeeu
1177 1775 1261 1810 bea-

317 1829 407 1866 tifici
424 1843 486 1876 per
499 1826 659 1874 illapsum
680 1836 691 1861 ε
710 1825 795 1870 quia
809 1823 831 1857 si
849 1823 1017 1860 libiultra
1033 1822 1258 1860 identitatem

315 1881 512 1927 requiritur
524 1878 684 1925 operatio
697 1900 708 1916 ,
732 1873 846 1910 multo
861 1876 973 1920 magis
985 1874 1044 1909 hic
1061 1873 1156 1909 ultra
1181 1875 1258 1909 illa·

316 1931 416 1980 psum
431 1929 480 1966 est
496 1926 684 1965 necessaria
706 1936 716 1959 τ
741 1923 916 1972 quicquid
929 1924 1073 1960 enimin
1096 1935 1258 1961 creatura

315 1992 512 2030 poneretur
524 1976 770 2026 principaliter
782 1975 969 2011 beatitudo
984 2002 996 2017 ,
1025 1973 1086 2010 cui
1112 1975 1146 2010 in
1178 1977 1258 2012 Deo

315 2030 452 2077 aliquid
463 2029 680 2066 eminentius
692 2025 998 2072 corresponderet,
1012 2024 1102 2060 soret
1119 2024 1151 2059 id
1163 2027 1259 2071 prin-

313 2082 479 2129 cipaliter
494 2077 695 2116 beatitudo:
713 2075 767 2111 isti
782 2086 900 2112 autem
916 2074 1054 2123 illapsui
1071 2101 1080 2116 ‚
1097 2086 1172 2121 quo
1184 2077 1259 2112 ani.

315 2145 369 2170 ma
391 2131 523 2167 dicitur
549 2128 647 2177 quasi
673 2125 820 2169 deifica,
849 2127 954 2171 longe
967 2129 1166 2163 eminenter
1177 2138 1258 2162 cor·

315 2180 502 2227 respondet
515 2179 687 2216 identitas
700 2177 789 2220 Dei,
817 2188 997 2225 perquam
1016 2175 1251 2213 nihilominus

313 2233 387 2279 ipse
400 2244 471 2267 non
488 2230 538 2267 est
550 2228 809 2275 principaliter,
826 2227 860 2262 8(
874 2228 1090 2273 completive
1117 2229 1257 2272 beatus,

313 2283 370 2319 sed
386 2284 499 2328 magis
513 2293 574 2330 per
587 2278 814 2328 operationes
828 2277 1028 2317 intelleffius
1040 2304 1053 2321 ‚
1078 2278 1112 2315 &
1127 2280 1257 2319 volun-

313 2337 422 2371 ratis.

414 2383 484 2421 Pro
500 2382 675 2419 solutione
684 2381 759 2419 esto
775 2382 928 2429 primum
943 2380 1096 2427 dissum,
1113 2385 1166 2421 Ex
1180 2382 1250 2432 hy-

312 2436 446 2482 pothesi
460 2434 559 2481 quod
575 2434 640 2469 alia
655 2433 694 2469 sit
706 2431 879 2479 perfec-lio
903 2431 1053 2469 essentiae
1065 2461 1076 2478 ,
1107 2435 1174 2471 alia
1190 2447 1256 2482 poa

314 2487 435 2522 tentiae
447 2513 456 2528 ,
485 2484 672 2522 beatitudo
698 2482 766 2519 esse
783 2495 853 2519 non
882 2482 996 2530 potest
1017 2486 1254 2533 principalius

314 2542 347 2575 in
364 2538 503 2573 essentia
519 2562 527 2570 .
548 2535 685 2571 Etenim
700 2534 785 2569 nihil
798 2533 976 2570 essentiam
993 2534 1194 2582 perficiens,
1212 2546 1251 2571 ut

315 2588 453 2626 essentia
469 2586 518 2623 est
541 2583 701 2621 distinete
724 2585 1022 2632 qualitercunque
1048 2586 1253 2634 apotentiis

313 2640 383 2676 suis
397 2667 406 2681 ‚
430 2637 542 2684 potest
555 2634 643 2676 esse,
671 2635 730 2670 nili
748 2635 848 2671 aestus
863 2636 1001 2682 primus
1019 2662 1030 2677 ,
1047 2636 1082 2671 8(
1103 2635 1253 2672 fortaffis

313 2692 432 2727 nullus
446 2689 591 2724 babitus
604 2685 637 2721 id
651 2684 814 2732 praestare
831 2687 946 2733 potest
974 2698 984 2721 :
1011 2686 1150 2723 Nullus
1165 2699 1253 2722 vcro

312 2742 412 2778 aetus
427 2777 429 2779 ,
444 2739 582 2786 primus
601 2763 609 2775 .
638 2737 691 2771 vel
721 2735 881 2781 spenans
904 2736 947 2771 ad
970 2735 1129 2773 ordinem
1150 2737 1253 2773 aetus

312 2792 440 2839 primi,
461 2787 510 2825 est
522 2786 765 2834 principaliter
782 2786 992 2826 beatitudo;
1019 2788 1093 2822 imo
1110 2798 1254 2823 contra.

310 2843 503 2880 diffitionem
519 2837 666 2875 includit
678 2835 744 2873 esse
762 2836 1022 2873 beatitudinem
1038 2836 1108 2873 sine
1129 2849 1254 2886 opera.

311 2893 447 2930 ratione
463 2917 472 2932 ,
486 2901 556 2925 non
574 2890 617 2925 sic
630 2899 748 2923 autem
765 2885 854 2923 stare
870 2885 990 2922 astum
1006 2889 1164 2935 primum
1181 2889 1251 2927 sine

308 2952 530 2992 quocunque
541 2938 620 2974 ac‘tu
640 2936 793 2973 secundo
807 2961 817 2971 .

411 2989 612 3028 Secundum
640 2985 803 3029 dietum,
825 2985 1035 3024 inhaerendo
1067 2987 1249 3026 sententiae

310 3043 496 3091 explicatae
531 3051 559 3075 t.
572 3046 607 3085 p.
625 3050 659 3085 q.
672 3047 732 3084 77.
756 3045 830 3072 art.
849 3048 877 3072 t.
894 3037 1049 3080 scilicet,
1070 3039 1251 3086 potentias

312 3107 348 3131 re
364 3094 408 3129 ab
424 3091 567 3127 essentia
582 3089 702 3123 animae
714 3099 784 3122 non
797 3086 982 3133 distingui,
994 3087 1155 3125 absolute
1170 3091 1251 3126 bea-

310 3142 436 3181 titudo
462 3139 692 3185 principalius
720 3136 816 3172 estin
834 3139 992 3184 potentia
1020 3167 1029 3175 .
1064 3138 1250 3178 probatio:

311 3199 406 3234 Nam
419 3190 559 3228 essentia
575 3200 645 3224 non
672 3188 843 3234 reciperet
871 3190 1128 3226 beatitudinem
1145 3217 1153 3231 ‚
1181 3193 1251 3227 cir-

311 3242 521 3288 cumscripta
537 3239 693 3287 potentia
708 3249 768 3284 per
783 3238 939 3285 possibile
955 3244 1010 3277 vel
1027 3242 1249 3289 impossibile:

312 3293 471 3341 potentii
503 3300 619 3325 autem
638 3315 647 3328 ,
677 3299 738 3334 per
752 3288 910 3335 possibile
938 3291 993 3326 vel
1008 3292 1250 3339 impossibile-0

309 3339 574 3386 circumscripta
587 3336 724 3373 effentia
739 3363 750 3378 ‚
780 3351 856 3374 eam
875 3341 1128 3386 perfefkionem
1161 3344 1252 3379 reci..

308 3404 408 3444 peret
425 3419 435 3435 ,
450 3393 543 3434 Ergo
555 3402 597 3425 eo
612 3388 718 3425 modo
731 3415 741 3429 ‚
753 3401 827 3434 (1110
839 3390 887 3426 est
905 3392 951 3426 ibi
967 3392 1135 3438 possibilis
1149 3396 1248 3441 prin·

308 3444 466 3491 cipalitas
481 3452 517 3475 re
533 3466 544 3482 ‚
561 3440 614 3475 vel
636 3438 795 3481 ratione,
823 3443 982 3486 potentia
1013 3445 1248 3493 principalius

310 3493 433 3535 recipit
452 3517 461 3531 ,
483 3489 515 3524 8(
534 3501 592 3533 per
609 3487 828 3534 consequens
841 3491 1027 3527 beatitudo
1043 3506 1119 3530 eam
1148 3499 1247 3544 prius

308 3541 445 3591 perficit
463 3552 474 3579 ;
505 3539 687 3574 beatitudo
701 3539 792 3574 enim
807 3539 840 3575 in
855 3545 1060 3588 operatione
1072 3547 1248 3591 consistit,

304 3592 412 3641 juxta
426 3588 519 3623 dieta
536 3599 604 3625 art.
617 3586 851 3635 praecedenti.

404 3641 516 3675 Porro
533 3640 621 3675 lllud
636 3643 766 3677 verm&
781 3640 922 3687 proprie
931 3641 1251 3697 diciturprincipa-

304 3693 371 3730 lius
405 3687 561 3734 respeffiu
591 3690 747 3735 A-quod
769 3703 988 3739 quocunque
1010 3696 1094 3738 aliu,
1117 3699 1174 3735 seu
1201 3703 1246 3738 de

304 3739 468 3789 possibili,
481 3737 538 3773 seu
552 3738 594 3773 de
609 3739 1111 3792 impoffibili,circuniseripto‚
1123 3749 1248 3789 codem

308 3790 416 3827 mot'o
442 3787 632 3824 sehabet-et
650 3788 694 3822 ad
709 3789 758 3824 A.
774 3791 864 3827 nihil
878 3804 996 3831 autem
1025 3797 1118 3832 aliud
1136 3827 1149 3846 ‚
1172 3801 1248 3847 ipso

308 3837 582 3887 circumscripto
598 3865 608 3881 ‚
636 3837 759 3877 eodem
787 3841 895 3879 modo
908 3841 940 3880 se
968 3845 1112 3886 haberet
1140 3851 1186 3887 ad
1198 3853 1245 3892 A.

1342 1381 1431 1441 stlat}
1447 1389 1667 1433 perfeffibile
1691 1408 1700 1430 ε
1724 1407 1760 1431 at
1777 1396 1966 1432 beatitudo
1981 1409 2051 1432 non
2077 1395 2218 1444 respicit
2236 1400 2292 1436 es-

1342 1431 1489 1474 sentiam
1505 1468 1513 1481 ,
1526 1452 1566 1477 ut
1577 1443 1722 1482 essentia
1735 1446 1784 1483 est
1798 1459 1863 1495 pro
1876 1449 1992 1492 primo
2005 1448 2234 1494 perfefflbili.
2251 1453 2290 1489 Si

1341 1492 1430 1521 vero
1442 1497 1659 1539 comparatio
1670 1497 1731 1532 fiat
1748 1499 1838 1534 inter
1853 1497 2012 1534 ordinem
2025 1498 2288 1545 perfeetionum

1342 1535 1385 1570 ad
1408 1541 1568 1578 ordinem
1593 1547 1870 1586 perseE'tibilium
1886 1575 1894 1585 ,
1923 1548 2195 1585 concedendum
2239 1552 2288 1588 est

1341 1588 1555 1633 perfeffibili
1577 1597 1781 1634 simpliciter
1805 1598 1972 1629 nobiliori
2011 1597 2290 1642 coi-respondere

1341 1639 1600 1681 perfec-*tionem
1635 1644 1842 1688 simpliciter
1874 1644 2086 1680 nobiliorem
2122 1647 2291 1685 intrinse-

1339 1695 1417 1722 cam
1428 1712 1441 1732 ‚
1469 1692 1523 1726 vel
1540 1691 1773 1730 extrinsecam
1790 1719 1800 1730 .
1815 1693 1884 1729 Sed
1901 1694 2083 1740 loquendo
2097 1696 2141 1733 de
2153 1699 2290 1735 extrin-

1338 1734 1417 1795 seca
1442 1739 1679 1780 determinate
1695 1772 1705 1787 ‚
1728 1756 1798 1780 non
1818 1754 1986 1790 oportere
2008 1747 2206 1785 concedere
2222 1773 2235 1791 ‚
2260 1750 2286 1787 st

1338 1787 1431 1846 ¹st.⁰d
1446 1789 1512 1825 sub
1524 1804 1561 1827 ea
1576 1795 1712 1831 ratione
1725 1821 1738 1841 ‚
1751 1805 1819 1830 r*ua
1837 1793 1885 1830 est
1901 1795 2149 1833 nobiliffimum
2167 1800 2289 1845 perfe-

1339 1837 1463 1875 &ibiie
1480 1868 1489 1882 ‚
1514 1854 1584 1878 non
1598 1844 1646 1880 est
1659 1857 1775 1891 capax
1790 1845 2019 1891 perfeetionis
2044 1848 2285 1893 accidentali33

1339 1887 1374 1929 8(
1393 1891 1439 1924 ira
1457 1891 1505 1927 est
1536 1893 1570 1928 ln
1588 1897 1794 1941 proposito,
1817 1897 1922 1932 etiam
1947 1898 2286 1945 comprehendendo

1337 1939 1593 1980 perfectionem
1624 1948 1874 1984 accidentalem
1893 1972 1902 1986 ,
1927 1959 2008 1991 quae
2045 1948 2094 1984 est
2122 1949 2285 1994 habitus;

1338 1988 1435 2028 Nam
1450 2006 1492 2028 ne
1504 1993 1579 2030 haec
1591 1997 1736 2041 quidem
1751 1996 1887 2043 pei-ficit
1903 1996 2083 2036 essentiam
2100 2027 2107 2037 ,
2122 2012 2163 2036 ut
2173 2001 2286 2039 essen-

1337 2043 1384 2076 tia
1403 2041 1452 2077 est
1468 2071 1473 2078 .
1490 2045 1523 2081 8(
1538 2047 1653 2081 multo
1668 2050 1787 2085 minus
1798 2047 1947 2096 proinde
1961 2047 2082 2093 perfici
2097 2051 2211 2096 potest
2226 2066 2284 2090 ac·

1338 2092 1508 2131 cidentali
1527 2096 1742 2136 nerfefflone
1757 2126 1765 2139 ,
1792 2111 1872 2139 quae
1887 2097 1936 2134 est
1950 2101 2112 2146 oper-:tio
2128 2127 2138 2138 .

1441 2146 1499 2183 Ad
1512 2145 1706 2184 secundum
1727 2148 1975 2194 respondentes
2006 2151 2100 2186 ultro
2113 2151 2284 2199 fatemur,

1339 2194 1540 2233 Potentiam
1560 2198 1682 2245 perfici
1699 2198 1795 2247 posse
1809 2201 1853 2235 ab
1868 2201 2076 2245 operatione
2092 2228 2101 2243 ‚
2129 2203 2151 2239 si
2171 2218 2234 2253 per
2249 2205 2284 2243 se

1336 2246 1406 2282 esse
1430 2259 1538 2295 queat
1550 2275 1559 2289 ‚
1573 2261 1643 2284 non
1662 2251 1711 2285 ita
1725 2249 1906 2286 essentiam
1921 2249 1991 2285 sine
2007 2255 2179 2290 potentia.
2194 2258 2283 2305 Qua

1336 2310 1481 2346 propter
1493 2298 1552 2335 etsi
1566 2311 1653 2340 areu
1661 2311 1820 2337 mentum
1834 2311 1960 2343 urgeat
1976 2299 2165 2340 sentientes
2180 2332 2190 2347 ‚
2216 2319 2284 2354 po-

1335 2351 1483 2386 tentiam
1497 2348 1563 2386 esse
1574 2350 1662 2395 qnid
1679 2352 1820 2389 realiter
1837 2352 1881 2389 ab
1892 2350 2031 2389 essentia
2054 2352 2282 2400 diffinitum

1335 2412 1403 2437 nos
1416 2412 1535 2439 tamen
1552 2406 1771 2442 contrarium
1788 2417 1911 2442 verum
1941 2403 2186 2442 existimamus
2201 2433 2212 2448 ‚
2240 2420 2282 2444 ut

1335 2453 1407 2488 late
1424 2454 1544 2489 extitit
1558 2453 1795 2499 declaratum,
1813 2465 1885 2503 up.
1902 2464 2000 2500 477.
2015 2464 2088 2492 art.
2100 2459 2226 2503 primo,
2238 2457 2287 2496 ὅθ’

1337 2502 1532 2550 sequentib.
1554 2505 1608 2541 lbi
1621 2506 1712 2541 enim
1728 2506 1862 2542 dielum
1877 2505 1926 2541 est
1945 2534 1950 2543 ,
1969 2503 2060 2541 idem
2075 2518 2109 2541 re
2134 2506 2196 2540 snb
2211 2520 2284 2543 una.

1330 2544 1473 2592 'ratione
1484 2553 1664 2592 essentiam
1677 2556 1867 2602 effe-,eique
1879 2556 1914 2591 iii
1928 2555 2068 2591 existet·
2088 2554 2285 2607 perfeaio.

1335 2616 1398 2642 nes
1415 2632 1423 2646 ‚
1450 2617 1531 2650 quse
1545 2605 1624 2642 sunt
1642 2606 1743 2644 ειᾶυε
1757 2607 1880 2650 primi,
1905 2607 1939 2642 8(
1968 2605 2110 2641 subatia
2143 2611 2284 2646 ratione

1335 2657 1533 2704 potentiam
1551 2655 1623 2691 dici
1643 2685 1652 2699 ‚
1677 2669 1829 2704 eamque
1842 2656 2012 2702 consequi
2031 2657 2286 2703 perfeetiones,

1333 2719 1417 2752 quae
1429 2705 1507 2742 sunt
1521 2706 1620 2743 anus
1633 2707 1797 2748 secundi;
1813 2718 1923 2752 atque
1936 2707 2024 2742 tales
2038 2708 2194 2742 rationes
2210 2721 2283 2745 non

1334 2756 1403 2795 esse
1415 2756 1555 2801 praecise
1566 2758 1726 2794 causatas
1747 2769 1810 2802 per
1824 2757 1943 2793 εξὶιιητ
1973 2756 2177 2792 ἰηῐεΙΙεξὶιις
2190 2784 2203 2804 ,
2227 2758 2286 2795 sed

1335 2809 1447 2854 magis
1459 2808 1677 2844 intellec-'tum
1691 2807 1814 2856 reipsa
1826 2819 1885 2844 eas
1901 2808 2161 2854 conceptibiles
2186 2810 2288 2845 inve·

1337 2860 1413 2895 nite
1438 2870 1484 2894 ex
1498 2868 1625 2894 natura
1637 2860 1686 2894 rei
1705 2885 1719 2898 .

1436 2907 1495 2947 Ad
1512 2910 1658 2946 tertium
1676 2911 1875 2960 respondeo
1889 2938 1898 2951 ‚
1911 2909 2065 2948 Nullum
2083 2907 2149 2945 esse
2162 2911 2286 2947 incon-

1336 2959 1489 2997 veniens
1500 2960 1697 2995 concedere
1718 2990 1728 3006 ,
1750 2973 1912 2998 naturam
1926 2959 2204 2995 intelleE’tualem
2221 2972 2286 3008 per

1337 3009 1502 3046 accidens
1513 3010 1712 3046 beatificari
1731 3041 1739 3055 ,
1753 3011 1839 3048 idest
1854 3038 1863 3050 ,
1889 3023 1961 3046 non
1979 3012 2092 3058 primo
2104 3009 2195 3052 ‚sive
2212 3023 2283 3048 non

1338 3059 1544 3097 immediate
1567 3073 1578 3101 ;
1603 3061 1711 3108 idque
1736 3061 1921 3109 loquendo
1936 3061 1980 3097 de
1993 3061 2167 3107 primitate
2181 3086 2191 3099 ,
2212 3062 2286 3099 sive

1339 3110 1605 3147 immediatione
1635 3124 1696 3158 per
1709 3116 1882 3150 rationem
1910 3137 1919 3147 .
1949 3110 2208 3146 inconveniens
2228 3123 2287 3147 ta-

1338 3174 1420 3198 men
1446 3160 1527 3197 esset
1554 3160 1678 3198 sentire
1693 3190 1701 3204 ‚
1728 3162 1924 3200 beatificari
1939 3171 2000 3206 pet
2013 3159 2178 3196 accidens
2195 3188 2206 3203 ‚
2233 3162 2286 3197 lo·

1340 3211 1489 3259 quendo
1502 3211 1545 3247 de
1560 3212 1746 3250 accidente
1758 3214 1842 3250 reali
1857 3213 1979 3257 aliquo
1993 3209 2183 3246 mediante.

1437 3262 1575 3297 Contra
1594 3263 1656 3299 has
1671 3263 1936 3311 responsiones:
1951 3263 2037 3296 Non
2051 3260 2170 3298 minus
2182 3261 2287 3296 nobi-

1334 3314 1376 3349 lis
1389 3311 1438 3347 est
1453 3313 1543 3347 ratio
1555 3340 1566 3355 ,
1593 3312 1786 3350 secundum
1801 3324 1909 3360 quam
1925 3309 2026 3345 Deus
2037 3309 2086 3346 est
2098 3311 2286 3353 beat1182²0

1336 3363 1393 3398 illa
1409 3361 1604 3398 secundum
1621 3376 1730 3410 quam
1746 3366 1852 3400 beat:
1873 3361 1985 3406 Atqui
1999 3359 2063 3395 sub
2078 3362 2215 3397 tatione
2233 3360 2288 3396 es-

1335 3412 1455 3448 sentiae
1472 3411 1554 3447 facit
1568 3415 1719 3458 animas,
1737 3416 1769 3450 8(
1784 3412 1943 3453 Angelos
1955 3412 2096 3452 beatos;
2112 3413 2206 3457 Ergo
2218 3410 2287 3448 sub

1336 3463 1433 3499 nulla
1462 3463 1599 3497 ratione
1626 3466 1746 3500 minus
1761 3463 1872 3500 nobili
1887 3460 2114 3497 beatificatur
2140 3475 2150 3498 ε
2178 3463 2287 3499 Ratio

1336 3511 1507 3561 potentiae
1518 3511 1568 3548 est
1582 3515 1698 3551 minus
1712 3514 1844 3550 nobilis
1857 3538 1868 3547 .

1437 3560 1651 3606 Respondeo
1667 3591 1678 3606 ,
1717 3562 1899 3612 loquendo
1923 3561 1965 3597 dc
1987 3562 2124 3597 ratione
2149 3561 2284 3598 funda-

1333 3612 1531 3654 mentali,&
1546 3611 1702 3656 formali,
1715 3613 1906 3650 secundum
1917 3623 2027 3657 quam
2042 3611 2286 3656 beatificatur,

1334 3662 1463 3708 utique
1483 3663 1539 3697 illa
1556 3674 1625 3698 non
1651 3664 1698 3700 est
1714 3665 1830 3700 minus
1843 3663 1973 3698 nobilis
1990 3663 2126 3697 ratione
2154 3661 2283 3699 funda.

1331 3712 1542 3753 mentali‚&
1561 3711 1708 3756 formali,
1732 3712 1925 3749 secundum
1953 3723 2060 3758 quam
2085 3711 2284 3751 beatifican·

1332 3763 1384 3800 At
1401 3761 1422 3796 si
1437 3759 1548 3796 sermo
1564 3761 1623 3797 siat
1634 3763 1677 3799 de
1692 3765 1831 3799 ratione
1845 3762 1985 3798 formali
1999 3762 2161 3810 proxima
2178 3788 2191 3804 ‚
2219 3776 2283 3810 pe·

1333 3821 1395 3845 nes
1424 3822 1532 3855 quam
1563 3813 1810 3854 beatificatur,
1839 3811 1872 3847 8(
1889 3811 2024 3849 formali
2051 3810 2282 3849 seeundum,

1329 3870 1442 3908 quam
1454 3860 1736 3913 beatificat,quae
1746 3861 1854 3912 juxta
1869 3863 2009 3911 aliquos
2023 3862 2072 3900 est
2086 3862 2284 3950 ragobveti,

2194 3924 2235 3949 o-
