2628 4011
476 136 495 168 1
507 134 535 179 7
547 139 574 169 2

400 188 517 225 ciatur
534 189 576 224 ad
593 188 954 226 reaeostendendum
970 190 980 226 .“

502 237 673 275 Praeterea
692 267 701 280 ,
729 241 909 277 Voluntas
926 253 1007 278 cum
1039 241 1161 289 suapte
1183 255 1340 281 natura„

399 287 509 324 libera
524 288 562 327 sn
583 317 593 332 ,
620 289 831 328 sufficienter
843 294 935 328 valet
948 291 981 328 se
993 293 1228 330 determinare
1245 306 1340 333 3non

399 339 452 376 est
466 352 552 386 ergo
569 341 688 386 indiga
703 341 1129 381 alteriusdeterminantis
1147 370 1157 384 ‚
1185 354 1224 378 ut
1240 343 1342 380 habi-

399 401 461 426 tus
476 388 655 435 alicujus-
671 395 862 439 Amplius:
877 395 918 430 Si
945 396 1104 441 potentia
1129 393 1202 428 haec
1230 395 1339 431 libere

400 441 473 487 agit
492 453 503 479 ;
531 452 706 488 repugnat
720 444 831 488 igitur
844 445 907 480 fibi
923 445 963 479 ad
977 444 1154 490 agendum
1173 444 1340 480 determi-

400 493 551 537 nariper
565 493 709 528 modum
727 506 862 531 nawrrae
881 525 886 535 ,
906 507 1014 541 quem
1042 494 1187 530 modum
1211 495 1244 529 3(
1267 507 1338 530 non

398 543 508 578 alium
525 541 629 578 habet
647 545 763 579 virtus
782 559 792 585 3
820 547 926 581 modo
943 546 1052 589 igitur
1067 545 1193 590 agendi
1209 546 1339 583 volun-

398 596 487 631 tatis
501 592 547 627 est
565 594 853 641 incompoffibilis
869 597 1014 633 habitus
1031 596 1174 631 virtutis
1188 620 1198 631 .

504 643 674 680 Praeterea
690 671 700 687 ‚
728 646 802 681 Ubi
821 648 898 683 sunt
912 657 1067 685 extrema
1087 647 1158 688 ‚ibi
1176 646 1214 679 sit
1231 655 1340 691 opor-

403 704 454 730 tet
467 695 500 730 8(
516 692 671 729 medium
693 707 704 735 3
727 708 813 740 ergo
826 699 861 732 in
873 710 948 744 quo
962 696 1040 732 sunt
1054 695 1223 741 pastiones
1234 706 1340 729 exce-

400 743 526 780 dentes
541 769 551 784 ,
576 743 624 778 ibi
643 744 826 783 statuenda
843 747 892 783 est
910 750 941 784 8<
956 748 1072 784 virtus
1089 773 1097 784 ,
1122 757 1201 793 quae
1215 744 1262 780 est
1281 756 1340 778 ea·

399 793 548 831 rundem
566 794 757 834 paffionum
777 798 994 835 moderatrix
1009 824 1018 833 .
1035 795 1206 833 Paffiones
1219 806 1338 829 autern

399 844 513 892 ipsum
534 842 693 880 afficiunt
708 846 916 886 senfitivum
938 849 1162 899 appetitum,
1186 855 1258 880 non
1280 857 1341 881 ve-

394 909 436 934 ro
451 898 671 934 voluntatem
687 925 697 935 .

501 950 673 983 Praeterea
693 977 702 992 ,
716 951 752 987 Si
765 952 798 986 in
813 954 999 989 voluntate
1011 953 1126 987 virtus
1138 946 1205 983 effe
1217 943 1340 994 poffet,

401 996 546 1032 indufta
561 1010 622 1043 per
638 999 739 1036 anus
753 1001 832 1045 eius
850 1005 1030 1041 moraliter
1046 999 1158 1037 reaos
1176 1025 1186 1040 ‚
1200 999 1233 1033 8(
1253 997 1339 1033 alios

399 1049 445 1082 ab
459 1047 596 1084 affibus
611 1048 763 1088 senfitivi
777 1056 959 1100 appetitus
978 1068 990 1095 3
1019 1062 1106 1096 ergo
1134 1049 1254 1085 eadem
1284 1059 1339 1083 ra-

399 1099 497 1133 tione
513 1098 674 1144 Angelus
691 1114 838 1150 propter
863 1103 975 1141 retias
1001 1101 1192 1137 volitiones
1214 1100 1340 1145 accim·

402 1159 480 1183 rere
496 1148 608 1195 poffet
621 1146 757 1189 virtues
785 1156 958 1195 morales3
987 1151 1208 1197 consequens
1237 1150 1339 1185 vide-

400 1207 462 1233 tur
486 1199 762 1245 inconveniens,
790 1206 823 1241 8<
845 1216 966 1240 contra
992 1201 1248 1248 Philosophum
1282 1212 1336 1239 10·

398 1248 526 1285 Ethic.
538 1258 609 1292 cap.
634 1263 687 1289 ιο.
700 1265 887 1299 negantem
902 1267 960 1291 eas
974 1255 1127 1291 virtutes
1141 1264 1176 1288 in
1201 1253 1337 1289 intelli-

393 1300 528 1346 gentiis
541 1300 706 1347 separatis
719 1307 886 1350 reperiri·

497 1348 670 1388 Praeterea
686 1379 695 1394 ‚
719 1355 755 1392 Si
769 1357 886 1392 virtus
902 1355 1045 1391 moralis
1059 1352 1142 1390 esset
1158 1354 1193 1389 in
1204 1355 1336 1390 volun-

398 1409 474 1435 tate
490 1425 498 1439 ‚
528 1400 599 1445 ipsa
618 1403 771 1440 nobilior
783 1404 864 1442 effer
880 1417 988 1453 quam
1004 1405 1194 1450 prudentia
1210 1433 1218 1440 .
1236 1408 1334 1444 Nam

392 1450 582 1486 nobilioris
597 1453 824 1494 perfefflbins
843 1456 995 1490 nobilior
1006 1455 1053 1489 est
1067 1454 1238 1501 perfeaio
1249 1466 1337 1490 con-

393 1497 544 1545 sequens
562 1501 610 1538 est
623 1514 747 1540 contra
764 1503 1044 1554 Philosophum,
1060 1505 1333 1553 6.Ethic.cap.6.

388 1549 505 1597 igitur
522 1552 554 1586 8(
571 1554 782 1590 antecedens
799 1581 809 1590 .

493 1599 664 1636 Praeterea
680 1629 691 1644 ,
720 1606 902 1640 Voluntas
913 1602 1126 1639 sufficienter
1153 1605 1334 1652 perficitur

391 1649 593 1685 virtutibus
605 1650 870 1699 Theologicis3
897 1664 985 1697 ergo
998 1652 1177 1699 superflue
1195 1657 1228 1689 in
1259 1654 1332 1699 ipsa

389 1697 627 1735 adstruuntur
645 1702 795 1739 virtures
807 1705 959 1738 morales
976 1728 985 1737 .
1001 1705 1092 1740 Sunt
1117 1707 1230 1751 igitur
1259 1704 1332 1741 issae

388 1746 425 1783 in
443 1747 612 1785 senfitivo
627 1754 793 1798 appetitu
809 1755 979 1797 ponenda:
993 1778 1003 1788 .

490 1799 631 1835 Contra
660 1827 670 1840 ‚
703 1802 832 1838 Virtus
860 1801 909 1836 est
944 1803 1087 1839 habitus
1121 1803 1289 1841 elerii-vus
1315 1816 1326 1839 t

383 1844 444 1883 Sic
460 1849 550 1882 enirn
565 1850 737 1886 diffinirur
750 1879 760 1894 ,
774 1864 808 1887 2.
830 1851 946 1887 Ethic.
958 1863 1034 1902 cap.
1049 1853 1085 1888 6.
1108 1854 1244 1890 Elefflo
1267 1867 1329 1888 au·

385 1907 456 1933 tem
471 1896 521 1933 est
537 1900 636 1934 aetus
656 1903 853 1938 voluntatis
882 1905 935 1938 vel
959 1904 1105 1940 rationis
1123 1930 1132 1945 ‚
1163 1904 1196 1940 6.
1209 1903 1328 1943 8thoe

383 1957 461 1996 cap.
480 1958 508 1987 ξ.
533 1949 586 1984 [3st
599 1952 691 1987 enim
705 1954 888 1998 appetitus
903 1953 1149 1989 consiliativus
1162 1981 1174 1995 ,
1197 1965 1235 1989 ut
1256 1956 1328 1990 ibi-

383 1999 463 2035 dem
476 1997 630 2038 habetur
648 2028 657 2037 .
673 2004 760 2038 Haec
776 2015 860 2039 vero
885 2003 1065 2039 manifeste
1091 2003 1134 2039 ad
1161 2005 1326 2041 volunta-

386 2059 458 2085 tem
479 2052 657 2093 pertinent
672 2078 682 2093 ,
710 2065 789 2101 quae
800 2064 970 2099 operatur
991 2055 1121 2100 praevia
1146 2056 1325 2099 cognitio-

383 2112 427 2136 ne
443 2101 589 2135 rationis
606 2128 613 2135 .
627 2102 722 2136 Cum
739 2104 847 2149 igitur
873 2104 1015 2140 babitus
1038 2105 1133 2140 illius
1158 2106 1325 2152 potentiae

382 2150 443 2193 fit,
469 2148 576 2194 cujus
595 2150 644 2186 est
664 2154 768 2196 pern·
782 2155 947 2198 operatio
963 2181 973 2196 ,
999 2155 1042 2189 ad
1066 2167 1174 2201 quam
1205 2153 1324 2201 sequi-

379 2210 440 2236 tur
455 2228 466 2243 ‚
494 2201 656 2245 profeSlo
673 2201 819 2238 habitus
834 2205 979 2240 moralis
995 2204 1043 2240 est
1060 2218 1120 2251 per
1139 2205 1173 2240 se
1197 2206 1323 2241 volun.

380 2253 464 2287 tatis
482 2275 490 2282 -
510 2251 664 2286 Rursum
676 2279 687 2293 ,
719 2252 844 2288 Virtus
855 2254 962 2290 habet
980 2267 1113 2302 proper
1127 2255 1160 2292 se
1175 2254 1323 2300 objefio

377 2303 513 2338 bonum
529 2300 712 2337 honestum
729 2313 765 2338 :t
791 2304 822 2338 le
839 2305 970 2340 bonum
988 2305 1056 2340 sola
1087 2307 1233 2352 attingit
1261 2317 1322 2340 vo-

379 2355 499 2386 luntas
517 2376 527 2390 ,
556 2352 588 2386 8(
609 2353 703 2387 nulla
720 2354 771 2387 vis
785 2353 946 2390 sensitiva
960 2381 971 2395 ,
997 2357 1030 2391 8(
1044 2359 1322 2404 naturalis3ergo

376 2403 498 2439 nullus
513 2399 658 2438 habitus
674 2403 736 2437 sub
754 2403 893 2438 formali
906 2406 1040 2441 ratione
1058 2408 1201 2442 virtutis
1221 2407 1320 2443 effa,

373 2451 486 2500 potest
504 2452 535 2485 in
553 2451 720 2489 senfitivo
731 2456 894 2500 appetitu
911 2480 920 2489 .

480 2500 694 2543 Responde-o
706 2530 716 2545 ,
740 2505 982 2549 Quorundam
999 2506 1047 2542 est
1060 2507 1119 2542 hic
1147 2505 1319 2543 sententia

374 2552 481 2588 talis:
499 2552 685 2598 Qioniam
703 2566 764 2598 per
779 2553 944 2591 habitum
960 2556 1140 2604 perficitur
1157 2559 1319 2604 porentia

379 2603 422 2637 ad
436 2602 612 2646 agendum
632 2629 641 2643 ‚
678 2604 842 2650 profefilo
855 2616 941 2642 tunc
957 2608 1091 2655 eiopus
1105 2607 1152 2644 est
1178 2608 1319 2651 habitu,

376 2663 460 2687 cum
475 2653 626 2697 propriae
644 2655 737 2690 vires
755 2654 838 2690 satis
864 2669 934 2692 non
958 2657 1039 2693 sunt
1068 2658 1112 2693 ad
1129 2658 1318 2704 objeetum

374 2701 623 2745 attingendum
639 2727 648 2737 .
667 2703 762 2740 Cum
775 2717 894 2743 autem
910 2708 1094 2754 objefiium
1117 2710 1318 2747 voluntatis

373 2751 414 2787 sit
443 2752 578 2786 bonum
605 2754 752 2789 rationis
780 2758 959 2794 voluntati
991 2760 1318 2806 proportionatum,

375 2799 537 2848 respeetu
554 2800 635 2846 ejus
650 2814 718 2838 non
738 2805 874 2851 indiget
894 2811 1056 2845 voluntas
1073 2810 1199 2845 habitu
1214 2809 1320 2858 perfi-

371 2852 490 2886 ciente
509 2876 518 2884 .
536 2853 585 2888 At
605 2852 627 2887 sl
645 2854 742 2899 quod
761 2856 892 2892 bonum
908 2859 1087 2896 immineat
1100 2860 1239 2897 homini
1253 2873 1320 2898 vo-

372 2901 515 2936 lendum
535 2927 546 2942 ,
564 2904 716 2938 volentis
734 2905 841 2951 ipfius
855 2911 1031 2945 excedens
1046 2914 1319 2958 proportionem

373 2951 446 2986 slve
463 2951 583 2997 quoad
597 2963 711 2988 totam
733 2953 884 3001 speciem
911 2959 1099 2996 humanam
1118 2988 1128 3002 ‚
1155 2962 1255 2998 ficuti
1269 2962 1319 2999 0st

373 3002 510 3036 bonum
527 3002 688 3038 divinum
709 3031 717 3043 ,
744 3005 814 3041 five
828 3019 1003 3055 quantum
1017 3013 1058 3044 ad
1076 3012 1318 3054 individuum,

372 3051 460 3086 sicut
476 3052 612 3088 bonum
627 3054 811 3101 proximi,
843 3058 887 3092 fic
904 3062 1072 3096 voluntas
1089 3062 1220 3108 indiget
1246 3063 1320 3097 vir·

374 3111 478 3141 tute;
512 3103 545 3138 8<
569 3103 650 3137 ideo
681 3106 834 3142 virtutes
862 3120 942 3154 quae
966 3111 1128 3146 ordinant
1150 3110 1317 3148 affeetum

370 3150 526 3187 hominis
540 3154 574 3188 in
595 3156 710 3189 Deum
727 3182 736 3195 ‚
765 3158 819 3192 vel
835 3159 868 3193 in
885 3162 1092 3206 proximum
1109 3161 1240 3197 suntin
1255 3175 1318 3196 vo·

370 3202 507 3256 luntate
526 3203 611 3238 ficut
629 3204 662 3238 in
681 3205 841 3253 subjeeto
855 3231 867 3251 ‚
894 3221 931 3246 ut
955 3211 1110 3248 charitas
1126 3239 1138 3256 ‚
1164 3211 1317 3258 justitia,

370 3251 404 3286 8<
425 3251 599 3297 ejusmodi
613 3279 626 3293 ,

476 3305 554 3339 NOS
581 3304 735 3341 dicimus
767 3333 777 3349 ‚
801 3306 894 3346 hanc
919 3312 1126 3359 opinionem
1150 3325 1221 3349 non
1252 3313 1320 3349 effe

386 3352 624 3397 probandam,
641 3355 713 3390 imo
726 3358 881 3397 virtutes
897 3363 1044 3398 morales
1062 3366 1095 3399 in
1112 3362 1318 3399 universum

361 3402 396 3438 in
412 3403 650 3445 voluntate,ut
665 3406 698 3438 in
718 3411 861 3454 proprio
873 3411 1110 3457 subjeetoeffe
1126 3414 1321 3457 ponendas,

379 3457 461 3490 Hoc
488 3456 580 3489 enim
608 3455 766 3492 docuisse
794 3460 975 3499 invenitur
1002 3462 1240 3513 Philosophus
1254 3492 1262 3504 ‚
1289 3476 1319 3500 ι.

382 3504 488 3541 Polit.
505 3516 582 3548 cap.
605 3518 635 3540 r.
655 3507 822 3556 Qecqffe
846 3513 902 3548 efl
917 3539 928 3555 ‚
965 3513 1132 3559 inquiens
1152 3543 1161 3556 ‚
1185 3517 1321 3562 prinsi-

377 3562 525 3601 pantem
542 3554 670 3591 hahere
694 3562 870 3597 virtutem
884 3590 892 3603 ,
913 3573 953 3598 ut
976 3566 1064 3600 reffe
1084 3568 1319 3614 principem,

368 3605 412 3641 ὼ
427 3607 719 3652 principaliorem
735 3621 839 3655 (stram
850 3613 998 3659 insere-o
1016 3642 1024 3656 ,
1047 3627 1086 3652 ut
1099 3618 1188 3652 reHe
1202 3615 1318 3663 subji-

371 3656 492 3689 cicitur
506 3683 514 3696 ,
529 3657 638 3703 idque
659 3660 812 3705 applicat
826 3665 867 3697 ad
893 3677 1026 3710 partem
1055 3666 1268 3713 superiorem
1283 3669 1316 3704 8(

370 3705 404 3739 in
415 3705 577 3741 seriorem
597 3710 629 3743 in
656 3712 769 3746 anima
786 3739 794 3746 .
815 3714 898 3750 Pars
923 3727 1040 3752 autem
1075 3718 1319 3755 miella-&iras

369 3754 441 3798 est,
466 3758 523 3790 cui
541 3756 728 3805 subjicitur
756 3764 785 3799 S-
803 3766 922 3801 obcdit
945 3767 1104 3804 sensitiva
1125 3781 1137 3809 3
1164 3781 1250 3816 crgo
1267 3771 1318 3806 illi

1079 124 1260 174 Summae
1287 124 1464 174 Ioannis
1504 131 1634 177 Dum·
1664 128 1780 179 Scoti

1426 195 1502 231 sunt
1517 200 1628 243 magis
1642 198 1837 234 neceffar⁷ae
1852 197 2006 236 virtutes
2020 226 2032 243 ,
2060 213 2169 249 quam
2183 204 2273 250 parti
2288 203 2364 241 sen-

1427 247 1536 283 fitivae
1554 271 1563 281 .
1579 249 1716 284 Deinde
1729 275 1740 291 ,
1760 249 1882 295 opinio
1896 250 1968 286 haec
2003 253 2165 288 concedit
2187 253 2361 299 justitiam

1422 297 1490 334 essc-
1506 299 1540 333 in
1555 299 1740 335 voluntate
1759 313 1770 339 3
1797 311 1882 347 ergo
1894 304 2132 348 quantumvis
2147 303 2364 341 determina-

1422 358 1457 384 ta
1469 350 1513 385 ad
1526 350 1659 384 bonum
1673 349 1928 396 apprehensum
1941 378 1951 393 ‚
1971 351 2043 398 ipsa
2077 353 2125 390 est
2148 366 2262 401 capax
2288 356 2362 390 vir-

1421 399 1512 435 tutis
1523 400 1692 435 moralis:
1714 401 1871 451 alioquin
1888 403 1922 437 in
1951 401 2024 450 ipsa
2049 415 2118 439 non
2146 405 2362 452 reperiretur

1418 447 1555 495 justitia
1583 462 1594 490 ;
1638 450 1749 496 igitur
1769 454 1925 488 rationes
1941 454 2164 500 opinantium
2176 481 2186 496 ,
2224 455 2362 502 quibus

1420 500 1563 547 perinde
1573 500 1780 536 excluditur
1793 515 1810 537 a
1829 502 2012 538 voluntate
2027 501 2163 549 justitia
2179 532 2190 547 ,
2206 516 2246 539 ac
2260 516 2363 540 caete-

1419 562 1465 586 1·ae
1482 550 1631 584 morales
1641 552 1795 589 virtutes
1812 551 2128 590 nihileoncludunt
2144 585 2152 594 .
2178 555 2245 590 Vel
2263 555 2283 588 fi
2298 567 2362 589 va-

1418 601 1490 636 lere
1504 600 1725 636 arbitrantur
1737 625 1750 645 ‚
1771 602 1960 638 dicendum
1979 603 2027 639 est
2042 615 2107 640 cur
2119 617 2190 641 non
2210 606 2358 641 com-lu·

1418 650 1505 685 dant
1521 648 1688 686 adversus
1702 651 1848 697 justitiae
1860 654 2030 689 virvutem
2048 679 2058 690 .
2091 698 2093 700 q

1450 738 1453 740 ‚
1518 699 1618 750 Qa
1634 711 1722 738 vero
1736 702 1789 737 isti
1803 704 2002 739 rationibus
2028 716 2093 750 pro
2120 717 2219 753 parte
2246 718 2357 752 nega-

1417 750 1490 784 tiva
1504 750 1620 786 relatis
1647 778 1658 794 ‚
1685 753 1898 800 potiffimum
1915 754 2081 789 nituntur
2106 780 2117 796 ,
2149 768 2256 803 opere
2272 769 2354 805 pre-

1418 800 1509 834 tium
1528 800 1693 838 ducimus
1705 804 1860 851 primum
1874 806 2000 850 quanti
2017 804 2079 839 sint
2096 804 2263 841 faciendae
2277 820 2354 855 per-

1412 849 1567 897 pendere
1580 876 1590 885 .
1606 854 1646 888 Et
1662 857 1809 900 primam
1825 854 1972 902 quidem
1987 855 2201 891 infleffimus
2220 857 2264 891 ad
2290 870 2355 905 op-

1417 900 1567 947 positum
1594 902 1856 940 fic:voluntas
1878 904 1926 941 est
1956 904 2228 942 indeterminata
2253 919 2352 945 nom,

1417 960 1556 987 tantum
1572 952 1615 987 ad
1631 956 1792 1000 oppoflta
1806 983 1817 998 ,
1843 955 1897 992 sed
1911 955 2017 991 etiam
2033 956 2067 990 in
2085 955 2193 991 modo
2208 958 2350 1002 agendi,

1415 1013 1494 1037 nam
1509 1003 1621 1049 potest
1641 1004 1736 1041 reste
1750 1031 1761 1048 ,
1787 1008 1820 1042 8(
1834 1019 1903 1042 non
1918 1006 2011 1042 ιἐξὶε
2022 1019 2126 1052 agere
2145 1032 2155 1047 ,
2179 1008 2229 1044 est
2241 1010 2352 1054 igitur

1415 1050 1583 1099 fibiopus
1601 1056 1724 1103 aliquo
1739 1056 1969 1093 determinate
1986 1057 2174 1093 inclinante
2189 1058 2232 1093 ad
2259 1059 2353 1096 reae

1415 1103 1593 1148 agendum
1612 1132 1622 1147 ,
1646 1106 1783 1142 &illud
1802 1109 1847 1142 ita
1864 1107 2034 1143 inclinans
2049 1108 2163 1143 virtus
2178 1108 2239 1143 est.
2255 1112 2352 1146 Nam

1411 1166 1597 1202 propterea
1611 1155 1814 1193 statuuntur
1829 1160 1980 1194 virtutes
1999 1159 2032 1192 in
2059 1159 2226 1203 potentiis
2238 1185 2248 1200 ,
2262 1171 2354 1205 qua·

1413 1217 1515 1242 tenus
1532 1218 1612 1254 quae
1625 1207 1666 1242 de
1679 1205 1709 1242 se
1725 1209 1842 1243 valent
1870 1208 1963 1244 reete
1991 1210 2024 1244 8(
2054 1208 2152 1244 secus
2175 1210 2272 1246 exire
2287 1211 2354 1247 iri-0

1412 1268 1506 1303 opus
1522 1284 1532 1299 ,
1555 1258 1762 1303 regulentur
1781 1270 1843 1304 per
1857 1260 2008 1294 virtutes
2029 1283 2038 1293 .
2069 1260 2349 1296 Prob.anteced.

1414 1308 1596 1343 Voluntas
1609 1307 1722 1355 potest
1737 1310 1826 1344 velle
1841 1309 1904 1344 fibi
1929 1309 2174 1356 quodcunque
2199 1312 2352 1353 bonum,

1411 1358 1445 1393 in
1465 1370 1540 1404 quo
1553 1359 1749 1395 ostenditur
1767 1360 1856 1394 ratio
1874 1361 1925 1395 lui
1941 1361 2044 1406 primi
2058 1359 2192 1407 objceti
2209 1386 2218 1395 .
2245 1362 2283 1395 ln
2299 1360 2352 1396 di.

1406 1407 1676 1454 ligendoautem
1692 1410 1725 1445 8(
1741 1408 1894 1444 volendo
1913 1411 1994 1444 talia
2019 1412 2108 1446 bona
2135 1410 2248 1456 potest
2277 1423 2351 1446 non

1409 1459 1504 1495 rthe
1519 1461 1614 1495 velle
1626 1459 1773 1505 diligere
1798 1484 1807 1493 .
1833 1462 1915 1496 Nec
1941 1460 2102 1507 profeGm
2127 1461 2252 1495 sufficit
2275 1459 2347 1506 (ut

1409 1506 1511 1552 ajunt
1529 1513 1545 1554 )
1566 1511 1736 1544 rationem
1755 1509 1846 1545 reeie
1861 1508 2046 1545 ostendere
2064 1512 2196 1546 bonum
2228 1509 2348 1557 prose-

1407 1560 1616 1605 quendum,
1647 1569 1709 1594 aut
1729 1558 1938 1603 fugiendum
1956 1586 1966 1601 ,
1991 1571 2031 1594 ac
2056 1571 2243 1607 propterea
2275 1572 2347 1595 non

1407 1606 1633 1645 voluntatem
1663 1632 1676 1651 ,
1716 1607 1772 1644 sed
1797 1609 1966 1644 rationem
1994 1611 2129 1645 virtute
2170 1610 2345 1656 indigere.

1404 1661 1513 1701 Hoc,
1538 1661 1684 1706 inquam
1698 1685 1708 1699 ,
1736 1670 1807 1693 non
1822 1658 1948 1695 sufficit
1968 1671 2070 1695 :nam
2089 1672 2174 1696 tunc
2201 1671 2350 1708 oporte·

1406 1721 1457 1745 ret
1471 1711 1568 1756 prius
1582 1711 1755 1745 rationem
1774 1719 1890 1745 errare
1907 1710 1940 1743 in
1967 1708 2188 1745 ostendendo
2201 1737 2213 1752 ‚
2236 1722 2346 1756 quarn

1403 1762 1626 1796 voluntatem
1643 1759 1732 1795 male
1745 1759 1869 1803 eligere
1885 1783 1893 1798 ,
1924 1759 1958 1793 8<
1973 1760 2018 1793 ita
2049 1771 2129 1795 ante
2154 1762 2346 1804 primum„

1403 1811 1602 1845 voluntatis
1619 1819 1804 1855 peccatum
1819 1809 2030 1854 praecederet
2047 1821 2144 1844 error
2159 1812 2192 1846 in
2207 1810 2345 1845 intelle-

1402 1859 1462 1895 ξὶι]
1481 1887 1491 1902 ,
1512 1860 1611 1900 Quod
1625 1858 1674 1894 est
1690 1858 1931 1894 irrationabile
1948 1872 1959 1899 ς
1985 1859 2145 1906 alioquin
2163 1871 2264 1908 poena
2289 1861 2342 1895 in-

1399 1910 1493 1946 flicqa
1510 1911 1649 1955 culpam
1666 1909 1880 1956 praecederet
1909 1935 1918 1944 .

1503 1959 1643 1996 Deinde
1658 1985 1668 2000 ‚
1695 1958 1756 1994 etsi
1784 1958 1952 1995 voluntas
1982 1957 2197 1996 sufficienter
2224 1959 2341 1993 deter-

1390 2010 1527 2056 ‚minari
1555 2019 1663 2056 queat
1687 2022 1749 2056 per
1769 2009 1987 2045 intellec-ium
2018 2008 2061 2043 ad
2089 2010 2182 2046 rthe
2204 2009 2341 2053 eligen-

1399 2060 1484 2095 dum
1506 2074 1516 2100 ;
1538 2072 1609 2095 non
1625 2070 1743 2095 tamen
1770 2072 1814 2097 ex
1839 2071 1882 2095 eo
1905 2060 2063 2107 sequitur
2079 2086 2093 2102 ‚
2116 2060 2213 2096 haud
2238 2058 2338 2105 gigni

1397 2110 1563 2147 habiturn
1579 2111 1689 2145 inea:
1705 2109 1890 2156 Siquidem
1913 2109 2113 2146 intellefflus
2140 2111 2253 2157 magis
2277 2107 2339 2143 de-

1397 2162 1609 2197 terminatus
1623 2159 1665 2194 ad
1683 2157 1774 2196 r'efte
1791 2159 2024 2206 judicandum
2041 2186 2052 2200 ‚
2075 2171 2184 2209 capax
2201 2160 2248 2195 est
2273 2158 2338 2192 ba·

1397 2213 1495 2248 bitus
1512 2211 1707 2258 prudentiae
1722 2213 1860 2256 genitus
1873 2224 1916 2248 ex
1944 2211 2048 2247 reffis
2073 2209 2167 2248 dieta
2176 2211 2334 2246 minibus

1397 2263 1506 2306 insius
1520 2287 1529 2296 .
1545 2263 1640 2301 Cum
1655 2273 1741 2306 ergo
1757 2262 1924 2298 voluntas
1938 2274 1982 2296 ex
2003 2259 2036 2295 se
2063 2272 2134 2298 non
2156 2262 2195 2297 sit
2222 2261 2334 2306 magis

1395 2313 1627 2348 determinata
1649 2312 1692 2345 ad
1718 2324 1831 2348 unum
1848 2340 1858 2356 ‚
1881 2324 1990 2361 quam
2015 2311 2214 2348 §melleetus
2231 2337 2242 2353 ,
2268 2321 2333 2355 po-

1394 2365 1459 2400 test
1475 2363 1508 2396 in
1523 2361 1593 2409 ipsa
1609 2373 1655 2397 ex
1673 2361 1879 2400 freouenter
1892 2362 2016 2400 elicitis
2046 2363 2182 2400 aetibus
2200 2388 2209 2403 ,
2235 2361 2334 2407 gigni

1394 2413 1559 2460 quaedarn
1572 2412 1739 2451 habilitas
1752 2415 1791 2448 ad
1805 2413 1931 2450 similes
1946 2412 2046 2448 aftus
2059 2414 2231 2449 inclinans
2245 2434 2258 2453 ‚
2279 2421 2332 2445 at-

1394 2477 1466 2512 que
1480 2476 1556 2499 eam
1573 2464 1710 2511 appello
1722 2465 1896 2500 virtutem
1919 2488 1930 2498 .
1955 2465 2122 2512 Denique
2144 2490 2156 2505 ,
2180 2461 2332 2497 habitus

1394 2527 1465 2552 non
1481 2524 1618 2549 tantum
1632 2526 1814 2561 ponuntur
1836 2516 1870 2550 in
1896 2515 2069 2561 potentiis
2088 2542 2098 2557 ,
2121 2524 2163 2550 ut
2183 2524 2245 2560 per
2267 2523 2330 2549 eos

1395 2566 1563 2614 potentia:
1577 2575 1678 2609 agar-r
1701 2565 1818 2609 re&e‚
1845 2565 1903 2601 sed
1922 2577 1959 2600 ut
1989 2564 2270 2606 delefhxbiliter,
2294 2564 2329 2599 8(

1394 2626 1557 2663 prompte
1573 2626 1679 2661 agant
1698 2643 1706 2652 .
1721 2618 1763 2652 Et
1778 2617 1924 2663 quidem
1944 2615 2036 2650 reete
2053 2613 2166 2663 potest
2194 2626 2332 2661 agera,

1393 2667 1477 2714 quis
1492 2665 1560 2700 line
1575 2665 1701 2703 habitu
1720 2668 1863 2713 proprie
1890 2666 2065 2711 acquisito
2084 2694 2094 2708 ,
2119 2666 2205 2701 sicut
2233 2675 2331 2713 patet

1393 2719 1428 2752 in
1447 2715 1578 2752 vitioso
1591 2717 1772 2753 recensad
1790 2719 1917 2752 bonam
1936 2718 2073 2764 frugem
2086 2716 2331 2758 redeunte,cui

1393 2767 1415 2802 fi
1429 2768 1523 2801 ratio
1537 2767 1629 2802 rec-ta
1646 2767 1755 2803 dietet
1775 2767 1908 2815 aliquid
1922 2767 2125 2815 oppolitum
2141 2768 2231 2802 vitio
2244 2777 2332 2801 con-

1393 2816 1495 2852 sueto
1508 2815 1573 2852 effe
1588 2817 1795 2862 eligendum
1809 2844 1820 2860 ‚
1840 2817 1901 2853 etsi
1916 2818 1949 2853 id
1977 2829 2177 2865 exequatur
2191 2841 2202 2857 ,
2231 2827 2331 2851 non„

1391 2878 1510 2903 tamen
1525 2865 1780 2903 delthabiliter
1795 2882 1804 2905 ε
1822 2880 1892 2905 non
1908 2869 2001 2904 enirn
2018 2868 2131 2904 statim
2156 2868 2190 2902 in
2215 2867 2331 2913 primo

1390 2916 1473 2953 aftu
1484 2929 1680 2965 corruptus
1694 2918 1742 2954 est
1754 2918 1898 2955 habitus
1911 2917 2062 2954 vinosus
2080 2946 2090 2961 ‚
2113 2919 2184 2953 imo
2207 2918 2260 2952 vel
2278 2916 2333 2952 ni·

1391 2968 1442 3003 hil
1456 2994 1466 3009 ,
1493 2969 1547 3003 vel
1563 2967 1745 3005 modicum
1765 2967 1923 3006 remissus
1943 2981 1955 3009 ;
1975 2971 2152 3004 intantum
2171 2979 2210 3002 ut
2236 2967 2332 3004 delev

1393 3017 1521 3054 &abile
1534 3019 1594 3053 sibi
1610 3018 1698 3053 foret
1719 3020 1850 3068 eligere
1864 3018 1968 3065 juxta
1982 3019 2243 3055 inclinationem
2267 3017 2331 3052 ha*

1393 3070 1488 3105 bitus
1506 3069 1618 3103 vitiosi
1638 3082 1648 3110 3
1673 3070 1784 3114 igitur
1798 3069 1922 3106 adhoc
1939 3096 1949 3109 ‚
1974 3080 2014 3105 ut
2037 3071 2203 3105 voluntas
2236 3067 2331 3101 dele-

1392 3119 1566 3154 effabiliter
1583 3120 1816 3163 ampleetamr
1833 3147 1844 3162 ,
1872 3131 1911 3154 ac
1936 3118 2104 3167 sequatur
2125 3119 2224 3165 quod
2253 3118 2330 3153 fue-

1393 3172 1436 3206 rit
1451 3183 1467 3203 a
1483 3170 1574 3205 ret-“ta
1589 3172 1724 3205 ratione
1740 3170 1910 3207 die’tatum
1927 3197 1938 3212 ,
1965 3183 2056 3218 opus
2072 3170 2121 3206 est
2137 3170 2198 3204 sibi
2226 3167 2330 3202 habi,

1391 3232 1430 3256 tu
1443 3220 1484 3254 ad
1500 3221 1715 3256 eliciendum
1731 3222 1848 3257 aetum
1863 3220 1920 3268 ipsi
1934 3221 2071 3256 habitui
2097 3218 2327 3255 conformem.

1493 3271 1546 3305 Ex
1564 3269 1717 3306 secundo
1736 3271 1854 3307 medio
1869 3274 2071 3318 oppolitum
2089 3269 2236 3304 ostendo
2268 3268 2327 3302 fic:

1393 3320 1432 3355 M
1455 3322 1512 3370 gis
1538 3321 1670 3365 indiget
1694 3321 1833 3368 disponi
1880 3333 1940 3368 per
1981 3323 2152 3356 virtutem
2191 3320 2329 3354 habens

1391 3372 1567 3406 :ustionem
1587 3372 1620 3406 in
1638 3371 1688 3406 sui
1715 3372 1886 3416 potestate
1905 3398 1914 3410 ,
1942 3384 2050 3418 quam
2081 3383 2150 3406 non
2178 3370 2328 3409 habens:

1391 3420 1577 3468 Siquidem
1589 3432 1711 3456 carens
1726 3423 1792 3458 hac
1809 3422 2030 3457 dominativa
2057 3420 2229 3468 potestate
2256 3431 2328 3456 non

1390 3473 1496 3506 efficit
1511 3472 1644 3518 aliquid
1660 3472 1762 3508 laude
1779 3499 1788 3515 ‚
1817 3473 1873 3508 vel
1891 3473 2069 3522 vituperio
2085 3472 2249 3516 dignum,
2268 3474 2330 3506 be·

1393 3534 1435 3556 ne
1451 3534 1566 3556 tamen
1583 3532 1709 3568 potens
1721 3524 1858 3569 operari
1886 3524 1977 3560 reeh·
1996 3552 2006 3567 ,
2031 3523 2086 3558 vel
2110 3521 2207 3559 secus
2224 3535 2236 3562 ;
2262 3522 2330 3566 igi-

1391 3583 1450 3606 tur
1464 3575 1533 3607 tale
1548 3584 1656 3616 agens
1675 3574 1808 3618 indiget
1827 3574 1885 3609 illo
1899 3600 1909 3614 ,
1941 3588 2002 3623 per
2015 3573 2114 3621 quod
2143 3573 2237 3608 laudi
2264 3570 2330 3607 {ibi

1392 3623 1455 3658 {int
1470 3635 1576 3669 opera
1595 3622 1674 3669 ejus
1692 3648 1700 3657 .
1719 3626 1798 3660 Hoc
1813 3636 1933 3661 autem
1951 3623 2092 3673 ponitur
2106 3625 2223 3660 virtus
2235 3648 2244 3658 .
2259 3623 2329 3661 At·

1391 3674 1454 3719 qui
1468 3674 1636 3708 voluntas
1654 3673 1760 3709 habet
1790 3675 1824 3709 in
1856 3674 1907 3711 sui
1940 3675 2111 3724 potestate
2141 3671 2326 3722 propriam

1389 3726 1631 3769 operationem
1651 3750 1661 3766 ‚
1686 3724 1718 3759 8(
1734 3724 1891 3761 αὸὶὶοηεε
1905 3729 2144 3773 potentiarum
2158 3751 2167 3765 ‚
2190 3722 2328 3772 quibus

1391 3777 1565 3822 imperat,
1592 3787 1662 3811 non
1681 3787 1765 3812 veto
1790 3779 1970 3824 appetitus
1996 3776 2207 3816 sensitixus3
2237 3787 2329 3820 erga

2173 3837 2308 3862 mirum

2416 759 2550 790 Rationes
2567 759 2600 790 S.

2396 797 2597 830 ThommDo·

2396 836 2457 865 &or
2476 835 2597 867 inficeti:

2394 875 2428 904 ad
2439 874 2597 914 oppositum

2394 916 2452 949 ejus
2477 933 2489 948 ‚
2514 915 2593 950 quod

2393 954 2513 990 probare
2531 961 2575 984 m-

2393 990 2511 1022 tenduut
2517 1009 2528 1022 ι

2372 2479 2529 2520 Affignatur
2541 2483 2571 2514 fi.

2370 2528 2412 2548 ms
2445 2523 2571 2561 proprius

2370 2557 2408 2586 ob
2421 2568 2504 2597 quem
2517 2570 2569 2599 po·
2582 2573 2583 2578 ¹

2369 2597 2442 2625 nitur
2460 2599 2569 2630 habitus

2371 2637 2518 2675 acquifitus
2529 2657 2540 2667 .

2576 2739 2578 2748 .
