2628 4026
175 2834 197 2859 Α
219 2836 336 2866 tempere

138 2866 340 2907 pxsstonisebri.

135 2907 169 2941 sti
196 2908 274 2941 idque
301 2904 337 2931 ad

137 2948 159 2973 Ε
165 2942 289 2980 tungelt‘i

136 2980 334 3020 promul-gmin-

140 3031 200 3047 nem
213 3020 337 3048 Cirtam-

138 3060 258 3091 crjefonem
280 3056 340 3085 lici-

140 3094 289 3132 namftet'ff}
329 3113 339 3127 ‚

140 3142 252 3161 ninum?
285 3141 337 3158 au-

143 3181 198 3199 tem
222 3172 339 3207 necmia—

141 3213 213 3239 riam
245 3229 253 3237 .
287 3207 340 3235 Di-

143 3250 216 3276 e'tutu
251 3248 302 3275 hoc
326 3254 342 3273 ει

143 3290 226 3316 ὅσου)
260 3284 340 3313 mini—

147 3336 189 3353 wc
203 3325 270 3361 remig
281 3332 344 3352 :tur-

344 242 465 277 euavit
484 252 496 280 3
512 240 617 275 etiam
639 250 817 286 quantum
840 240 1014 275 attinebat
1040 238 1082 273 ad
1109 236 1285 274 necessita-

343 303 414 328 tem
432 290 530 336 ejus.
564 291 614 325 1²0
631 293 722 326 enim
744 292 913 337 temporis
932 290 1032 334 plane
1054 286 1281 323 neceffarium

344 340 580 389 erat.Judaeo
598 341 854 377 circumcidere
869 341 1059 386 parvulum
1077 337 1282 381 suum3quia

344 392 507 428 nondum
523 401 597 426 erat
615 392 853 427 Circumcisto
874 399 1046 425 evacuata
1065 415 1074 429 ‚
1101 386 1200 423 sicuti
1219 398 1284 421 nec

346 443 473 487 legalia
491 451 607 476 cetera
621 468 629 477 .
647 445 680 480 A
698 453 856 488 tempore
868 451 985 476 autem
1001 438 1164 486 pastionis
1177 435 1285 471 Chri-

347 492 387 528 sti
406 519 416 534 ,
447 493 560 537 usque
579 492 620 527 ad
650 493 930 538 publicationem
961 489 1143 534 Evangelii
1169 513 1180 528 ,
1215 485 1286 521 fuit

349 543 587 578 Circumcisto
601 544 694 576 licita
713 569 723 583 ,
741 541 796 576 sed
814 553 876 576 nec
894 540 1081 575 necessaria
1095 549 1156 573 nec
1168 537 1285 578 utilis;

347 605 430 629 nam
455 595 489 629 in
513 592 648 628 Christi
674 603 786 627 morte
809 591 934 636 legalia
961 589 1038 625 sunt
1063 586 1286 628 consumata;

349 644 448 687 quod
467 644 637 689 probatur
649 655 692 677 ex
710 641 925 687 illoJoannis
945 651 1002 688 19.
1029 650 1142 676 morte
1171 637 1288 670 immi-

353 705 457 734 nente
471 691 693 737 dixit-lesus,
709 691 958 738 Consternatum
974 691 1038 737 est.
1057 691 1098 729 Et
1116 689 1138 723 fi
1151 698 1289 732 quaera-

352 756 410 779 tur
438 746 534 789 quod
558 755 636 778 nam
665 753 739 776 crat
763 742 922 787 parvulis
941 740 1146 787 Judeorum
1178 748 1290 771 teme-

353 794 451 828 dium
466 805 587 828 contra
604 793 777 838 originale
797 817 806 832 ‚
833 803 850 824 a
866 790 1018 836 passione
1036 790 1147 834 usque
1162 784 1203 820 ad
1221 798 1290 831 pu-

318 862 321 865 -
359 844 587 879 blicationern
601 842 784 885 Evangelii
802 840 814 874 ?
834 838 1066 888 Respondent
1078 867 1089 883 ,
1103 849 1173 873 non
1188 835 1289 872 fuisse

353 890 673 929 Circumcifionem
693 917 702 932 ‚
726 890 781 926 sed
796 890 900 927 fidem
927 901 1113 939 parentum
1140 896 1181 922 ut
1206 897 1291 923 tem.

353 955 440 991 pore
468 943 555 987 legis
585 953 711 987 nature
738 967 747 975 .
771 940 901 977 Tertio
915 954 1003 977 vero
1026 948 1189 987 tempore
1211 938 1290 985 post

354 993 537 1039 Evangelii
553 993 830 1040 publicationem
846 992 1083 1029 Circumcifio
1108 991 1177 1026 fuit
1195 1000 1292 1024 mor-

356 1042 458 1078 tifera
477 1068 486 1082 ‚
514 1055 578 1087 pro
590 1054 664 1089 quo
678 1052 835 1087 ternpore
847 1043 1008 1087 loquitur
1026 1043 1159 1078 Paulus
1175 1064 1186 1079 ‚
1213 1038 1292 1075 Ga-

356 1093 417 1128 lat.
437 1101 470 1134 ς.
485 1093 527 1127 Si
546 1092 853 1130 circumcidamini
867 1120 880 1137 ,
907 1092 1072 1140 Chrzstus
1097 1094 1192 1129 vobis
1203 1088 1296 1127 nihil

348 1141 536 1192 proderit.

460 1192 599 1230 Contra
618 1222 628 1237 ,
641 1197 729 1231 Haec
741 1195 863 1241 opinio
880 1207 951 1231 non
963 1192 1011 1231 est
1029 1194 1213 1239 probanda
1233 1204 1244 1231 3
1259 1190 1293 1225 &

357 1254 535 1292 quantum
567 1245 609 1280 ad
635 1247 787 1292 primum
804 1271 815 1286 ,
843 1258 919 1292 quo
943 1245 1130 1288 asseritur,
1157 1240 1291 1291 Baptis.

356 1307 455 1331 mum
470 1293 571 1330 fuisse
588 1295 652 1331 sub
665 1294 811 1331 consilio
825 1296 939 1342 usque
955 1297 996 1331 ad
1014 1296 1203 1344 pastionem
1222 1321 1232 1336 ,
1259 1292 1296 1327 8(

356 1345 478 1394 postea
493 1345 610 1380 statim
631 1345 694 1381 sub
706 1355 886 1392 praecepto
902 1372 912 1388 ,
939 1357 1008 1380 non
1023 1346 1168 1382 videtur
1188 1340 1297 1380 subfi-

357 1396 460 1433 stere.
475 1400 569 1434 Nam
585 1396 606 1431 fi
625 1407 735 1431 uuum
751 1406 966 1442 praeceptum
981 1396 1182 1443 impolitum
1195 1405 1298 1438 ‚om-

357 1447 443 1482 nino
458 1457 602 1482 revocat
622 1444 716 1480 aliud
736 1471 745 1485 ‚
776 1442 854 1480 saue
869 1447 1052 1482 confilium
1069 1475 1077 1488 ‚
1100 1446 1171 1482 sive
1185 1444 1298 1481 moni-

358 1497 410 1530 tio
426 1496 554 1531 denno
569 1523 579 1538 ‚
605 1496 710 1532 efficit
724 1506 763 1529 ut
781 1496 877 1531 aliud
892 1510 961 1533 non
985 1498 1024 1533 {it
1043 1495 1299 1534 necessarium

353 1547 529 1596 liquidem
543 1544 649 1591 cujus
665 1544 765 1580 aestus
778 1558 985 1593 preceptum
999 1547 1046 1583 est
1059 1548 1204 1583 alterius
1217 1556 1301 1593 pro-

357 1598 492 1635 hibitio
512 1623 520 1635 ‚
544 1594 624 1641 ejus
649 1594 748 1630 aetus
775 1596 959 1633 consilium
976 1624 985 1638 ,
1012 1596 1213 1632 estlicentia
1230 1596 1300 1633 dt>

359 1662 430 1687 non
450 1646 672 1681 observando
703 1646 907 1692 reliquum3
933 1658 1019 1691 ergo
1040 1646 1061 1682 fi
1080 1658 1299 1693 praecep'um

359 1701 403 1737 de
420 1695 599 1744 Baptismo
616 1723 624 1734 ,
655 1707 728 1732 erat
756 1697 1049 1733 Circumcistonis
1075 1696 1274 1744 prohvbitio
1292 1722 1301 1737 ‚

361 1760 539 1798 quantum
561 1747 602 1781 ad
624 1746 780 1782 frustum
796 1774 806 1788 ‚
835 1749 867 1782 8<
885 1748 1071 1783 confilium
1098 1747 1140 1782 de
1162 1745 1303 1794 Baptis-

358 1815 419 1837 mo
438 1828 447 1842 ,
469 1810 541 1834 erat
558 1799 708 1834 reddens
723 1797 1046 1834 Circumcifionem
1064 1808 1135 1833 non
1151 1795 1303 1834 necefl‘a-

362 1854 447 1890 liam
467 1875 475 1884 ·
670 1883 675 1889 .

462 1903 543 1936 Hoc
559 1899 814 1937 confirmatur:
840 1903 924 1948 quia
944 1900 966 1936 st
983 1912 1063 1937 ante
1081 1900 1303 1947 pastionem-2

361 1952 490 2000 aliquis
509 1950 659 1998 juda-us
686 1950 728 1984 ad
745 1952 1031 1997 pradicationem
1061 1951 1217 1991 Christi,
1244 1949 1303 1984 vel

360 2003 457 2039 Petri
471 2002 662 2047 parvulum
683 1999 782 2036 suum
797 2001 1008 2050 baptizasset
1023 2030 1033 2045 ,
1049 2001 1209 2047 negteSta
1222 2000 1305 2034 Cir-

361 2051 575 2089 cumcistone
589 2079 597 2092 ‚
611 2053 638 2087 is
654 2053 823 2097 parvulus
841 2065 859 2087 e
872 2054 964 2087 vivis
977 2051 1167 2092 excedens,
1182 2050 1305 2086 salutis

359 2116 429 2139 con
445 2113 508 2149 pos
526 2100 670 2137 effeetus
687 2101 770 2136 esset
786 2115 797 2142 ς
813 2104 944 2147 recepit
960 2104 1051 2138 enim
1066 2103 1215 2149 gratiam
1228 2099 1306 2133 san-

360 2155 557 2190 tificantem
585 2154 617 2186 in
634 2150 813 2197 Baptismo
833 2166 844 2192 ;
876 2164 955 2186 nam
982 2164 998 2186 a
1014 2153 1125 2198 prima
1141 2151 1193 2187 sui
1209 2148 1308 2186 insti-

363 2205 506 2241 tutione
525 2202 724 2246 Baptismus
738 2203 892 2238 coutulit
909 2205 1058 2247 gratiam
1074 2228 1082 2237 .

465 2252 684 2299 Respons103
705 2252 844 2298 Utique
860 2253 1019 2298 parvulis
1035 2253 1104 2287 illis
1123 2250 1308 2287 suffecisset

364 2303 567 2348 Baptismus
584 2302 628 2336 ad
644 2301 788 2336 salutem
806 2328 817 2342 ,
845 2301 899 2336 sed
912 2313 1073 2347 parentes
1085 2314 1208 2337 eorum
1228 2312 1310 2349 pec-

366 2355 495 2391 cassent
518 2361 784 2387 contemnentes
814 2352 983 2386 exhibere
1007 2363 1131 2386 eorum
1158 2350 1240 2388 filiis
1256 2363 1310 2386 re-

367 2405 522 2442 medium
545 2400 834 2436 Circumcistonis
850 2425 860 2436 .
888 2401 1025 2436 Contra
1043 2426 1055 2444 ‚
1081 2400 1185 2436 Pater
1197 2413 1311 2438 ante...

368 2457 537 2491 oft-avum
550 2452 641 2487 diem
654 2451 770 2498 potuit
786 2452 974 2500 baptizare
986 2453 1178 2499 parvulum
1194 2451 1311 2494 suum,

367 2507 475 2551 eique
493 2502 684 2549 providere
716 2500 758 2535 de
775 2502 936 2538 remedio
961 2513 1084 2538 contra
1108 2503 1284 2547 originale
1301 2528 1311 2543 ‚

371 2555 583 2602 supponitur
595 2554 688 2587 enim
708 2551 759 2586 illi
773 2550 975 2599 persuasum
990 2550 1089 2587 fuifl‘e
1101 2564 1161 2599 per
1176 2551 1314 2600 Baptis-

374 2616 470 2641 mum
500 2604 580 2649 pelli
597 2603 641 2637 ab
664 2602 781 2638 anima
793 2605 933 2651 culpam
956 2603 1202 2648 Originalem:
1227 2614 1314 2647 ergo

371 2668 443 2691 nou
459 2655 645 2689 tenebatur
668 2651 855 2690 consulere
870 2654 1023 2695 parvulo
1043 2654 1092 2688 illi
1114 2652 1211 2688 aliud
1228 2665 1315 2698 que-

372 2705 484 2741 rendo
514 2703 709 2739 remedium
734 2730 745 2746 ‚
772 2704 832 2741 seu
863 2703 1072 2740 submittere
1104 2704 1206 2739 illum
1232 2703 1316 2738 Cir·

376 2755 583 2792 cumcifioni
600 2779 609 2788 .

477 2805 648 2842 Similiter
665 2817 736 2840 non
761 2803 912 2842 subsistit
929 2803 1125 2840 secundum
1155 2804 1290 2840 dicium
1306 2829 1316 2845 ‚

375 2868 449 2904 quo
466 2854 625 2890 asseritur
638 2881 650 2897 ‚
672 2867 691 2889 a
712 2865 874 2901 tempore
900 2855 1061 2901 pastionis
1074 2854 1210 2891 Christi
1227 2880 1237 2892 .
1260 2852 1318 2888 us-

374 2919 446 2954 que
459 2906 501 2941 ad
519 2915 662 2950 tempus
676 2905 930 2951 publicationis
951 2900 1134 2951 Evangelii
1149 2906 1318 2940 Circum-

375 2957 540 2994 cistonem
559 2955 694 2990 licitam
711 2956 860 3000 quidem
879 2954 980 2990 fuisse
997 2983 1006 2998 ,
1030 2955 1086 2989 scd
1106 2956 1247 2990 minime
1261 2967 1321 2990 ne-

377 3007 555 3043 cessariam
571 3031 579 3040 .
597 3005 733 3041 Etenim
749 3006 870 3039 nullus
885 3006 986 3040 aliter
1012 3004 1043 3040 se
1068 3005 1173 3040 habet
1198 3017 1292 3039 nunc
1309 3029 1319 3044 ‚

377 3070 487 3105 quam
503 3058 600 3103 prius
616 3055 657 3090 ad
672 3055 828 3101 aliquam
847 3056 958 3100 legem
973 3081 982 3095 ‚
1009 3055 1069 3089 nist
1087 3056 1171 3100 quia
1192 3053 1239 3088 est
1260 3055 1321 3090 fibi

380 3110 477 3144 aliter
502 3107 758 3153 promulgata:
781 3104 836 3139 sed
858 3105 931 3151 post
958 3105 1142 3153 pastionem
1161 3104 1295 3140 Christi
1311 3131 1322 3146 ,

381 3169 569 3202 antequam
604 3154 768 3202 Apostoli
808 3155 1025 3202 Baptismum
1061 3154 1292 3202 praediearcnt
1311 3182 1322 3197 ,

382 3221 451 3244 non
471 3209 537 3243 fuit
555 3206 755 3253 Baptismus
769 3206 870 3241 aliter
902 3207 1036 3254 populo
1050 3206 1299 3252 promulgatus
1314 3231 1324 3247 ‚

383 3271 491 3305 quam
506 3268 610 3296 ame3
632 3267 716 3302 ergo
732 3268 803 3292 non
831 3257 933 3293 aliter
947 3257 1178 3299 obligabatur
1194 3256 1323 3300 aliquis

385 3308 463 3358 post
482 3306 667 3355 passionem
682 3305 724 3340 ad
741 3306 958 3353 Baptismum
975 3333 985 3348 ‚
1010 3317 1118 3350 quam
1134 3315 1214 3340 ante
1232 3332 1241 3346 ‚
1260 3317 1323 3341 nec

386 3373 447 3408 per
461 3356 682 3402 consequens
699 3357 799 3392 aliter
828 3355 857 3393 se
875 3358 998 3391 babuit
1016 3356 1058 3389 ati
1078 3355 1324 3390 Circumcisto-

388 3421 495 3450 nem3
523 3418 596 3442 crat
619 3418 705 3452 ergo
730 3417 816 3443 tunc
844 3407 989 3454 pet-inde
1005 3403 1190 3445 neccssaria
1215 3405 1255 3439 ad
1276 3405 1327 3440 sa-

389 3462 498 3497 lutem
517 3469 530 3497 .“

489 3507 628 3545 Deinde
647 3534 656 3546 ‚
686 3517 862 3553 praecepta
885 3507 928 3541 de
953 3504 1234 3542 Circumcifionc
1259 3531 1269 3547 ,
1292 3507 1325 3541 &

387 3562 569 3609 Baptismo
584 3556 807 3601 suscipiendo
828 3560 872 3592 ab
888 3570 959 3593 uno
975 3557 1175 3601 eodemque
1188 3556 1328 3600 legisla-

388 3626 466 3648 tore
488 3608 655 3656 accepisse
681 3608 929 3653 intelliguntur
954 3609 1023 3642 vim
1049 3605 1227 3650 obligandi
1255 3633 1265 3648 ‚
1293 3609 1327 3642 3<

395 3662 584 3703 medendi,
602 3660 657 3694 vel
677 3659 826 3705 pellendi
844 3659 888 3693 ab
903 3659 1015 3693 anima
1035 3660 1197 3692 morbum
1216 3657 1330 3704 culpa:

391 3712 576 3757 originalis
594 3738 604 3753 ,
618 3712 679 3757 qui
693 3708 944 3756 nunc(inquit
965 3708 1060 3744 Beda
1075 3733 1084 3748 ‚
1108 3706 1141 3742 8(
1155 3706 1332 3752 allegatur

393 3778 413 3801 a
429 3763 531 3809 Mag.
548 3775 584 3807 4.
614 3758 693 3796 dist.
712 3773 741 3796 1.
765 3771 843 3805 cap.
861 3760 963 3807 ult.)
984 3767 1047 3807 per
1065 3757 1331 3803 Evangelium..

396 3815 498 3860 svam
520 3810 739 3850 terribiliter
756 3837 764 3852 ,
791 3807 1041 3855 &salubriter
1070 3808 1197 3846 clamat
1214 3835 1225 3852 ‚
1253 3809 1331 3847 Nisi

967 171 1148 216 Summae
1172 166 1362 235 Joannis
1386 167 1514 212 thns
1545 164 1661 212 Scoti

1350 234 1434 280 quis
1448 244 1594 269 renatus
1623 233 1732 270 fuerit
1755 243 1802 268 ex
1820 243 1913 279 aqua
1928 230 1962 266 8(
1980 230 2117 280 Spiritu
2134 233 2266 270 saneto
2287 260 2299 276 ,

1350 296 1420 318 non
1438 284 1587 320 intrabit
1602 285 1637 318 in
1650 295 1798 330 reguum
1812 282 1878 318 Dei
1895 296 1906 323 3
1930 282 2000 330 ips}³
2012 283 2148 319 dudum
2169 286 2296 320 clama-

1351 333 1409 369 bat
1421 334 1597 381 perfixum
1614 333 1722 380 legem
1741 332 1923 368 Masculus
1940 331 2048 378 cujus
2064 335 2223 381 preputii
2239 346 2296 370 ca-

1352 396 1392 419 ro
1404 384 1612 420 circumcisa
1641 395 1712 419 non
1729 382 1832 418 fuerit
1854 396 1866 423 3
1897 385 2010 419 anima
2029 385 2086 420 illa
2104 385 2234 431 peribit
2251 383 2294 420 de

1350 436 1485 482 populo
1499 434 1564 470 suo
1578 460 1590 475 ,
1614 434 1701 480 quia
1718 431 1862 479 paetum
1890 446 2006 471 meum
2033 435 2172 471 irritum
2187 433 2269 470 fecit
2288 459 2298 469 .

1353 485 1425 522 Sed
1438 483 1665 520 circumcisio
1689 483 1814 517 babuit
1837 484 1909 518 vim
1925 485 2137 530 obligandi,
2165 485 2298 531 usque-

1352 547 1428 581 quo
1447 545 1702 574 revocaretur3
1726 543 1813 576 ergo
1838 533 1873 568 8<
1890 534 2015 569 habuit
2040 536 2110 570 vim
2135 534 2298 571 medendi

1354 583 1467 630 usque
1483 583 1525 618 ad
1544 581 1594 618 sui
1612 583 1901 629 abrogationem:
1929 583 1986 619 sed
1998 597 2059 631 per
2072 584 2176 620 solam
2188 585 2297 620 Chri-

1356 634 1395 670 sti
1410 646 1575 674 mortem,
1586 646 1657 671 non
1669 632 1718 671 est
1736 633 1836 667 aliter
1852 644 2016 672 revocata
2030 661 2042 677 ‚
2056 647 2166 682 quam
2182 637 2294 684 prius,

1354 696 1394 720 ut
1407 683 1637 721 concluditur
1653 684 1792 720 ratione
1808 682 2028 729 praecedente
2045 698 2057 725 ;
2074 686 2157 731 quia
2173 687 2299 724 nullad

1354 736 1414 771 lex
1429 734 1478 770 est
1496 735 1598 772 aliter
1610 734 1837 784 promulgata
1855 757 1866 768 .
1882 734 2075 781 Amplius,
2098 736 2173 782 post
2188 737 2300 772 Chri-

1357 784 1398 820 sti
1415 795 1565 822 mortem
1582 813 1594 828 ,
1623 784 1737 831 usque
1754 782 1798 818 ad
1813 794 1954 830 tempus
1969 788 2274 835 promulgationis
2286 815 2297 830 ,

1348 834 1470 882 Judaei
1480 838 1695 872 tenebantur
1720 833 1977 870 circumcidere
2000 838 2170 880 parvulos
2193 836 2299 880 suos,

1357 887 1442 931 quia
1456 887 1556 922 nullo
1573 886 1680 923 modo
1691 883 1872 920 constabat
1893 885 1943 919 eis
1955 911 1967 926 ‚
1982 885 2300 924 Circumcifionem

1355 935 1456 972 fuisse
1477 938 1685 983 abrogatam
1713 946 1783 970 non
1809 945 1926 970 autem
1952 937 2303 975 contulerunteam„

1359 988 1521 1035 parvulis
1536 1015 1546 1030 ‚
1562 987 1623 1023 nifi
1637 997 1676 1023 ut
1692 985 1816 1021 utilem
1828 1011 1839 1028 ‚
1861 985 1894 1020 ἃ
1913 983 2135 1024 necessariam
2150 988 2192 1023 ad
2210 987 2303 1024 salu-

1361 1048 1430 1073 tem
1445 1050 1456 1077 ;
1484 1049 1561 1073 nam
1577 1038 1789 1074 tenebantur
1805 1046 1938 1082 ponere
1951 1034 2093 1082 spemin
2107 1050 2147 1073 ea
2161 1038 2247 1074 ficut
2264 1040 2297 1075 8<

1360 1088 1458 1134 prius
1471 1100 1484 1128 3
1508 1100 1595 1134 ergo
1609 1088 1632 1123 fi
1651 1099 1732 1123 vere
1745 1096 1832 1121 tunc
1845 1086 2081 1122 Circumcisto
2104 1100 2303 1125 revocata„

1361 1137 1478 1174 fuisset
1494 1165 1504 1180 ,
1533 1137 1696 1186 profecto
1713 1136 1934 1182 cogebantur
1960 1146 2079 1174 tenere
2095 1137 2216 1175 falsam
2232 1166 2244 1182 ,
2269 1140 2301 1175 8(

1361 1200 1543 1225 erroneam
1559 1188 1765 1236 opinionem
1782 1186 1824 1222 de
1846 1186 2057 1224 Circufione
2069 1216 2081 1231 ,
2106 1189 2205 1236 quod
2219 1189 2304 1226 nihil

1364 1239 1412 1276 est
1427 1239 1525 1275 dictu
1541 1265 1552 1281 ‚
1574 1240 1660 1286 quia
1676 1240 1777 1274 Deus
1791 1238 1965 1273 neminem
1980 1236 2115 1287 decipit
2129 1266 2141 1282 ,
2168 1252 2233 1275 nec
2244 1241 2304 1276 ab-

1364 1290 1502 1336 stringit
1527 1290 1571 1324 ad
1601 1285 1793 1325 necessario
1828 1284 2048 1325 sentiendum
2074 1315 2087 1332 ,
2129 1290 2228 1337 quod
2243 1291 2308 1327 fal-

1363 1343 1439 1377 sum
1452 1340 1501 1374 est
1520 1366 1529 1375 .

1465 1390 1658 1435 Denique,
1686 1400 1872 1435 nunquam
1899 1389 1968 1424 fuit
1993 1390 2103 1425 bomo
2117 1390 2306 1428 deretietus

1363 1441 1495 1487 absque
1511 1450 1611 1474 certo
1624 1439 1780 1474 remedio
1796 1461 1808 1480 ,
1835 1439 1868 1473 8(
1890 1439 1933 1474 de
1949 1451 2023 1485 quo
2043 1451 2114 1475 non
2130 1440 2213 1476 esset
2230 1454 2310 1478 cet·

1365 1504 1424 1528 tus
1436 1519 1444 1529 ,
1473 1493 1507 1525 in
1525 1501 1568 1529 eo
1583 1488 1768 1536 repositam
1793 1487 1859 1523 effe
1875 1490 2046 1526 medelam
2072 1489 2249 1526 efficacem
2264 1492 2309 1526 ad

1364 1543 1479 1580 morbi
1495 1539 1762 1584 depulfionem:
1791 1537 1845 1574 sed
1872 1540 2009 1587 pera&a
2030 1539 2164 1577 Christi
2190 1542 2314 1589 passio·

1367 1607 1410 1630 ne
1430 1620 1440 1636 ‚
1465 1589 1671 1639 priusquam
1691 1590 1924 1634 Evangelium
1942 1591 2192 1636 praedicaretur
2205 1618 2216 1633 ,
2233 1592 2314 1627 nul-

1368 1645 1440 1680 lum
1455 1641 1553 1678 aliud
1567 1652 1705 1676 certum
1725 1640 1919 1675 remedium
1934 1642 2057 1677 datum
2074 1641 2313 1688 fuitJudaei83

1367 1705 1408 1730 ut
1425 1693 1473 1728 est
1487 1691 1635 1728 evidens
1655 1703 1763 1737 ;ergo
1780 1690 1838 1724 iilo
1854 1691 1978 1726 eodem
1996 1692 2093 1738 qnod
2112 1696 2210 1738 prius
2225 1702 2314 1733 erat,

1366 1745 1557 1792 oportebat
1572 1753 1631 1777 eos
1647 1743 1701 1776 uti
1723 1740 1766 1774 ad
1781 1739 1924 1776 salutem
1943 1767 1952 1776 .
1978 1743 2106 1777 Extitit
2123 1754 2210 1787 ergo
2226 1752 2314 1777 tunc

1367 1794 1513 1842 perinde
1529 1803 1667 1828 certum
1692 1790 1885 1826 remedium
1906 1818 1916 1833 ‚
1943 1803 1983 1826 ac
1998 1803 2077 1827 ante
2095 1793 2281 1839 passionem
2299 1804 2312 1832 3

1367 1855 1454 1890 ergo
1471 1855 1569 1890 aeque
1582 1840 1818 1876 Circumcilio
1834 1844 1997 1877 manebat
2014 1853 2114 1884 tune,
2130 1854 2170 1877 ut
2186 1843 2286 1890 prius
2304 1866 2314 1875 .

1469 1895 1637 1930 Tertium
1653 1889 1789 1925 dietum
1807 1902 1881 1925 erat
1901 1918 1910 1932 ,
1927 1903 2087 1939 tempore
2105 1891 2179 1939 post
2195 1893 2317 1939 publi-

1367 1947 1544 1981 cationem
1560 1940 1747 1985 Evangelii
1762 1940 1998 1977 Circumciiio
2021 1943 2089 1978 suit
2103 1941 2286 1978 mortifera
2305 1968 2315 1978 .

1371 1997 1512 2033 Contra
1540 1992 1725 2037 arguitur:
1754 1992 1848 2026 Nam
1866 1992 2028 2028 Anum
2044 2002 2098 2029 21.
2128 1993 2260 2039 legitur
2272 1993 2315 2028 de

1375 2047 1509 2088 Paulo,
1533 2040 1965 2091 quiascenditjerusatem
1987 2069 1997 2084 ,
2023 2044 2056 2078 8(
2082 2044 2186 2078 ibide
2203 2043 2315 2079 const-

1376 2097 1562 2144 lioJacobi
1579 2117 1591 2135 ‚
1618 2092 1652 2127 &
1679 2092 1828 2127 aliorum
1845 2090 2016 2136 fratrum,
2048 2092 2125 2141 post
2149 2105 2313 2141 quartam

1373 2148 1560 2194 Synodum
1590 2141 1748 2178 habitam
1771 2141 2003 2190 jerosolymis
2027 2141 2238 2191 purificatus
2265 2143 2315 2179 se-

1374 2197 1531 2234 cundum
1550 2196 1664 2238 legem
1680 2219 1690 2234 ,
1713 2191 1866 2228 ascendit
1897 2194 1930 2229 in
1944 2196 2114 2242 templum
2132 2221 2142 2237 ,
2167 2196 2318 2231 obtulit-

1376 2261 1447 2296 que
1461 2258 1526 2294 pro
1542 2243 1576 2283 sc
1588 2243 1838 2280 Sacrificium:
1858 2243 1891 2278 8(
1912 2255 2027 2281 tamen
2045 2246 2244 2283 solemniter
2257 2258 2319 2281 an-

1375 2310 1411 2334 te
1427 2298 1499 2344 jam
1517 2297 1566 2331 ibi
1591 2294 1704 2328 fuerat
1723 2294 1957 2338 Evangelium
1972 2297 2195 2342 publicatum
2214 2321 2223 2330 .
2254 2296 2321 2330 Pa-

1378 2359 1428 2385 tet
1450 2356 1524 2395 cap.
1537 2347 1601 2382 cit.
1625 2345 1712 2389 quia
1733 2344 1825 2378 dixit
1846 2345 2031 2392 Jacobus:
2060 2346 2176 2383 Vides
2197 2345 2322 2391 frater

1377 2407 1460 2447 quot
1475 2396 1590 2435 millia
1599 2392 1687 2440 fient
1700 2394 1738 2430 in
1757 2393 1899 2443 Judaets
1913 2398 1977 2442 qui
1994 2395 2228 2433 crediderunt
2245 2423 2254 2437 ‚
2279 2394 2324 2434 (θ’

1378 2460 1493 2485 omnes
1517 2445 1732 2484 aemulatores
1744 2444 1837 2490 funt
1862 2444 1968 2490 legis:
1995 2459 2081 2495 ergo
2102 2447 2213 2483 stante
2236 2457 2324 2482 tunc

1379 2499 1565 2544 Evangelii
1583 2496 1827 2544 publicatione
1843 2495 1914 2543 ipsa
1932 2496 1966 2532 in
1991 2499 2090 2535 [lrbe
2114 2497 2326 2545 Hierosoly-

1382 2563 1437 2586 ma
1458 2576 1468 2590 ‚
1491 2549 1526 2584 &
1546 2545 1726 2595 inJudaeis
1743 2574 1752 2588 ‚
1775 2546 1999 2594 approbatur
2024 2560 2141 2584 tamen
2158 2547 2328 2583 obterva-

1381 2600 1534 2644 tiolegis
1550 2623 1560 2634 .
1585 2600 1627 2634 Et
1641 2595 1712 2643 ipse
1736 2596 1868 2633 Paulus
1884 2597 2018 2635 ibidem
2042 2601 2202 2635 inter—tot
2217 2598 2326 2635 Chri·

1384 2652 1515 2688 stianos
1528 2661 1619 2698 opus
1639 2649 1726 2693 legis
1741 2647 1902 2696 implevit
1922 2674 1932 2684 .

1483 2704 1571 2749 Quo
1587 2710 1704 2735 autem
1727 2710 1887 2746 tempore
1912 2699 2002 2734 fat-ta
2016 2699 2122 2737 fuerit
2146 2698 2208 2736 ista
2224 2698 2327 2734 Pauli

1383 2751 1590 2801 purificatio
1605 2777 1616 2792 ‚
1631 2750 1664 2784 3<
1677 2749 1815 2785 oblatio
1833 2748 2024 2787 secundum
2043 2753 2155 2797 tegern
2173 2748 2330 2795 ‚conjici

1384 2802 1496 2851 potest
1511 2801 1639 2838 partim
1654 2811 1697 2835 ex
1710 2809 1816 2836 textu
1829 2800 1992 2836 Affuum
2007 2802 2036 2838 S:
2053 2802 2176 2847 partim
2189 2812 2233 2835 ex
2251 2800 2331 2836 Ma-

1386 2852 1495 2898 gistro
1509 2852 1747 2888 Historiarum
1764 2877 1772 2886 .
1801 2849 1838 2886 ld
1853 2852 1946 2886 enim
1962 2851 2113 2888 evenisse
2126 2849 2264 2887 constat
2281 2849 2331 2885 se·

1386 2914 1479 2951 ptem
1493 2901 1618 2937 diebus
1640 2911 1720 2935 ante
1737 2901 1838 2936 Pauli
1854 2903 2053 2948 captionem
2074 2926 2086 2945 ‚
2114 2911 2152 2936 ut
2177 2900 2335 2935 habetur

1388 2953 1550 2988 ,At-*laum
1564 2963 1621 2987 21.
1640 2950 1771 2987 Paulus
1784 2962 1904 2987 autem
1922 2963 2048 3002 captus
2066 2952 2112 2988 est
2125 2952 2217 2985 cit-ca
2233 2951 2330 2997 prin-

1389 3005 1521 3049 cipium
1548 3003 1645 3047 regni
1677 2999 1860 3043 Neronis;
1888 3006 1997 3040 tertio
2024 3004 2116 3038 euim
2134 3011 2226 3036 anno
2253 2999 2335 3045 ejus

1389 3053 1528 3088 delatus
1542 3052 1589 3087 est
1609 3053 1758 3087 Romam
1781 3066 1791 3093 ;
1811 3053 1910 3098 juxta
1932 3053 2140 3100 Magistrum
2160 3050 2336 3088 Historia·-

1392 3115 1468 3139 rum
1488 3128 1497 3136 .
1529 3106 1626 3140 Nero
1638 3114 1754 3139 autem
1779 3104 1919 3149 incaepit
1938 3115 2085 3149 regnare
2100 3103 2193 3138 circa
2210 3100 2336 3145 vigesi-

1390 3166 1486 3189 mum
1503 3165 1635 3188 annum
1664 3154 1738 3199 post
1755 3152 1888 3189 Christi
1915 3154 2101 3200 passionem
2121 3166 2132 3195 3
2156 3162 2256 3186 tanto
2273 3163 2335 3186 au-

1391 3214 1463 3239 tem
1478 3205 1650 3249 temporis
1666 3204 1854 3238 intervallo
1869 3205 2010 3240 videtur
2032 3201 2262 3246 evangelium
2281 3200 2335 3235 sa-

1392 3258 1438 3289 tis
1455 3255 1675 3300 publicatum
1691 3253 1789 3288 fuisse
1802 3280 1810 3292 ‚
1835 3254 1868 3289 8:
1884 3257 2039 3290 maxime
2057 3252 2221 3301 inJudaea
2237 3277 2248 3292 ‚
2273 3251 2335 3287 ubi

1392 3315 1508 3340 tamen
1528 3303 1658 3338 Paulus
1676 3304 1801 3346 legalia
1814 3303 2019 3340 observavit
2038 3330 2043 3335 -

1491 3356 1728 3399 Quapropter
1759 3353 1807 3388 cst
1839 3353 2028 3390 dicendum
2057 3382 2066 3396 ‚
2095 3355 2129 3389 in
2157 3350 2335 3399 Baptismo

1393 3416 1465 3440 non
1481 3404 1546 3439 effe
1561 3402 1808 3447 distinguenda
1826 3404 1884 3439 nist
1899 3405 1972 3439 duo
1983 3416 2138 3453 tempora
2158 3430 2168 3445 ‚
2181 3405 2332 3439 alterum

1396 3455 1550 3495 scilicet,
1577 3465 1651 3498 quo
1679 3463 1751 3487 erat
1774 3453 1838 3488 sub
1859 3455 2032 3496 confilio;
2059 3456 2235 3495 alterum,
2258 3464 2333 3499 quo

1396 3505 1463 3541 fuit
1484 3503 1546 3538 sub
1570 3514 1745 3550 praecepto
1759 3530 1766 3538 .
1801 3505 1841 3538 Et
1856 3505 2008 3550 primum
2024 3505 2169 3553 quidem
2191 3503 2333 3539 duravit

1399 3556 1601 3600 aprincipio
1616 3576 1627 3593 ‚
1653 3565 1693 3587 ex
1711 3565 1784 3598 quo
1804 3554 2061 3598 praedicabatur
2079 3555 2308 3600 Evangelium
2322 3581 2330 3594 ,

1398 3603 1670 3650 velss.1ptismus
1684 3616 1743 3647 per
1757 3603 1941 3639 Christum
1960 3634 1969 3647 ,
1985 3607 2037 3641 vel
2053 3619 2114 3653 per
2132 3605 2338 3649 Apostolos,

1402 3655 1512 3703 usquc
1537 3655 1578 3688 ad
1594 3653 1879 3698 praedicationem
1895 3656 2085 3692 solemnem
2103 3683 2112 3697 ,
2138 3657 2169 3690 R*
2186 3653 2334 3690 authen·

1402 3709 1507 3743 ticam
1523 3703 1679 3750 ejusdem
1697 3702 1773 3750 post
1791 3705 2041 3742 Ascenfionem
2058 3704 2194 3743 Christi
2209 3718 2218 3740 ι
2235 3705 2340 3740 adeo-

1403 3768 1444 3794 ut
1463 3758 1614 3804 primum
1626 3764 1767 3800 tempus
1795 3767 1865 3790 nou
1881 3756 2044 3793 admittat
2073 3756 2342 3792 differentiam...

1404 3821 1467 3858 pet·
1480 3817 1629 3843 mortem
1643 3803 1802 3847 Christi,
1830 3817 1893 3841 nec
1912 3807 1988 3855 post
2006 3820 2084 3845 eam
2098 3835 2109 3851 ,
2129 3819 2174 3845 ex
2186 3806 2255 3840 hoc
2272 3805 2345 3841 solo

2197 3856 2297 3903 quod

2332 761 2397 792 Post
2439 766 2541 800 christi

2332 810 2455 832 mortem
2481 807 2543 846 usq,

2331 841 2367 869 ad
2398 843 2544 883 Evangelii

2333 883 2543 920 promulgatio-

2333 928 2396 946 nem
2410 922 2544 951 teneban-

2333 965 2379 985 tur
2439 959 2546 997 Ηξιχ-ςῐ

2333 997 2534 1033 circumcidere’

2335 1036 2469 1076 parvulos
2481 1037 2546 1073 suos

2333 1076 2383 1105 sub
2431 1085 2547 1112 ωσι-ταχῇ

2337 1123 2397 1147 non
2437 1115 2547 1150 videtur

2338 1153 2454 1191 proinde
2480 1162 2546 1189 tunc

2337 1192 2508 1226 circumcifio

2338 1230 2417 1261 fuiss'e
2427 1241 2548 1267 revoca.

2340 1279 2390 1301 ta.

2351 1962 2416 1992 120st
2431 1964 2558 2005 Evange.
2604 1983 2605 1991 1

2351 2002 2382 2030 lii
2393 2003 2561 2040 publicatio-

2351 2049 2417 2068 nem
2431 2043 2561 2072 Circum.

2351 2079 2484 2109 cisionem
2497 2084 2562 2115 fuis.
2602 2094 2604 2107 τ

2351 2116 2377 2146 se
2391 2122 2564 2154 mortiferam
2602 2140 2603 2150 l

2352 2165 2409 2186 uon
2454 2161 2564 2194 videtui·

2351 2196 2545 2233 probandum,

2374 3391 2442 3419 Duo
2454 3399 2577 3427 tempora

2373 3430 2504 3467 Biptismi
2518 3452 2526 3458 .
2541 3426 2581 3472 U-1'

2375 3477 2441 3495 num
2452 3468 2535 3506 usque
2548 3474 2581 3500 acl

2378 3506 2559 3535 Pentecosten
2572 3502 2580 3536 .'

2375 3543 2496 3573 alterum
2511 3524 2579 3586 possl

2376 3583 2517 3613 Videttdus
2576 3598 2579 3628 Ι

2381 3625 2456 3664 Mag.
2469 3624 2578 3662 Hiquae(

2376 3674 2408 3693 ns
2431 3666 2460 3693 1'11
2483 3658 2577 3699 Commi

2378 3705 2456 3743 super
2466 3706 2490 3733 0.
2498 3702 2576 3738 quani

2381 3751 2442 3771 tum
2465 3749 2528 3777 ergo
2552 3748 2568 3765 a

2381 3780 2460 3815 istum
2481 3777 2575 3806 arsitia

2381 3820 2439 3847 trem
2451 3836 2459 3852 ‚
2481 3817 2525 3844 ubi
2538 3800 2575 3849 cal
