2643 4043
152 213 184 237 2·
205 216 234 235 z.
252 215 280 245 ἵ.
302 214 352 245 25.

152 251 256 284 weh

236 1297 246 1314 Ι
261 1287 349 1324 d04¹e

162 1331 189 1358 3⁸
203 1324 231 1352 d·
243 1333 269 1356 7·
281 1340 308 1369 qo
321 1338 350 1365 Ξ·

148 1366 275 1397 &⁴⁸3⁴-

459 116 531 164 ’σι

390 185 530 223 sednon
544 196 731 235 propterea
746 186 781 221 in
810 183 989 233 proximis
1014 187 1108 223 nulia
1120 187 1168 223 est
1189 175 1331 222 bo'nitas

390 237 457 273 alia
474 248 492 270 a
505 235 664 273 bonitate
682 238 770 273 Dei.
786 235 838 271 lta
856 235 893 271 in
909 234 978 274 fine
1002 234 1037 270 ἃ
1063 237 1188 274 mediis
1211 237 1254 271 ad
1279 237 1333 283 ip-

392 287 468 324 sum
484 312 493 322 .
505 286 601 323 Finis
618 287 761 334 quidem
778 288 946 332 primario
959 297 1080 323 movet
1096 287 1139 322 ad
1152 285 1329 332 seligenda

390 338 508 375 media
533 337 581 372 illi
610 336 827 382 assequendo
852 338 982 379 utilia,
1005 337 1135 373 adeout
1161 349 1231 371 non
1254 349 1330 372 mo·

390 398 497 425 vente
513 385 608 429 fine,
629 386 745 427 media
773 400 844 423 non
871 398 1034 423 amentur
1050 413 1063 430 ,
1090 389 1224 434 quippe
1247 399 1329 433 quae

389 440 488 474 illius
504 440 618 484 gratia
632 448 847 485 appetantur
861 462 874 482 ‚
889 438 959 475 Sed
972 449 1088 474 tamen
1113 450 1158 473 ex
1180 437 1328 472 ablatio·

389 501 434 525 ne
447 486 558 534 hujus
569 488 705 526 ordinis
721 489 764 523 ad
791 487 895 525 finem
909 513 922 531 ‚
946 500 1018 524 non
1044 486 1206 534 sequitur
1235 489 1330 523 abia-

388 549 465 575 tum
483 539 527 574 iri
542 550 685 577 omnem
698 541 734 577 in
747 540 799 577 eis
813 550 984 589 repertam
1000 540 1196 577 naturalem
1227 538 1333 574 boni·

389 599 519 628 tatem.

557 687 1052 728 ARTlchvs
1105 690 1173 727 111.

479 792 615 830 Vtrum
633 791 802 828 voluntas
815 790 940 827 eodem
959 790 1042 826 affin
1059 797 1249 827 moveatur

582 842 620 877 in
637 839 740 878 finem
757 867 769 883 ,
790 842 822 876 8<
842 842 875 876 in
889 842 922 877 id
937 841 1065 889 „quod
1082 839 1132 877 est

759 891 803 927 ad
819 890 925 927 finem
943 917 954 927 .

450 990 585 1030 Doffir
597 991 681 1030 Iocis
693 993 731 1028 in
746 991 906 1039 margine
921 993 1041 1028 citatis
1058 1016 1067 1027 .
1081 990 1125 1027 S.
1142 989 1266 1029 Thom.

693 1055 724 1079 1.
739 1051 773 1079 2.
798 1055 832 1097 q.
848 1044 882 1080 8.
908 1052 979 1078 art.
996 1051 1029 1088 3.

503 1139 693 1190 Espondco
708 1170 719 1186 ,
743 1143 844 1180 afflus
880 1142 1082 1180 voluntatis
1114 1141 1328 1179 considerari

514 1193 625 1241 potest
639 1193 773 1232 versari
787 1194 991 1231 immediate
1007 1194 1101 1230 circa
1130 1192 1245 1229 media
1257 1221 1269 1237 ‚
1290 1195 1326 1231 St

387 1243 576 1279 terminari
590 1243 632 1279 ad
651 1244 755 1282 finem
770 1272 782 1288 ,
808 1255 870 1279 aut
885 1258 902 1281 e
918 1255 1043 1280 contra
1056 1245 1136 1281 elici
1151 1245 1263 1290 gratia
1274 1245 1329 1290 ip·

386 1290 456 1327 fius
470 1291 550 1330 finis
561 1319 574 1336 ,
599 1294 634 1330 8(
651 1295 836 1332 terminari
852 1295 896 1330 ad
912 1295 1024 1331 media
1039 1320 1048 1330 .
1064 1296 1107 1330 Et
1122 1293 1326 1337 rursus,effe

386 1342 500 1388 poiest
512 1343 638 1381 efficax
653 1372 664 1388 ‚
691 1358 752 1382 aut
770 1344 933 1383 inefficax
946 1371 955 1380 .
980 1345 1014 1381 8<
1041 1344 1323 1381 conditionariis:

387 1393 495 1428 Tunc
510 1392 701 1431 dicendum
720 1422 731 1438 ‚
753 1396 900 1442 quoties
912 1395 1081 1431 voluntas
1093 1394 1323 1443 prosequitur

384 1441 497 1477 media
507 1446 621 1488 gratia
636 1444 718 1481 finis
745 1445 1012 1492 consequendi,
1034 1444 1226 1482 neceffario
1249 1456 1322 1480 uno

382 1492 674 1541 eodemque-aeta
689 1498 826 1533 moveri
841 1499 876 1532 in
894 1507 1078 1542 utrunque
1091 1507 1293 1534 extremum
1308 1520 1318 1530 ·

378 1542 521 1581 Etenim
536 1544 651 1586 medi·
665 1547 758 1586 bona
769 1546 935 1595 quaedam
945 1547 1050 1585 utilia
1067 1545 1146 1584 sunt
1156 1557 1222 1600 pro
1238 1543 1322 1582 finis

1392 1399 1656 1446 impossibilium
1684 1425 1695 1440 ,

1023 117 1205 165 Summae
1228 115 1426 187 'joannis
1461 120 1590 167 Dans
1623 115 1741 170 Scoti

1403 187 1650 236 affequutione
1668 215 1680 231 ‚
1706 190 1768 226 niii
1783 200 1870 236 ergo
1883 192 1912 227 is
1923 187 2026 226 aetus
2041 188 2083 225 ad
2102 187 2206 225 finem
2230 189 2350 226 inten-

1401 289 1528 329 finem,
1552 287 1609 323 sed
1626 290 1681 324 vel
1697 302 1767 326 non
1794 302 2015 338 appetuntur
2032 319 2043 334 ,
2068 303 2129 326 aut
2155 301 2253 327 certe
2277 304 2346 327 ea..

1399 339 1568 375 voluntas
1586 340 1663 374 vult
1680 343 1890 389 appetitque
1904 368 1916 383 ,
1942 353 2012 377 non
2026 352 2204 388 quatenus
2229 342 2347 378 media.

1400 391 1480 426 sunt
1494 414 1505 429 ,
1532 387 1586 422 sed
1599 390 1720 435 potius
1736 404 1776 426 ut
1788 393 1890 428 aliam
1906 393 2107 427 bonitatem
2136 393 2238 428 nae-”ta
2263 392 2344 429 sunt

1399 444 1434 476 in
1452 449 1582 484 genere
1596 442 1710 478 entis.
1727 444 1809 477 Hoc
1823 443 1914 478 enim
1929 441 2005 487 ipso
2023 469 2034 484 ,
2059 442 2158 490 quod
2184 455 2343 487 :egrotus

1400 490 1572 528 adhibere
1595 489 1673 524 vult
1698 491 1910 527 medicinam
1936 491 2101 528 idoneam
2130 494 2258 529 morbo
2280 493 2342 529 de·

1399 538 1586 591 pellendo,
1612 541 1689 574 vult
1704 542 1852 577 subinde
1867 543 2039 578 intentam
2056 541 2238 579 sanitatem
2253 570 2262 579 .

1498 593 1625 638 Qum
1638 601 1724 626 vero
1737 594 1905 627 voluntas
1919 590 1960 625 ad
1981 592 2084 627 finem
2109 595 2337 637 terminatur,

1400 655 1463 692 per
1478 643 1577 690 prius
1590 642 1667 675 vult
1681 641 1784 677 finem
1804 668 1814 683 ,
1840 654 1880 676 ac
1891 641 2019 676 deinde
2036 642 2148 676 media
2161 643 2202 676 ad
2216 645 2337 687 finem,

1400 695 1435 729 &
1452 704 1521 728 non
1536 700 1674 725 tantum
1690 695 1789 738 prius
1802 702 1929 726 natura
1943 717 1954 732 ,
1984 691 2040 725 sed
2063 694 2166 727 etiam
2195 694 2228 728 id
2254 708 2338 731 eve-

1399 744 1477 779 nire
1490 739 1603 789 potest
1619 741 1716 786 prius
1731 743 1921 777 duratione
1938 766 1946 775 .
1966 742 2071 777 Vnde
2093 741 2253 779 infirmus
2277 757 2340 780 vo-

1402 794 1479 829 lens
1492 790 1632 826 sanitati
1649 793 1786 828 restitui
1800 819 1810 834 ,
1833 792 1897 838 qui
1912 789 1960 825 est
1974 790 2054 827 finis
2066 818 2076 833 ,
2097 793 2340 841 posteriorita-

1401 854 1435 879 te
1449 840 1647 878 durationis
1673 841 1849 878 consultat
1877 840 1920 876 de
1941 843 2090 885 mediis,
2120 843 2342 891 adhibetque

1402 895 1518 930 media
1541 893 1654 936 magis
1686 893 1812 929 idonea
1847 903 1913 942 pro
1947 890 2201 942 consequendo
2240 893 2342 932 firm.

1397 955 1536 981 amato.

1498 997 1584 1031 Hoc
1600 1004 1721 1030 autem
1735 994 1782 1030 est
1798 994 2071 1040 intelligendum
2099 995 2141 1030 de
2168 997 2342 1033 volitione
2370 992 2514 1063 ieiz'nffl'
2535 1009 2561 1038 q.

2389 1073 2446 1100 ΖΑ.
2457 1076 2484 1102 6.
2493 1085 2522 1113 q·
2536 1085 2560 1106 ι.

1397 1044 1554 1082 efficaci.
1572 1046 1666 1081 Nam
1683 1045 1705 1081 si
1719 1044 1946 1081 inefficaciter
1963 1045 1997 1080 δε
2015 1045 2258 1083 conditionate
2277 1060 2340 1082 vo-

1396 1096 1514 1132 luntas
1531 1096 1614 1130 velit
1634 1095 1762 1139 finem,
1795 1094 1988 1142 agnoscens
2003 1094 2098 1131 illius
2122 1096 2341 1142 impossibili-

1397 1156 1504 1182 tatem
1520 1157 1591 1181 non
1609 1145 1743 1191 sataget
1756 1146 1799 1181 ad
1822 1145 2034 1192 inquirenda
2061 1145 2175 1181 media
2204 1159 2270 1193 pro
2298 1149 2338 1183 ii-

1400 1197 1473 1234 lius
1488 1196 1763 1243 affequutione:
1784 1199 1877 1235 Nam
1893 1196 1955 1232 ubi
1969 1196 2063 1231 nulla
2082 1196 2157 1243 spes
2188 1196 2337 1244 affulget

1397 1245 1441 1283 de
1465 1245 1720 1294 consequendo
1740 1248 1863 1294 aliquo
1884 1246 1954 1284 fine
1977 1271 1990 1290 ,
2020 1248 2077 1281 vel
2101 1249 2201 1282 nullo
2229 1250 2337 1283 modo

1395 1301 1596 1345 appetitur,
1620 1299 1676 1334 vei
1691 1299 1883 1334 admodum
1912 1296 2089 1339 tenuiter,
2115 1296 2210 1332 unde
2239 1298 2335 1335 reete

1395 1349 1480 1383 dicit
1492 1348 1729 1391 Aristotelea,
1749 1349 1958 1385 eleetionem
1975 1359 2045 1382 non
2073 1345 2140 1382 effe
2172 1346 2332 1394 respeehz

1725 1410 1832 1446 atque
1857 1399 1926 1434 hoc
1956 1397 2063 1433 modo
2088 1397 2243 1431 damnati
2270 1412 2334 1445 ap-

1393 1459 1521 1495 petunt
1537 1449 1820 1492 beatitudinem,
1844 1460 1882 1484 ur
1909 1450 2043 1484 bonum
2072 1446 2334 1485 commodum-2

1393 1498 1549 1546 ipsorum
1568 1525 1580 1541 ,
1606 1499 1664 1535 sed
1678 1499 1840 1537 videntes
1856 1497 1890 1537 se
1903 1499 1947 1533 ad
1959 1497 2168 1545 impossibile
2193 1499 2331 1542 conari,

1393 1561 1467 1587 non
1477 1548 1669 1587 consulunt
1682 1549 1725 1586 de
1735 1550 1861 1588 mediis
1877 1559 1942 1594 pro
1956 1549 2050 1583 illius
2066 1548 2253 1593 adeptione
2269 1572 2281 1584 .

1403 250 1478 277 tum
1491 239 1706 275 terminetur
1720 268 1731 283 ,
1752 239 1826 287 jam
1841 253 1911 276 non
1927 251 2150 288 appetuntur
2163 240 2278 276 media
2305 240 2348 276 ad
2380 215 2570 282 2³51.²r5'¹''³‘
