2618 4026
173 993 234 1047 (a)

94 3035 204 3064 nostor
232 3032 298 3061 loeo

96 3084 142 3101 eit.
157 3078 181 3103 ό.
196 3072 301 3110 Adpro-

95 3114 222 3150 possum.

98 3300 147 3327 §fd
159 3300 219 3328 vide
230 3307 301 3338 p.p·

98 3348 125 3374 q·
138 3347 180 3364 ιι·
202 3347 256 3366 ΔΥιί
273 3347 302 3366 l·

421 172 485 216 42
501 170 524 200 2

330 228 470 275 pliciter
486 228 518 258 in
535 223 613 258 Deo
635 217 780 269 reperiri
808 220 1021 267 nagavimus
1042 235 1053 262 3
1083 224 1167 268 quia
1192 223 1270 257 lim·

332 274 705 324 pliciteripsuminter
723 300 732 315 ‚
757 275 789 308 8(
817 284 1016 307 creaturam
1040 272 1108 307 effe
1146 273 1270 316 nequit

331 329 544 372 equalitas3
571 323 631 362 etsi
659 325 725 362 esse
750 322 848 370 poffit
875 322 1064 357 secundum
1091 321 1270 368 quandam

329 377 624 427 proportionem,
653 376 755 413 sicuti
782 376 873 407 inter
899 373 1080 412 dominum
1099 397 1108 412 ,
1137 373 1170 407 8(
1200 370 1271 407 ser-

329 439 415 464 vum
434 453 444 467 ,
466 427 767 472 quemadmodum
782 422 911 459 decere
933 423 1167 466 intelligimus
1204 421 1268 455 do-

329 481 462 514 minum
503 477 679 514 liberalem
725 474 921 510 retribuere
955 470 1070 517 majus
1104 473 1236 506 bonum
1257 497 1268 512 ,

326 534 437 577 qu'am
462 526 584 564 servus
608 527 707 576 poffit
732 522 885 563 mereri,
911 521 1106 557 dummodo
1149 521 1268 557 servus

329 594 367 617 ea
381 578 517 626 praestet
531 606 540 620 ,
565 592 644 625 quae
658 579 700 613 ad
725 575 861 610 fidelem
889 570 1026 620 servum
1042 571 1192 618 pertinet
1206 582 1270 606 ex-

329 636 451 670 hibere
470 631 502 662 in
521 631 713 666 utilitatem
732 622 931 672 quamlibet
956 622 1088 656 domini
1110 620 1161 661 sui
1180 646 1188 654 .
1218 620 1268 656 At

327 679 594 720 distributivam
608 680 781 726 justitiam
798 672 1000 718 {impliciter
1018 671 1098 706 Deo
1113 670 1268 707 attribui

330 736 486 776 debere,
521 742 657 766 certum
680 728 727 764 est
759 752 767 760 .
804 726 890 759 Haec
908 723 999 756 enim
1017 720 1155 767 respicit
1168 719 1268 766 quasi

330 796 473 821 namtas
489 809 498 823 ,
524 783 558 817 8(
575 779 806 821 perfeeliones
820 774 871 808 eis
886 770 1128 816 superadditas
1146 784 1158 811 ;
1173 774 1270 806 Nam

331 838 366 872 in
397 832 604 871 Hier-archia
633 825 786 863 univerfi
811 835 829 856 a
854 821 1017 866 Principe
1051 820 1131 856 Deo
1152 819 1269 855 distri-

331 888 494 922 buuntur
524 879 759 926 perfeffiones
794 872 986 907 nobiliores
1016 871 1271 907 convenientes

330 938 466 974 naturis
479 929 745 969 sublimioribus
763 952 773 967 ‚
800 924 832 958 8(
852 924 967 980 minus
981 923 1119 958 nobiles
1142 933 1272 958 ornan-

331 1000 390 1024 tur
402 983 679 1035 perfeetionibus
690 980 738 1015 eis
751 974 1032 1023 proportionatis
1051 1000 1064 1016 ,

430 1033 614 1084 Quoniam
631 1024 827 1077 itaqueefl'e
839 1035 908 1060 non
935 1025 1049 1070 potest
1072 1024 1273 1072 {impliciter

329 1085 583 1123 commutativa
598 1080 732 1129 justitia
747 1080 842 1112 inter
863 1076 993 1118 Deum,
1010 1077 1043 1112 &
1059 1084 1273 1118 creaturam,

327 1139 382 1175 his
397 1136 566 1173 extremis
578 1136 610 1169 in
624 1131 804 1169 infinitum
819 1124 1276 1174 distantibus‚8<propterea

330 1188 571 1236 aequalitatem
590 1179 870 1221 excludentibus
890 1188 902 1216 3
926 1174 1028 1224 super
1038 1189 1108 1224 qua
1129 1178 1275 1224 :equali-

330 1249 403 1277 tate
414 1238 499 1279 dati,
515 1239 545 1272 8<
562 1235 698 1281 accepti
717 1227 908 1266 neceffario
926 1226 1099 1263 fundatur
1112 1239 1273 1263 commu-

330 1290 443 1325 tativa
462 1287 598 1334 justitia
616 1311 626 1327 ‚
649 1281 795 1320 evidens
809 1276 859 1315 est
888 1276 935 1312 Τὸ
950 1277 1048 1325 quasi
1063 1279 1221 1314 debitum
1235 1279 1272 1313 in

333 1337 655 1387 praesentiquaefito
673 1361 682 1374 ,
712 1328 807 1366 baud
835 1329 1028 1373 importare
1056 1327 1152 1374 posl‘e
1180 1328 1273 1362 hanc

331 1391 571 1436 aequalitatem
586 1383 791 1431 {impliciter
807 1405 818 1421 ‚
842 1379 931 1412 bene
946 1388 1059 1413 tamen
1079 1377 1272 1412 secundum

329 1439 440 1489 quid,
469 1442 500 1476 8(
518 1451 561 1473 ex
579 1435 731 1484 quadam
751 1429 981 1477 proportione
995 1455 1005 1471 ‚
1033 1429 1146 1475 qualis
1160 1427 1208 1463 est
1222 1428 1274 1462 in-

331 1502 382 1526 ter
398 1481 580 1525 dominum
599 1513 607 1527 ,
632 1487 665 1521 8(
683 1483 820 1518 servum
839 1506 848 1518 ‚
878 1478 1064 1514 usmetum
1089 1477 1138 1513 est
1155 1504 1164 1514 .
1192 1478 1273 1514 Un-

329 1541 373 1576 de
390 1539 581 1574 Anl‘elmus
595 1534 731 1571 ΡτοΓοΙ.
752 1543 806 1566 10.
824 1527 916 1564 Cum
929 1532 1042 1576 parcis
1070 1527 1188 1569 malis,
1217 1529 1271 1562 in-

329 1592 410 1635 quit
424 1589 559 1633 iuffum
571 1588 618 1631 es}
633 1613 643 1628 ,
669 1594 733 1620 non
750 1582 837 1627 quia
860 1579 1002 1613 illorum
1022 1580 1159 1614 meritis
1175 1576 1275 1622 ,sed

329 1632 496 1687 quietem
508 1637 711 1674 voluntati,
738 1632 782 1672 ξφ
805 1630 958 1667 bonitati
984 1627 1169 1663 condecens
1199 1628 1272 1675 est.

330 1693 407 1727 Ubi
421 1691 558 1726 nullum
574 1686 765 1722 anselmus
778 1680 935 1727 agnoscit
947 1678 1007 1724 jus
1030 1677 1219 1714 fundatum
1237 1678 1273 1713 in

330 1740 517 1790 quibusvis
531 1747 694 1781 creature
707 1734 876 1780 operibus
892 1730 1051 1776 respeetu
1064 1728 1275 1764 retributio-

330 1794 385 1829 nis
398 1802 534 1828 aeternae
549 1816 559 1831 ‚
588 1788 644 1824 sed
662 1785 774 1821 solum
792 1783 825 1816 in
844 1782 1002 1816 bonitate
1017 1807 1026 1822 ‚
1054 1779 1087 1813 8(
1103 1779 1274 1814 volunta-

331 1855 366 1879 te
382 1845 447 1878 De³
473 1840 615 1885 elargiri
644 1834 799 1872 volentis
822 1832 993 1867 creaturis
1014 1829 1272 1873 rationalibus,

325 1895 436 1930 morlo
450 1892 578 1927 faciant
605 1884 871 1937 quodipsarum
886 1879 1053 1922 interest,
1078 1881 1267 1926 proemium

332 1945 431 1984 quod
454 1941 644 1990 promereri
673 1950 742 1974 non
768 1946 987 1984 potuerunt,
1015 1945 1078 1970 nec
1102 1932 1245 1976 poff'unt
1261 1958 1271 1971 .

328 1985 462 2032 Merita
475 2004 560 2039 ergo
584 1999 816 2039 quaecunque
853 1996 1101 2022 creaturarum
1123 1983 1275 2018 fundant

331 2046 493 2081 debitum
510 2041 684 2079 mercedis
700 2037 929 2085 rependendae
943 2062 953 2077 ,
970 2047 1010 2071 ut
1022 2045 1275 2081 comparantur

332 2097 375 2132 ad
393 2093 634 2141 promissiones
664 2090 802 2126 divinas
819 2115 830 2129 ‚
853 2087 887 2122 8(
906 2088 1105 2130 largitatem
1125 2111 1137 2126 ,
1154 2084 1269 2121 &mi-

334 2144 562 2183 sericordiam
581 2141 647 2178 Dei
662 2140 779 2176 dantis
798 2164 808 2179 ‚
833 2137 932 2183 quod
947 2135 1042 2172 suam
1056 2135 1156 2190 decet
1172 2135 1275 2169 boni-

332 2208 444 2233 tatem
462 2222 471 2237 ‚
495 2195 588 2235 illis,
613 2191 674 2239 qni
696 2189 957 2235 praeveniente‚
985 2186 1018 2222 &
1047 2184 1274 2230 adjuvante,

333 2249 465 2283 divinae
483 2244 605 2291 gratiae
617 2239 760 2279 auxilio
775 2267 786 2282 ,
813 2240 935 2274 annixi
961 2236 1039 2271 sunt
1061 2234 1277 2284 servarepro

333 2308 495 2345 tempore
512 2287 979 2343 peregrinationisinjunfla
997 2284 1162 2321 mandata
1181 2311 1190 2321 .

436 2347 494 2383 Ad
525 2349 734 2389 argumenta
752 2367 759 2374 .
783 2339 841 2373 Ad
869 2339 1024 2385 primum
1053 2334 1275 2381 respondeo,

333 2399 450 2433 omitia
467 2424 476 2438 ‚
505 2397 537 2432 ἃ
556 2392 710 2438 lingula,
737 2400 817 2435 quae
832 2387 995 2436 prestare
1022 2385 1136 2442 potes}
1165 2386 1276 2421 homo

333 2448 369 2484 in
386 2448 598 2493 obsequium
614 2468 625 2485 ,
649 2441 682 2477 8(
699 2439 870 2476 honorem
899 2438 1028 2473 divinae
1057 2436 1251 2481 majestatis
1264 2463 1275 2480 ,

333 2498 400 2533 effe
419 2499 537 2534 debita
555 2494 602 2529 illi
621 2491 736 2527 titulis
762 2489 950 2526 creationis
967 2515 977 2528 ‚
999 2487 1249 2533 redemptionis
1265 2514 1276 2530 ‚

333 2544 615 2584 conservationis
639 2543 707 2577 Sec.
727 2541 769 2576 Et
794 2540 874 2577 ideo
902 2539 988 2576 nihil
1021 2538 1169 2572 omnino
1187 2537 1277 2580 effe,

332 2611 396 2634 nec
416 2597 557 2639 reperiri
573 2591 667 2640 posse
687 2592 721 2626 in
754 2590 927 2626 creaturis
945 2617 955 2632 ,
980 2588 1081 2635 super
1111 2599 1186 2634 quo
1198 2587 1279 2624 fun·

331 2648 436 2683 detur
453 2641 682 2688 sit-{Etumjus
702 2642 876 2677 mercedis
892 2667 903 2682 ,
927 2652 967 2675 ac
981 2639 1114 2687 praemii
1131 2639 1279 2674 redden-

331 2699 445 2738 dioro
472 2699 556 2738 illo,
586 2694 619 2729 8(
654 2701 841 2739 propterea
871 2700 1066 2739 negamuS,
1094 2688 1161 2725 effe
1189 2691 1278 2726 inter

331 2741 449 2785 Deum
480 2750 512 2785 3<
539 2743 719 2780 hominem
754 2740 927 2787 justitiam
957 2743 1251 2777 commutativam
1265 2766 1279 2783 ‚

330 2811 413 2845 quae
435 2796 639 2845 superhanc
652 2792 824 2828 fundatur
839 2793 1079 2839 aequalitatem
1098 2815 1107 2825 .
1137 2792 1279 2827 Verun-

332 2862 450 2886 tamen
467 2860 548 2883 cum
576 2844 646 2878 hoc
669 2843 863 2889 stareposse
882 2870 890 2883 ‚
919 2853 957 2877 ut
972 2841 1088 2876 adhuc
1117 2839 1278 2877 versetur

335 2897 615 2936 inter‘hominem
645 2893 676 2929 8(
701 2892 967 2939 Deumjustitia
991 2890 1144 2939 quedam
1158 2891 1280 2928 secun.

334 2950 418 2985 dum
436 2948 527 2997 quid
537 2945 799 2981 commutativa
818 2972 828 2988 ‚
857 2944 1006 2979 reddens
1019 2952 1081 2989 pro
1109 2941 1211 2976 fac‘tis
1224 2955 1278 2978 re-

335 3000 415 3039 ete,
441 2995 630 3040 &ailegis
658 2993 789 3029 divinae
820 2994 1019 3041 praescripta
1037 3019 1046 3033 ,
1076 2992 1275 3038 promiffam

334 3049 530 3088 mercedem
545 3071 554 3080 .
582 3047 670 3080 Haec
687 3044 943 3091 igitur-justitia
960 3053 1150 3079 exercetur
1167 3045 1277 3089 magis

333 3101 440 3148 juxta
458 3097 655 3134 bonitatem
672 3121 682 3136 ‚
694 3095 726 3129 8(
744 3095 941 3143 largitatem
955 3093 1071 3128 dantis
1085 3117 1095 3134 ‚
1109 3104 1216 3137 quam
1229 3105 1278 3128 re„

335 3151 500 3195 cipientis
516 3176 525 3190 ‚
543 3144 627 3180 idest
643 3145 817 3186 facientis,
834 3147 865 3181 8(
884 3142 1161 3190 repraesentantis
1178 3143 1277 3188 quod

339 3203 552 3248 imperatum
581 3194 628 3231 est
643 3195 717 3230 fieri
737 3221 744 3229 .
776 3197 806 3233 ls
821 3194 1011 3231 enimnibil
1027 3193 1173 3228 omnino
1195 3193 1278 3228 dare

338 3248 453 3299 potest
472 3248 549 3288 illi,
577 3257 681 3292 aquo
710 3247 870 3293 cxpeetat
898 3245 1109 3291 proemium,
1139 3243 1170 3276 ἃ
1199 3243 1280 3279 ideo

338 3301 512 3345 elargiens
527 3296 724 3331 mercedem
738 3322 748 3337 ‚
778 3307 957 3343 qnatenus
974 3293 1071 3327 snam
1101 3293 1201 3328 decet
1217 3295 1281 3327 bo-

339 3353 484 3387 nitatem
502 3345 543 3386 ,st
561 3357 628 3380 non
643 3346 724 3379 dare
742 3349 855 3382 mallet
873 3374 882 3387 ‚
904 3345 988 3381 nulli
1002 3344 1172 3387 irrogaret
1185 3342 1281 3388 inju-

339 3404 424 3437 riam
446 3427 456 3442 ‚
476 3397 561 3444 quia
580 3394 665 3429 nibil
681 3394 728 3429 cst
753 3407 938 3444 acceptum
964 3395 1008 3429 ab
1026 3403 1068 3427 co
1086 3419 1096 3433 ‚
1122 3393 1214 3428 unde
1228 3403 1282 3429 te-

340 3461 464 3488 neatur
486 3473 495 3482 .

441 3502 566 3544 Atque
584 3505 625 3530 ex
641 3496 694 3531 bis
707 3507 801 3543 patet
821 3522 829 3531 .
855 3492 1147 3540 eftdsecundum
1165 3515 1175 3526 .

380 3594 424 3620 (a)
464 3587 531 3615 Hoc
546 3584 656 3621 egregie
670 3592 704 3612 ex
715 3583 851 3619 Scriptura
867 3602 874 3616 ‚
886 3582 1011 3610 Patribus
1024 3600 1033 3614 ‚
1047 3583 1074 3611 &
1087 3580 1223 3609 Conciliit
1235 3580 1284 3608 de-

342 3626 431 3655 clarat
451 3622 557 3661 Magist.
572 3623 703 3658 iliquoeuz
716 3622 744 3649 in
757 3626 910 3650 commem.
922 3620 998 3656 super
1009 3630 1034 3656 q.
1065 3629 1089 3647 ι.
1103 3618 1162 3653 dist.
1174 3622 1224 3653 46.
1236 3618 1286 3646 cil.

342 3673 437 3693 contra
451 3661 598 3690 suarclium
613 3660 694 3688 aliter
707 3669 868 3696 opinantem
883 3658 1007 3686 adversm
1029 3667 1210 3686 communem
1227 3656 1283 3685 sen-

342 3703 458 3732 tentiam
474 3708 601 3730 vetet-vm
616 3700 640 3725 8(
655 3699 840 3726 recentiorum
854 3696 1074 3733 Theologorum
1090 3713 1100 3722 .

381 3742 447 3769 ΗΞ(
459 3740 556 3767 eadem
571 3738 599 3766 S.
613 3737 630 3764 ’1
644 3737 739 3764 homas
751 3736 792 3764 hit-
805 3738 830 3764 &
843 3736 873 3763 ln
884 3736 958 3770 seqq.
981 3734 1076 3764 dictus
1102 3733 1174 3762 inter
1196 3733 1288 3762 Deum

343 3783 377 3807 Ψ
389 3778 523 3806 bominem
539 3785 588 3802 non
602 3774 649 3808 effi-
659 3774 801 3808 meritum,
814 3772 1036 3812 rifi-secundum]
1046 3770 1288 3812 raesuppositionem

341 3816 444 3844 divine
454 3815 528 3843 ordin
535 3812 614 3841 tit-'nn
622 3812 640 3839 Ἰ
653 3831 661 3840 .

986 155 1166 205 Summae
1198 150 1388 219 ‘joannis
1427 155 1557 202 Duns
1573 152 1689 202 Scott‘

1445 223 1505 258 Ad
1518 223 1609 258 confi
1617 223 1826 259 rmationem
1840 221 2036 269 respondeo
2049 249 2058 264 ‚
2079 226 2195 261 Deum
2207 227 2285 265 fim.

1342 273 1480 320 pliciter
1496 275 1627 310 nemini
1642 273 1706 308 effe
1719 272 1915 309 debitorem
1933 299 1945 314 ,
1957 274 2018 308 nifi
2036 276 2185 311 bonitati
2201 277 2281 318 suae,

1341 334 1379 357 ut
1395 321 1518 370 diligat
1532 335 1630 359 eamz
1657 323 1841 368 Quicquid
1858 336 1976 360 autem
1998 326 2173 369 impendit
2186 353 2198 369 ,
2219 337 2284 363 aut

1341 374 1503 419 rependit
1522 371 1589 409 suis
1601 372 1760 407 tribuere
1776 373 1824 408 ob
1839 372 1893 409 sui
1922 374 2167 411 liberalitatem
2186 404 2194 417 ,
2221 390 2287 414 cu-

1343 421 1404 468 jus
1419 422 1585 459 instinstu
1598 422 1841 457 communicat
1866 426 2038 461 creaturis
2054 452 2064 467 ‚
2093 426 2192 472 quod
2225 439 2285 463 ea-

1345 472 1495 507 rundem
1508 484 1634 507 natura
1653 472 1762 516 exigit
1776 484 1795 511 3·
1820 483 1901 517 quae
1914 475 2091 517 exigentia
2110 478 2143 511 in
2157 478 2206 512 eis
2220 489 2287 525 po-

1346 523 1443 557 nitur
1472 521 1656 568 quoddam
1688 518 1822 565 justum
1846 545 1859 565 ,
1892 523 1991 568 quali
2036 524 2285 562 secundarium

1346 570 1819 618 obieelumilliusjustitiae,
1846 583 1919 617 qua
1938 571 2005 607 suae
2030 577 2180 613 bonitati
2210 579 2292 613 dili·

1346 620 1468 665 gendQae
1483 622 1676 663 inclinatur
1692 634 1702 657 z
1726 621 1868 658 Revera
1882 631 1997 657 tamen
2008 625 2095 662 nihil
2112 627 2160 663 est
2174 629 2293 664 deter-

1347 671 1481 707 minate
1494 669 1629 716 justum
1647 697 1660 714 ,
1687 672 1720 710 3(
1734 681 1837 708 extra
1849 673 1966 707 Deum
1979 697 1990 712 ‚
2017 676 2076 709 nili
2091 676 2293 721 secundum

1345 719 1433 769 quid
1446 745 1459 764 ‚
1483 721 1554 771 hae
1568 721 1699 758 scilicet
1713 720 1854 768 adjeeta
1874 721 2141 762 modificatione
2155 755 2165 770 ,
2177 741 2294 776 quan-

1346 783 1423 807 tum
1438 770 1486 808 est
1500 784 1546 809 ex
1560 782 1659 820 parte
1690 783 1864 808 creaturae
1881 799 1891 814 ,
1924 772 1982 808 sed
2008 774 2211 822 {impliciter
2236 779 2294 825 ju-

1347 821 1439 856 stum
1455 821 1504 859 est
1521 825 1669 859 relatum
1697 821 1744 857 ad
1773 824 1924 870 primam
1945 821 2120 868 justitiam
2138 855 2149 871 ,
2175 832 2289 877 quia...

1348 870 1481 911 scilicet
1494 872 1683 910 aetualiter
1698 875 1852 911 volitum
1866 885 1885 908 a
1897 872 2031 911 Divina
2044 877 2228 916 voluntate
2242 905 2251 915 .

1507 973 2019 1014 ARTICULUS
2084 977 2134 1014 11.

1436 1074 1574 1111 Utrum
1600 1074 1731 1122 aliquis
1745 1075 1814 1111 fine
1830 1075 1944 1120 gratia
1960 1075 2059 1122 poflit
2078 1081 2206 1118 mereri

1655 1125 1767 1162 vitam
1781 1126 1975 1162 aeternam?

1480 1228 1611 1269 Doft'or
1631 1225 1711 1269 Iocis
1725 1229 1763 1262 in
1779 1227 1939 1273 margine
1959 1227 2135 1271 adnotatis
2147 1258 2157 1267 ,

1546 1279 1587 1316 S.
1609 1277 1730 1316 Thom.
1750 1290 1780 1313 1.
1795 1289 2097 1326 2.q.114.art.2.

1460 1378 1742 1424 Uandoquidem
1760 1379 1830 1414 hoc
1844 1380 1935 1416 idem
1951 1381 2138 1428 quaelitum
2161 1382 2200 1420 S.
2220 1385 2296 1420 Do-

1472 1429 1547 1465 &or
1559 1426 1709 1464 discuffit
1725 1428 1827 1477 supra
1840 1429 1960 1478 quaest.
1981 1441 2173 1479 109.art.5.
2190 1433 2297 1480 caje-

1345 1493 1451 1518 tanos
1473 1481 1512 1516 in
1535 1486 1712 1515 comment.
1743 1478 1848 1526 hujus
1871 1489 1941 1518 art.
1962 1480 2082 1518 scribit
2108 1510 2120 1527 ,
2147 1485 2297 1520 eandem

1347 1530 1580 1582 quaestionem
1596 1531 1796 1577 utrobique
1810 1532 1854 1567 ab
1869 1543 1912 1568 eo
1926 1530 2142 1579 disputatam
2169 1533 2269 1571 fuiffe
2280 1560 2294 1580 ,

1352 1592 1392 1618 ut
1409 1593 1562 1629 uterque
1574 1578 1750 1617 traetatus
1766 1607 1777 1623 ,
1806 1593 1933 1629 nempe
1947 1582 1990 1618 de
2007 1585 2203 1620 necestitate
2216 1597 2298 1629 gra-

1351 1633 1455 1668 tiaein
1474 1641 1610 1679 q.·109.
1629 1656 1641 1673 ‚
1666 1630 1700 1667 8(
1717 1632 1759 1668 de
1774 1633 1902 1668 merito
1926 1633 2133 1680 inpraesenti
2164 1662 2174 1677 ‚
2206 1637 2294 1672 inte·

1349 1694 1412 1729 ger
1428 1681 1537 1718 effet.
1565 1681 1613 1717 At
1637 1681 1876 1729 vasquefius,
1903 1683 1982 1729 Ego
2003 1686 2148 1730 quidem
2172 1709 2184 1728 ‚
2211 1689 2266 1720 ait
2282 1713 2295 1729 ,

1350 1745 1414 1770 non
1428 1732 1553 1769 dubito
1565 1757 1577 1772 ,
1603 1731 1651 1769 S.
1670 1729 1836 1768 Thomam
1861 1735 2046 1780 utrobique
2060 1736 2161 1783 egffi
2185 1735 2227 1770 de
2237 1748 2297 1771 ne-

1349 1780 1893 1829 ceffitategratiaefhnfi'ificantis
1908 1784 1955 1819 ad
1966 1788 2152 1826 Μενίππης
2166 1788 2297 1821 mirum

1349 1843 1466 1870 tamen
1481 1845 1545 1869 non
1560 1832 1609 1879 est
1625 1860 1635 1874 ,
1666 1835 1852 1881 utrobique
1870 1835 1912 1870 de
1928 1846 1965 1869 re
1982 1836 2102 1871 eadem
2118 1835 2300 1881 disputas-

1341 1884 1384 1933 se
1399 1881 1507 1929 ‚ficut
1522 1882 1651 1919 indiis
1669 1887 1775 1920 etiam
1794 1886 1894 1920 rebus
1907 1885 2299 1931 interdumfierifhlet.

1454 1934 1506 1970 N
1507 1947 1538 1970 us
1546 1942 1590 1981 pr
1600 1954 1606 1965 ι
1606 1932 1687 1979 sus*
1681 1934 1772 1981 cepti
1786 1935 1949 1972 inft’iruti
1959 1933 2101 1972 ratione*
2113 1939 2156 1974 S.
2169 1937 2300 1974 ‘Doch-

1351 1988 1402 2024 νίς
1432 1984 1590 2030 vestigiis
1614 1984 1822 2021 inhaerentes
1846 2012 1857 2027 ,
1898 1991 2017 2024 eadem
2042 2000 2087 2025 ex
2117 1989 2302 2032 Magtffio

1353 2039 1456 2076 Scoto
1469 2034 1631 2082 praestare
1645 2034 1851 2073 conabimur
1860 2061 1870 2072 .

1452 2084 1610 2121 Videtur
1623 2087 1752 2133 aliquis
1765 2088 1834 2124 {ine
1848 2090 1962 2135 gratia
1984 2092 2109 2126 mereri
2135 2091 2230 2136 poli'e
2249 2092 2300 2125 vi·

1360 2147 1624 2174 tamaeternam
1647 2164 1655 2174 .
1675 2139 1824 2176 ‘Etenim
1851 2141 2139 2184 unumquodque
2165 2152 2301 2177 naturae

1351 2188 1420 2223 suc
1434 2189 1666 2234 propensione
1678 2188 1721 2224 ad
1735 2190 1893 2224 ultimam
1911 2188 1961 2222 sui
1979 2191 2234 2232 perfeffionem
2249 2194 2300 2231 in.

1351 2239 1504 2273 clinatur
1518 2263 1527 2277 ‚
1554 2240 1849 2285 eamqueappetit
1867 2265 1877 2278 ‚
1908 2238 1930 2272 fi
1947 2242 2105 2282 potentia
2131 2242 2302 2287 appetiti-

1354 2299 1396 2323 va
1409 2287 1597 2334 praeditum
1612 2290 1651 2323 {it
1667 2315 1678 2330 ,
1704 2290 1755 2323 uti
1772 2289 1908 2323 homo:
1938 2289 2009 2324 Sed
2041 2290 2101 2324 nist
2134 2292 2177 2325 ad
2203 2293 2300 2329 illam

1351 2339 1551 2387 pertingere
1564 2338 1676 2385 posset
1689 2365 1700 2381 ,
1727 2337 1895 2386 spectatis
1911 2337 2020 2383 ipfius
2043 2342 2196 2375 naturali
2221 2354 2299 2386 per.

1351 2390 1504 2426 festione
1529 2390 1562 2425 8(
1596 2390 1737 2425 viribus
1767 2417 1780 2434 ,
1815 2386 1942 2425 frustra
1983 2388 2093 2424 indita
2123 2390 2155 2425 ei
2181 2390 2299 2427 fuiffet

1352 2438 1529 2486 ejusmodi
1558 2441 1744 2487 propensio
1768 2468 1780 2483 ,
1807 2440 1842 2476 8<
1871 2438 2041 2473 incass'um
2072 2439 2300 2485 desideraret,

1352 2489 1452 2538 quod
1470 2488 1574 2537 supra
1598 2489 1678 2537 ejus
1691 2494 1786 2528 vires
1818 2489 1901 2526 effer
1923 2488 2158 2530 costitutum3
2188 2492 2301 2538 igitur

1350 2550 1498 2589 apparet
1511 2567 1521 2582 ,
1550 2540 1732 2579 hominem
1751 2542 1821 2578 stne
1837 2540 1951 2586 gratia
1973 2542 2097 2576 mereri
2113 2540 2230 2585 posse,
2258 2554 2299 2578 ac

1351 2592 1555 2640 pertingere
1570 2594 1610 2629 ad
1629 2594 1733 2631 vitam
1750 2603 1917 2629 aeternam
1932 2617 1944 2632 ‚
1966 2601 2048 2638 quae
2059 2591 2108 2627 est
2121 2590 2200 2639 ejus
2213 2593 2299 2629 ulti·

1353 2653 1446 2679 mata
1465 2642 1615 2680 felicitas
1629 2672 1639 2687 ,
1668 2645 1702 2680 8(
1723 2643 1916 2690 ρει-Ρεᾶἰο.

1454 2693 1626 2732 Praeterca
1643 2723 1653 2738 ,
1678 2695 1746 2732 Etli
1766 2694 1925 2742 potentia
1937 2692 2170 2732 habituabilis
2186 2722 2197 2737 ‚
2227 2707 2298 2732 una

1352 2755 1437 2779 cum
1451 2741 1578 2781 babitu
1591 2749 1625 2781 in
1643 2745 1887 2792 perfeffiorem
1900 2743 1999 2790 poffit
2026 2747 2270 2791 operationem
2287 2773 2298 2789 ‚

1353 2793 1544 2840 quamsme
1563 2797 1715 2837 habitu3
1740 2807 1895 2832 attamen
1907 2805 2029 2830 carens
2051 2794 2177 2832 habitu
2195 2822 2205 2837 ,
2233 2797 2298 2833 in„

1353 2843 1585 2882 substantiam
1600 2847 1712 2894 potest
1724 2845 1883 2893 ejusdem
1896 2845 2113 2891 operationis
2132 2845 2211 2889 ,etfi
2226 2858 2298 2882 non

1353 2894 1468 2940 usque
1486 2895 1574 2932 adeo
1588 2897 1728 2934 intensae
1744 2925 1755 2941 ‚
1781 2897 1890 2944 idque
1901 2894 1950 2930 est
1962 2894 2130 2938 evidens,
2155 2907 2236 2931 curn
2253 2907 2300 2932 ex

1354 2945 1494 2980 aetibus
1508 2946 1668 2984 habitum
1688 2946 1969 2995 praecedentibus
1980 2973 1990 2988 ,
2007 2944 2077 2991 ipse
2090 2946 2298 2992 acquiratur

1354 2995 1413 3030 seu
1430 2996 1632 3034 innascatur
1643 2998 1788 3035 habitus
1803 3001 1837 3033 ln
1853 2997 2215 3044 potentia‚ergoquia
2232 2996 2298 3032 ho-

1354 3056 1412 3081 mo
1429 3056 1508 3080 cum
1524 3051 1634 3093 gratia
1666 3048 1849 3094 diligendo
1882 3047 2001 3081 Deum
2029 3045 2063 3080 8(
2096 3046 2303 3093 proximum

1353 3098 1478 3131 mereri
1491 3099 1599 3143 pozest
1614 3100 1724 3135 vitam
1739 3097 2042 3146 eternam,pariter
2058 3096 2092 3131 8(
2108 3097 2174 3132 line
2186 3099 2303 3142 gratia

1354 3145 1502 3182 eandem
1515 3150 1709 3185 merebitur
1734 3148 1875 3185 eosdem
1906 3146 2007 3181 aetus
2023 3146 2227 3182 dilec‘tionis
2241 3147 2303 3182 eli-

1355 3195 1481 3231 ciendo
1496 3225 1505 3239 ‚
1533 3201 1611 3235 licet
1630 3212 1699 3235 non
1712 3200 1803 3234 adeo
1817 3195 1993 3246 perfthos
2004 3220 2013 3230 ·

1464 3248 1640 3285 Praeterea
1656 3276 1664 3290 ‚
1690 3252 1812 3286 Homo
1825 3259 1906 3282 cum
1921 3246 2059 3282 auxilio
2085 3245 2214 3284 afluali
2232 3247 2301 3283 fine

1360 3299 1475 3345 gratia
1488 3299 1663 3334 habituali
1683 3326 1692 3340 ,
1716 3298 1748 3333 8(
1769 3295 2008 3333 Γαηὸἲίίὶεειηῐε
2023 3322 2033 3337 ,
2056 3309 2100 3333 ex
2119 3297 2303 3334 suisnatu.

1357 3350 1490 3383 talibus
1504 3350 1594 3383 valet
1610 3349 1752 3395 diligere
1772 3350 1888 3384 Deum
1905 3345 2008 3391 super
2020 3348 2192 3390 omnia,&
2207 3348 2304 3397 plus-

1357 3410 1465 3444 quam
1497 3398 1646 3444 seipsum
1663 3425 1671 3438 ‚
1700 3409 1739 3433 ut
1767 3396 1902 3432 dietum
1933 3395 1999 3431 fuit
2031 3396 2133 3445 supra
2158 3412 2192 3448 q.
2225 3411 2304 3445 109.

1358 3459 1429 3483 art.
1448 3459 1481 3494 3.
1497 3450 1595 3484 Huic
1611 3448 1704 3483 aaut
1737 3447 1879 3482 videtur
1907 3445 2028 3482 debita
2051 3450 2125 3484 vita
2151 3461 2278 3485 aeterna
2296 3475 2308 3490 ‚

1358 3499 1442 3544 quia
1459 3499 1575 3542 gratia
1606 3496 1825 3533 sanetificans
1841 3507 1910 3530 non
1935 3498 2082 3533 inclinat
2112 3500 2154 3534 ad
2171 3498 2310 3542 aliquid

1366 3559 1495 3583 oetctna
1510 3548 1675 3583 fellcltatc
1687 3546 1929 3582 excellentius
1951 3558 1963 3587 3
1991 3559 2078 3593 ergo
2092 3549 2224 3598 aliquis
2240 3549 2309 3586 stne

1359 3599 1473 3644 gratia
1490 3597 1602 3638 potest
1621 3597 1744 3632 mereri
1769 3599 1879 3631 vitam
1899 3606 2064 3633 :eternam
2083 3624 2092 3633 .

1463 3647 1600 3682 Contra
1620 3645 1789 3694 Apost.a‹l
1809 3647 1917 3681 Rom.
1931 3646 1967 3681 6.
1984 3647 2118 3683 Gratia
2141 3649 2218 3685 Dei
2233 3653 2311 3686 vita

1361 3709 1490 3733 acerna
1511 3697 1648 3733 Rursus
1669 3723 1678 3737 ‚
1692 3696 1738 3730 est
1753 3694 1980 3742 perfeflionis
1995 3698 2028 3733 in
2042 3710 2166 3734 natura
2186 3700 2313 3736 huma-

1362 3760 1406 3782 na
1426 3759 1495 3781 non
1514 3747 1605 3792 posl'c
1625 3747 1695 3782 suis
1714 3746 2023 3784 viribustribuere
2060 3749 2220 3785 ultimam
2239 3760 2316 3797 per.

1362 3797 1395 3834 fc
1421 3800 1579 3838 tionum,
1602 3809 1682 3843 quae
1703 3796 1748 3831 est
1768 3797 1881 3832 anima
1898 3796 2080 3834 rationalis
2096 3825 2108 3841 ,
2124 3810 2211 3847 ergo
2225 3801 2317 3836 mul-

2227 3860 2265 3884 to

2332 2105 2452 2149 Prolog.
2465 2120 2493 2150 q.
2506 2121 2535 2141 t.

2339 2694 2438 2730 3.dist.
2454 2705 2500 2735 33.

2341 3246 2371 3275 4.
2383 3235 2442 3265 dist.
2453 3242 2502 3269 49.
2511 3243 2538 3272 q.

2344 3285 2391 3305 ιι.
2403 3278 2426 3306 6.
2442 3278 2482 3302 Aa
2500 3282 2539 3312 op·
2580 3302 2581 3305 ,

2340 3314 2452 3353 pofitum
2465 3331 2475 3341 .
