2602 4011
703 153 862 201 Tomus
881 152 943 202 ΙΙ.
962 157 1088 203 Part.
1106 156 1165 202 ΙΙ.
1180 155 1372 228 Qaestio
1391 155 1554 205 CXIV.
1568 159 1672 208 Art.
1687 157 1742 205 II.

262 234 299 258 to
322 222 438 260 minus
455 224 618 271 praestare
634 224 765 270 poterit
780 235 818 257 ea
837 249 848 264 ‚
871 234 951 264 (ωε
966 225 1146 268 pertinent
1164 226 1208 260 ad

260 272 420 309 ordinem
437 274 734 322 supernaturalem
747 298 759 314 ‚
781 284 862 319 quae,
878 271 955 308 sunt
969 276 1084 321 gratia
1096 303 1108 318 ,
1132 288 1206 312 me-

263 324 328 358 rita
340 349 353 365 ,
377 325 410 359 8(
429 325 538 370 gloria
552 349 562 359 .

87 415 92 421 Ι
363 374 578 422 Respondeo
588 372 777 413 dicendum
792 397 803 412 2
815 371 981 419 speetatis
998 376 1136 421 legibus
1149 375 1205 410 di-

0 429 10 443 =¹
32 415 237 454 ⁶¹·d¹st·¹⁷·q·3·›
261 424 344 469 vine
361 424 536 472 sapientia
552 423 596 459 de
610 423 706 466 facto.
720 423 844 470 posuis
858 450 867 464 ,
878 424 955 461 fieri
970 426 1119 464 omnino
1131 437 1207 462 non

8 470 9 523 J
263 473 358 521 posse
375 500 388 515 ‚
403 485 440 510 ut
452 475 581 524 aliquis
594 473 662 512 siue
674 475 787 520 gratia
802 474 864 509 sibi
882 476 1081 513 inhaerente
1097 478 1207 512 vitam

8 526 9 532 ¹
264 534 619 561 mereaturaeternam
638 538 650 566 ;
676 524 789 576 Qod
806 524 887 567 sane
901 526 948 562 est
964 527 1045 563 fidei
1061 527 1207 573 dogma,

262 585 388 610 contra
405 574 558 617 haereiim
574 575 704 624 Pelagii
716 573 896 619 afferentis
914 604 926 620 ‚
941 578 1123 614 hominem
1136 578 1207 620 fine

263 625 374 670 gratia
388 623 482 671 posse
494 623 681 670 justificari
694 654 709 673 2
728 637 770 662 ac
796 625 946 664 subinde
977 630 1087 665 vitam
1106 639 1211 664 aeterq

0 706 1 710 ,
51 682 242 722 ρυοάῐὶδ.ς,
264 687 343 709 nam
355 678 571 721 promereri.
597 677 654 713 Ad
679 675 788 723 cujus
819 678 1036 717 evidentiam
1064 706 1073 722 ,
1094 677 1207 718 scien·

6 735 7 743 ¹
34 731 83 755 1⁷·
95 730 162 756 ὡς·
215 759 221 765 ,
261 724 343 763 dum
361 723 480 761 aetum
496 728 717 771 meritorium
729 727 798 764 effe
816 729 894 765 Deo
919 741 1107 777 acceptum
1136 727 1213 776 spe-

6 819 7 827 *
31 762 125 830 33¹.ss
144 768 236 830 3¹:¹⁶3]
264 774 346 814 ciali
357 776 512 822 quadam
530 780 775 826 acceptatione
792 805 803 820 ,
825 790 1016 824 propterea
1039 779 1143 827 quod
1156 791 1211 815 re-.

0 864 1 867 ,
30 840 83 876 qui
124 829 240 874 speciali
263 836 407 870 putatur·
417 826 550 873 dignus
579 831 728 878 proernio
751 828 932 865 reddendo
956 831 1071 875 gratia
1097 829 1209 877 ipsius

0 895 1 898 =
30 878 88 921 Dei
122 874 234 904 ordina·
261 875 360 911 aetus
374 903 384 914 .
404 879 561 924 Speciali
588 906 599 921 ,
621 881 768 926 inquam
806 882 1057 927 acceptatione
1082 908 1093 924 ‚
1123 881 1210 927 quia

31 924 126 982 ⁰225?
138 921 235 979 5:⁶⁶⁶,ss
262 928 344 965 Deo
355 929 477 964 omnia
494 929 638 975 prorsus
654 931 733 966 sunt
751 940 898 976 accepta
911 933 1068 976 generali
1080 931 1138 970 illa
1151 943 1212 965 ac-

30 962 94 1021 ffine
107 981 240 1028 adpre-i
259 979 488 1022 ceptatione‚
510 992 582 1027 q'ia
602 981 720 1027 diligit
735 982 856 1022 omnia
878 993 944 1027 pro
971 983 1108 1018 ratione
1130 982 1210 1018 uni-

29 1031 118 1061 nium
129 1046 141 1063 ο.
257 1027 484 1076 uscujusque
497 1032 671 1074 bcn'tatis
685 1060 694 1074 ,
707 1031 837 1068 cuneta
851 1032 1052 1071 ordinando
1063 1032 1106 1071 ad
1119 1030 1211 1078 seip-

258 1077 338 1117 suin
357 1107 368 1122 ,
394 1091 434 1116 ut
451 1081 494 1116 ad
513 1081 639 1119 finem:
665 1084 737 1120 Sed
755 1081 874 1118 aetum
904 1084 1125 1119 meritorium
1143 1082 1212 1117 sin-¹

257 1131 430 1174 gulariter
445 1144 606 1179 acceptat
638 1133 674 1168 in
692 1131 817 1169 ordine
840 1133 884 1166 ad
906 1133 1056 1180 aliquod
1075 1136 1211 1169 bonum

253 1178 350 1226 juste
364 1182 587 1225 reddendum,
601 1184 752 1230 proiilo.
769 1182 1004 1221 Meritorium
1021 1184 1133 1228 Igitur
1148 1182 1211 1217 ad-

255 1231 308 1266 dit
321 1231 424 1280 supra
439 1233 561 1273 assum
575 1255 588 1273 ‚
616 1234 822 1269 relationem
835 1234 1018 1280 duplicem
1035 1246 1047 1273 3
1068 1234 1110 1273 Et
1124 1233 1212 1269 alte-

255 1293 328 1318 ram
342 1282 491 1330 quidem
505 1282 550 1317 ad
567 1285 793 1320 voluntatem
810 1311 822 1327 ‚
849 1293 889 1319 ut
904 1293 1146 1330 acceptatam,
1159 1284 1212 1319 al-

254 1341 368 1370 teram
387 1343 472 1369 veto
486 1333 530 1368 ad
548 1333 640 1370 illud
660 1336 794 1371 bonum
807 1362 818 1377 ,
852 1334 895 1370 ad
924 1334 1023 1380 quod
1039 1334 1212 1374 voluntas

252 1394 444 1432 acceptans
457 1385 679 1420 meritorium
692 1385 833 1422 ordinat
860 1385 979 1421 aetum
1000 1408 1010 1418 .
1038 1386 1208 1421 Neutra..

253 1445 373 1470 autem
386 1434 512 1470 relatio
526 1435 718 1483 importata
736 1448 800 1485 per
813 1437 1031 1477 meritorium
1043 1433 1091 1470 est
1107 1436 1209 1471 realis

252 1485 338 1530 quia
354 1496 424 1521 non
437 1487 613 1533 competit
630 1485 726 1521 aaut
739 1499 778 1526 ex
790 1498 916 1523 natura
933 1483 1090 1530 alicujus
1105 1487 1208 1522 realis

251 1535 289 1570 in
301 1534 400 1577 astu,
413 1533 471 1572 sed
489 1546 629 1573 tautum
646 1548 707 1583 per
731 1538 979 1584 operationem
1004 1535 1205 1572 voluntatis

253 1585 375 1622 ac’tum
391 1588 611 1634 acceptantis
623 1588 694 1629 ,vel
708 1588 908 1623 ordinantis
922 1587 967 1622 ad
984 1586 1175 1634 proemium
1193 1612 1204 1623 .

354 1635 492 1676 Adhaec
513 1636 562 1672 Ta
577 1639 799 1673 merirorium
811 1649 1012 1684 connotat,
1030 1636 1100 1673 sive
1117 1649 1207 1683 prae-

257 1687 352 1732 xigit
367 1686 402 1720 in
418 1685 501 1722 aetii
532 1686 782 1730 habitudinem
810 1689 991 1734 duplicem
1031 1688 1131 1734 quasi
1161 1687 1207 1723 ad

253 1735 391 1783 duplex
406 1737 623 1784 principium
638 1763 647 1773 .
675 1739 757 1774 Vna
768 1738 817 1774 cst
833 1739 876 1772 ad
894 1740 1118 1774 voluntatem
1134 1764 1146 1780 ‚
1164 1749 1206 1774 ut

252 1786 368 1823 libere
388 1786 592 1824 elicientem
620 1798 683 1823 aut
707 1787 945 1836 imperantem
961 1788 1080 1823 ae‘tum
1097 1813 1108 1824 .
1135 1789 1207 1826 Ni,

252 1838 305 1878 hil
319 1837 413 1872 enim
425 1838 575 1874 omnino
587 1849 760 1885 tanquam
791 1840 1015 1875 meritorium
1041 1849 1207 1885 accepta-

253 1899 339 1930 tur,
352 1886 412 1923 nisi
429 1887 470 1923 lit
482 1888 517 1924 in
535 1888 711 1936 potestate
722 1890 930 1935 operantis:
949 1890 1025 1926 imo
1037 1890 1087 1929 id,
1103 1888 1205 1936 quod

253 1937 304 1977 est
317 1949 509 1978 commune
526 1938 569 1974 ad
589 1940 756 1976 meritum
769 1967 781 1981 ,
808 1940 843 1976 &
861 1939 1089 1980 demeritum,
1101 1939 1204 1988 quod

255 1987 537 2038 potestintelligi
553 2017 564 2031 ‚
587 1991 621 2026 8<
638 1989 904 2038 significariper
930 1992 1115 2028 notionem
1139 1993 1209 2029 im·¹

249 2037 438 2089 parabilis,
453 2039 610 2086 postulat
623 2039 800 2086 ejusmodi
818 2040 1068 2079 habitudinem
1083 2041 1127 2078 ad
1142 2052 1206 2075 vo·

254 2091 430 2126 luntatem
445 2114 456 2130 ‚
469 2092 560 2125 utin
579 2089 629 2125 sui
645 2091 753 2126 libera
769 2091 941 2137 potestate
954 2095 1205 2129 continentem

255 2138 378 2177 aetum
396 2165 406 2175 .
431 2140 473 2176 Et
486 2139 573 2176 nihil
591 2139 754 2186 profecio
767 2143 872 2177 alicui
889 2143 1093 2186 imputatur
1109 2169 1121 2184 ‚
1139 2141 1200 2178 seu

253 2191 406 2240 proemio
422 2216 435 2232 ,
461 2189 518 2224 seu
533 2202 634 2237 poena
647 2190 797 2237 dignum
814 2193 853 2227 sit
866 2219 876 2235 ‚
895 2192 957 2229 nifi
974 2194 1010 2228 in
1023 2194 1130 2240 ipsius
1142 2204 1208 2240 po-

256 2241 379 2279 testate
389 2241 699 2286 contineatur‚nec
713 2254 771 2287 per
788 2243 1012 2290 consequens
1029 2255 1070 2279 ut
1085 2244 1207 2280 lauda-

255 2293 330 2328 bile
343 2317 353 2333 ,
385 2291 441 2328 vel
460 2292 698 2340 vituperabile
714 2317 726 2332 ‚
751 2293 829 2327 iaus
843 2293 947 2330 enim,
964 2292 1209 2337 quodammo-

256 2342 304 2380 do
318 2342 506 2389 proemium
531 2341 579 2377 est
598 2369 609 2384 ,
635 2341 851 2389 sicutipoena
881 2342 930 2378 est
957 2343 1179 2387 vituperium
1197 2369 1206 2378 .

257 2393 308 2430 At
323 2394 469 2428 alteram
485 2391 734 2432 habitudinem
749 2391 949 2439 ptaeseferat
960 2393 1206 2441 oportetidem

258 2443 361 2479 aE'tus
375 2442 419 2477 ad
437 2441 586 2480 formam
603 2441 907 2491 supernaturalem
927 2470 939 2486 ,
964 2455 1038 2491 qua
1067 2443 1209 2492 speciali

256 2493 333 2540 jam
345 2492 438 2528 dieta
454 2492 681 2530 ordinatione
696 2492 886 2533 ordinetur
901 2517 914 2536 ‚
945 2495 980 2531 &
995 2505 1208 2541 acceptetur

257 2543 333 2594 ipsa
347 2542 493 2592 persona
510 2570 522 2585 ‚
548 2547 602 2581 vel
619 2545 777 2593 potentia
802 2556 978 2595 operans,
1009 2557 1124 2595 eaque
1144 2557 1208 2592 po-

256 2592 432 2633 nitur-esse,
444 2594 556 2639 gratia
573 2622 584 2637 ,
613 2596 669 2631 vel
681 2594 838 2633 charitas
854 2624 863 2633 .
887 2599 972 2635 Non
997 2599 1090 2634 enim
1104 2595 1206 2632 aetus

257 2643 414 2691 alicujus
445 2656 651 2693 acceptatur
665 2672 675 2686 ‚
705 2656 745 2681 ut
773 2646 904 2692 dignus
927 2648 1076 2692 proemio
1101 2674 1111 2689 ,
1141 2645 1205 2682 nist

257 2695 404 2744 persona
415 2707 566 2740 operans
581 2695 875 2742 praeiiitelligatur
890 2707 1037 2743 accepta
1050 2724 1061 2739 ,
1077 2696 1203 2733 secun·

256 2747 344 2782 dum
358 2745 448 2782 illud
464 2746 597 2783 Genes.
613 2758 649 2792 4.
661 2746 838 2796 ‘Respexit
854 2749 952 2784 Deus
965 2747 1015 2782 od
1027 2746 1139 2789 Abel,
1155 2745 1209 2793 (⁹9⁴

256 2796 465 2833 adnumera
476 2795 552 2843 ejus
566 2823 577 2834 .
592 2800 733 2845 Nempe
747 2799 844 2846 prius
860 2798 900 2832 :id
922 2799 1016 2837 Abel
1032 2825 1043 2840 ‚
1056 2799 1090 2834 8(
1105 2799 1206 2833 exin-

256 2847 301 2883 de
316 2847 361 2882 ad
378 2858 522 2883 munera
549 2848 659 2894 ipsius
675 2874 686 2890 ‚
713 2851 799 2896 quia
825 2860 896 2883 non
930 2850 1046 2892 placet
1068 2849 1206 2884 oblatio

257 2909 330 2933 non
346 2897 467 2933 dileat
481 2923 491 2933 .
516 2898 624 2936 Vnde
638 2898 822 2945 sequitur-2
843 2898 917 2936 Ad
929 2897 1024 2938 Cain
1039 2908 1121 2935 vero
1134 2926 1146 2943 ,
1162 2896 1207 2940 ᾤ’

258 2948 307 2983 ad
315 2959 463 2984 munera
478 2947 556 2986 eius
573 2961 638 2985 non
652 2947 808 2998 respexit?
821 2974 830 2985 .

361 2997 594 3036 Posteriorem
613 2999 703 3036 hanc
734 2999 982 3037 habitudinem
999 2998 1207 3038 adstruendi

261 3048 441 3086 necessitas
455 3076 464 3091 ‚
489 3050 569 3086 inde
581 3062 728 3098 apparet
741 3078 752 3094 ,
775 3052 861 3097 quia
874 3062 956 3087 cum
974 3076 985 3093 ‚
1016 3063 1054 3087 ut
1067 3050 1205 3089 tatium

52 3112 238 3145 Neeeffariam
261 3098 309 3137 est
327 3125 338 3141 ,
367 3112 557 3136 erroneum
572 3101 609 3136 fit
626 3102 659 3136 8(
675 3113 693 3135 a
711 3103 860 3137 veritate
884 3102 1028 3148 penitus
1053 3102 1206 3138 alienum

35 3152 89 3181 effe
102 3152 136 3180 ad
156 3152 235 3179 meri·
263 3149 435 3189 affirmare
452 3178 463 3193 ‚
489 3162 653 3186 naturam
682 3153 888 3189 rationalem
915 3164 978 3199 pei·
1006 3150 1039 3187 se
1068 3151 1179 3200 ipsam
1196 3177 1208 3193 ‚

36 3199 96 3258 ‘HJ‘
112 3189 238 3256 2:3³2]
263 3198 412 3247 ejusque
427 3202 572 3237 attentis
585 3203 724 3239 viribus
744 3229 755 3244 ,
773 3201 869 3249 posse
887 3200 1140 3250 repraesentare
1157 3215 1213 3246 ea,

37 3237 110 3295 lenge
141 3266 238 3293 anime
263 3252 311 3285 ob
324 3262 404 3296 quae
421 3251 561 3298 speciali
576 3253 684 3287 modo
697 3264 905 3299 acceptetur
919 3255 936 3288 a
953 3252 1033 3287 Deo
1051 3279 1063 3294 ,
1091 3255 1126 3290 &
1151 3264 1211 3288 or·

37 3305 238 3334 inhaerentem.
265 3298 406 3339 dinetut
422 3302 465 3339 ad
479 3305 665 3347 proemium
680 3302 750 3339 suis
763 3303 903 3340 auibus
920 3301 1184 3349 rependendum
1197 3329 1208 3339 .

268 3348 361 3385 illud
375 3350 564 3388 necessario
580 3354 613 3388 8(
628 3354 813 3390 evidenter
830 3352 1088 3399 consequitur,
1116 3366 1156 3390 ut
1173 3353 1210 3389 id

59 3441 92 3459 ue
105 3436 178 3458 arvus
192 3430 242 3457 ho-
269 3398 329 3438 fiat
348 3411 407 3446 per
423 3401 569 3438 formam
584 3403 884 3452 supernaturalem
901 3416 918 3438 a
931 3403 1013 3439 Deo
1027 3414 1181 3445 creatam
1201 3429 1213 3449 ,

37 3440 241 3498 ἶιίηῐζςὴπῐ-
270 3450 304 3484 8<
322 3450 445 3486 animae
457 3450 605 3488 inditam
618 3480 628 3494 ,
654 3454 746 3490 unde
774 3453 845 3501 ipsa
871 3453 1037 3490 decorem
1062 3455 1213 3492 induta.)

38 3516 98 3536 tate
134 3505 241 3544 prediti
271 3510 372 3544 grata
387 3525 398 3541 ,
425 3511 644 3551 acceptaque
659 3503 826 3540 sitoculis
841 3503 971 3540 divinae
988 3504 1184 3552 majestatis
1203 3532 1215 3548 ,

39 3544 174 3588 ¹³0⁰.s¹¹‘¹²
195 3552 243 3572 ἃς·
271 3551 380 3585 etiam
392 3550 539 3596 quaudo
555 3564 625 3587 non
637 3565 804 3599 operatur
817 3578 828 3588 .
854 3556 991 3591 Verum
1007 3565 1076 3591 non
1092 3557 1216 3603 proin-

42 3591 117 3623 “Pn
130 3602 137 3610 ²
272 3599 317 3635 de
348 3610 463 3637 tamen
484 3602 681 3638 censendus
706 3604 756 3644 est
780 3605 933 3652 quilibet
960 3603 1060 3645 actus
1088 3607 1215 3643 animae

274 3649 487 3691 charitatem
515 3652 680 3689 habentis
700 3656 843 3701 perinde
871 3669 888 3690 a
904 3657 982 3690 Deo
1008 3659 1184 3703 acceptari
1204 3670 1216 3699 ;

276 3701 362 3747 quia
384 3712 467 3739 cum
489 3701 591 3738 astus
616 3705 717 3749 ponit
739 3704 982 3742 indifferentes
1006 3732 1015 3747 ,
1041 3719 1102 3743 aut
1129 3720 1190 3743 eos
1205 3734 1217 3750 ‚

276 3751 412 3797 quibus
424 3753 611 3789 venialiter
626 3765 792 3800 peccatur
812 3767 901 3797 ;nec
914 3757 936 3789 ii
957 3755 1035 3792 sunt
1051 3759 1130 3795 Deo
1142 3770 1223 3804 gra-

279 3803 305 3837 ti
323 3827 335 3843 ,
356 3812 418 3836 nec
431 3804 548 3838 anima
564 3803 645 3840 inde
663 3805 876 3843 charitatem
893 3806 1025 3842 amittit
1045 3833 1053 3844 .
1066 3812 1155 3856 Quo
1169 3820 1224 3845 er-

8 563 9 590 3
33 551 235 592 4-dist.49.ubi

8 600 9 627 l
32 596 112 633 {upra
125 611 136 623 ι

26 1825 136 1865 Regula
148 1827 233 1858 theca

28 1864 121 1905 logica
132 1883 142 1895 .

39 3393 109 3421 Nori
123 3393 238 3433 quicun-

2057 177 2123 221 42
2135 177 2156 219 3

1279 236 1325 271 go
1341 223 1442 263 acius
1453 223 1518 264 sint
1535 226 1612 259 Deo
1624 227 1760 272 accepti
1773 254 1781 267 ,
1810 226 1844 262 δ(
1871 227 1952 273 jure
1974 228 2147 264 meritorii·
2175 230 2231 264 di-

1281 270 1410 310 cantur
1424 300 1434 315 ,
1449 285 1542 321 opus
1560 274 1609 314 est
1621 286 1658 311 ut
1676 276 1734 322 ipsi
1750 277 1937 312 eliciantur
1949 278 2056 324 juxta
2075 278 2228 314 inclina·

1282 325 1416 361 tionem
1435 324 1556 360 formae
1567 324 1847 372 supernaturalis
1862 328 2081 364 inhaerentiS.
2099 330 2146 364 Ea
2161 340 2226 364 au-

1279 386 1351 413 tem
1363 375 1511 414 inclinat
1524 375 1568 411 ad
1584 376 1808 412 diieaionem
1823 377 1914 418 Dei,
1939 380 1970 414 8(
1987 380 2143 424 prox³mi
2165 392 2176 419 ;
2199 381 2225 415 ii

1278 435 1467 474 propterea
1493 425 1594 461 aetus
1621 437 1761 462 tantum
1789 427 1961 461 meritorii
1986 428 2096 470 idest,
2124 428 2225 474 digni

1277 475 1430 523 proemio
1445 475 1628 517 reddendo
1642 488 1709 524 pro
1722 476 1808 525 ipsis
1818 476 1957 511 dicendi
1975 476 2054 513 sunt
2066 506 2075 511 -
2104 482 2156 515 De
2172 481 2225 515 in-

1277 524 1408 563 stinRu
1436 537 1523 570 ergo
1544 526 1727 563 charitatis
1752 528 1853 564 aetus
1880 527 2135 573 procedentes,
2163 529 2223 566 seu

1277 576 1388 612 eliciti
1401 602 1414 618 ‚
1444 575 1505 612 seu
1520 577 1684 625 imperati
1702 578 1767 614 sint
1785 605 1797 621 ,
1823 575 1882 613 seu
1900 577 2059 614 formalis
2077 577 2134 614 seu
2148 580 2224 615 vir-

1276 626 1385 662 tualis
1400 627 1557 662 intentio
1584 628 1710 665 influat
1739 629 1889 669 inillos‚
1915 626 2020 673 juxta
2037 630 2159 674 gratiae
2172 630 2223 665 di-

1275 679 1367 714 vinae
1398 678 1668 715 inclinationem
1693 679 1797 727 positi
1821 679 2083 726 perhibentur,
2107 680 2224 725 di5ni-

1277 739 1350 775 que
1369 725 1519 770 subinde
1533 729 1687 770 &laude
1701 756 1711 772 ,
1731 730 1764 765 &
1779 731 1928 777 proemio
1954 741 2019 775 pro
2048 729 2098 765 eis
2114 729 2227 766 statu·

1281 789 1320 815 to
1335 804 1348 820 ,
1376 791 1422 815 ex
1436 777 1556 819 divina
1574 779 1786 818 liberalitate
1799 807 1810 823 ,
1831 779 1866 818 &
1884 779 2124 816 misericordia
2138 807 2145 815 .

1383 831 1434 866 Ex
1444 830 1583 874 quibus
1600 830 1824 867 manifestum
1838 830 1887 867 est
1901 857 1912 872 ,
1944 829 2074 865 nedum
2094 830 2226 875 impos·

1278 877 1378 918 sibile
1394 879 1471 915 >effe
1491 890 1673 927 quemque
1694 883 1887 928 promereri
1910 880 1972 917 sibi
1999 879 2092 928 posse
2114 882 2226 917 vitam

1279 939 1446 964 aeternam
1463 955 1474 970 ‚
1503 928 1648 971 absente
1662 932 1839 973 charitate
1858 959 1868 974 ‚
1892 929 2002 976 (nam
2028 932 2117 966 citra
2134 930 2226 966 hanc

1280 977 1484 1018 esttantum
1507 984 1706 1027 acceptatio
1735 983 1793 1018 illa
1809 983 1982 1028 generalis
1999 1008 2010 1023 ‚
2037 994 2109 1029 qiia
2129 984 2228 1017 Deus

1279 1029 1395 1074 diligit
1409 1029 1528 1064 omnia
1548 1056 1558 1071 ‚
1590 1043 1671 1077 quae
1685 1032 1767 1067 fecit
1780 1058 1793 1075 2
1813 1043 1923 1080 atque
1940 1033 1983 1068 ad
2009 1031 2160 1078 seipsum
2173 1043 2230 1067 or.

1280 1078 1379 1114 dinat
1395 1103 1407 1120 ‚
1435 1089 1474 1114 ut
1487 1079 1529 1115 ad
1542 1079 1683 1132 finem)
1699 1081 1757 1117 sed
1786 1094 1851 1122 nec
1861 1083 1965 1120 etiam
1979 1108 1990 1124 ,
2014 1095 2128 1130 quum
2155 1084 2230 1118 ani·

1279 1141 1344 1165 mae
1371 1128 1477 1165 ineffe
1492 1131 1702 1179 intelligitur
1722 1158 1734 1175 ,
1755 1132 1884 1179 singuli
1901 1134 2005 1173 aelus
2030 1133 2228 1181 proceden-

1277 1191 1331 1216 tes
1348 1180 1396 1214 ab
1408 1193 1452 1215 eo
1467 1207 1479 1223 ‚
1492 1183 1557 1227 qui
1569 1182 1619 1218 est
1634 1182 1808 1219 charitate
1840 1182 2014 1230 praeditus
2029 1207 2043 1226 ‚
2059 1182 2127 1220 effe
2141 1195 2230 1230 que-

1281 1241 1347 1266 unt
1360 1229 1405 1266 fic
1416 1232 1590 1270 meritorii
1604 1260 1613 1273 ‚
1628 1244 1691 1269 aut
1708 1233 1807 1279 digni
1822 1233 1973 1281 proemio
1991 1259 2002 1275 ,
2023 1233 2125 1279 quod
2143 1246 2233 1279 proe.

1276 1282 1392 1317 mium
1406 1283 1505 1317 Deus
1520 1281 1553 1320 se
1571 1282 1808 1330 diligentibus
1835 1284 2055 1330 repromittit
2083 1296 2095 1324 ;
2117 1285 2231 1330 quia„

1278 1343 1350 1368 non
1363 1343 1490 1374 omnes,
1499 1335 1647 1370 omnino
1662 1333 1769 1381 juxta
1784 1334 1931 1370 habitus
1958 1333 2163 1370 inhaerentis
2180 1337 2236 1375 in.

1277 1384 1515 1419 clinationem
1532 1410 1543 1426 ‚
1570 1386 1764 1422 eliciuntur
1775 1397 1837 1421 aut
1855 1386 2077 1428 imperantur
2091 1409 2100 1423 ‚
2114 1396 2151 1420 ut
2168 1399 2234 1424 ex·

1280 1433 1436 1482 positum
1452 1434 1501 1472 est
1517 1461 1525 1469 .
1546 1435 1661 1485 Qod
1677 1447 1766 1472 vero
1778 1436 1892 1480 gratia
1908 1446 2017 1482 ponat
2043 1435 2177 1482 aliquid
2191 1437 2229 1472 in

1279 1485 1421 1526 anima,
1449 1497 1514 1521 nec
1531 1484 1715 1522 statuenda
1731 1487 1771 1524 fit
1786 1487 1823 1521 in
1851 1484 2007 1529 quadam
2034 1485 2234 1523 extrinseca

1279 1535 1530 1577 benevolentia
1545 1562 1555 1577 ‚
1586 1549 1648 1583 per
1662 1549 1770 1584 quam
1787 1536 1897 1572 homo
1914 1536 2056 1571 dicatur
2079 1534 2158 1573 Deo
2174 1550 2234 1573 ac-

1279 1595 1408 1633 ceptus
1439 1599 1449 1623 ε
1475 1587 1624 1634 quodve
1653 1598 1691 1623 ut
1736 1589 1848 1625 homo
1865 1587 2008 1625 dicatur
2051 1589 2188 1624 merito*
2200 1592 2232 1626 ie

1279 1647 1387 1682 agere
1399 1663 1411 1678 ‚
1446 1648 1614 1685 oporteat
1642 1638 1795 1674 formam
1832 1637 2134 1685 supernaturalem
2161 1639 2230 1677 esse

1280 1686 1316 1721 in
1334 1686 1508 1733 potestate
1525 1689 1635 1726 libere
1645 1690 1843 1736 operantis,
1856 1684 1983 1725 videsis
2001 1686 2104 1738 supra
2117 1698 2229 1728 arm.

1277 1748 1313 1784 q,
1337 1747 1417 1784 ¹09·
1435 1764 1443 1779 ‚
1469 1737 1594 1776 &arn
1615 1740 1852 1786 2·q·1¹3-&
1867 1749 1924 1773 22.
1942 1750 1973 1785 q.
1991 1750 2050 1785 23.
2068 1748 2143 1774 art.
2161 1750 2198 1780 2.

1381 1787 1442 1826 Ad
1464 1800 1698 1833 argumenta.
1728 1790 1787 1830 Ad
1815 1791 1971 1836 primum
2008 1789 2231 1837 respondeo,

1278 1838 1470 1886 plurimum
1483 1839 1644 1882 interesse
1660 1866 1672 1882 ‚
1700 1852 1822 1878 utrum
1838 1851 1965 1876 natura
1982 1840 2165 1877 rationalis
2183 1843 2217 1878 ul

1277 1889 1401 1924 timam
1418 1888 1468 1924 sui
1484 1901 1631 1937 apoetat
1647 1890 1935 1938 perfefiionem3
1962 1892 1993 1926 8(
2021 1903 2063 1926 an
2092 1890 2136 1930 ad
2149 1905 2231 1928 ean·

1279 1939 1359 1974 dem
1389 1937 1459 1974 suis
1486 1942 1625 1982 viribus
1638 1942 1843 1989 pertingere
1869 1952 1908 1978 ac
1934 1940 2068 1990 assequi
2091 1942 2231 1989 queat?

1280 1991 1443 2037 Qando
1468 1992 1565 2027 enim
1596 1995 1750 2039 primum
1774 1992 2018 2035 concedatur,
2048 2005 2233 2041 perperam

1280 2041 1365 2076 inde
1381 2041 1462 2087 quis
1476 2040 1858 2084 secunduminferret,
1890 2044 1924 2078 8(
1952 2055 2024 2079 non
2042 2043 2236 2081 solumin..

1281 2089 1364 2126 casu
1380 2117 1391 2133 ,
1425 2090 1483 2126 sed
1497 2095 1607 2128 etiam
1627 2092 1780 2131 sistendo
1803 2095 1838 2129 in
1864 2094 1947 2139 ipsis
1964 2106 2101 2131 naturae
2116 2097 2238 2142 operi·

1282 2142 1351 2177 bus
1368 2167 1377 2176 .
1411 2143 1506 2177 Nam
1521 2154 1660 2179 naturae
1679 2144 1773 2179 vires
1788 2146 1972 2189 attingunt
1985 2146 2146 2180 ultimam
2160 2157 2239 2182 cot.

1283 2192 1382 2240 poris
1398 2193 1556 2235 organici
1572 2192 1840 2241 dispositionem
1864 2221 1874 2236 ,
1901 2194 1959 2230 sed
1986 2207 2057 2230 non
2090 2207 2238 2244 propte·

1283 2254 1341 2282 rea
1358 2240 1480 2280 iisdem
1505 2244 1647 2281 viribus
1674 2255 1802 2280 natura
1824 2245 2023 2293 producere
2049 2247 2142 2282 valet
2159 2247 2235 2282 ani-

1284 2304 1376 2328 mam
1394 2294 1602 2329 rationalem
1615 2321 1627 2336 ,
1657 2294 1760 2330 sicuti
1778 2296 1824 2330 ab
1835 2297 1886 2331 eis
1913 2308 2044 2345 corpus
2068 2299 2235 2333 ultimam

1285 2343 1415 2386 accipit
1446 2341 1713 2390 dispositionem
1725 2369 1735 2379 .
1768 2344 1908 2382 Deinde
1937 2358 2062 2382 natura
2095 2349 2231 2384 intelle-

1285 2391 1414 2428 &ualis
1429 2394 1585 2430 naturali
1599 2394 1747 2441 quidem
1778 2395 2013 2433 inclinatione
2044 2397 2155 2436 fertur
2169 2399 2234 2434 in„

1285 2443 1422 2480 bouum
1439 2444 1528 2480 illud
1547 2471 1556 2486 ‚
1581 2458 1599 2481 a
1613 2456 1690 2492 quo
1706 2444 1820 2493 potest
1841 2446 2004 2483 ultimate
2019 2448 2142 2493 perfici
2160 2474 2170 2490 ,
2194 2449 2229 2484 8(

1285 2494 1322 2529 in
1333 2506 1377 2530 eo
1389 2497 1545 2539 poenitus
1560 2495 1810 2543 conquiescere
1824 2510 1836 2538 3
1863 2508 1898 2532 at
1913 2498 1942 2532 is
1957 2500 2141 2545 appetitus
2159 2508 2231 2533 non

1286 2544 1336 2580 est
1348 2545 1480 2592 aliquis
1493 2546 1595 2582 aetus
1609 2548 1751 2582 elicitus
1767 2559 1777 2586 ;
1804 2559 1974 2595 operatur
1996 2560 2083 2591 ergo
2108 2550 2233 2585 circa..

1286 2594 1385 2635 suam
1400 2597 1606 2635 felicitatem
1622 2624 1629 2637 .
1641 2610 1717 2633 eam
1731 2598 1935 2644 appetendo
1946 2625 1958 2642 ,
1979 2598 2104 2636 habito
2117 2611 2160 2635 eit
2180 2613 2234 2635 re·

1286 2647 1489 2689 velatione,
1517 2649 1720 2687 inibifitum
1746 2647 1814 2685 esse
1831 2650 2133 2695 complementum
2165 2648 2232 2687 suae

1284 2696 1515 2743 perfei‘stionis
1533 2725 1541 2733 .
1555 2700 1670 2735 Sicuti
1683 2711 1769 2745 ergo
1784 2698 1853 2735 hoc
1867 2700 1975 2739 habet
1990 2713 2033 2737 ex
2049 2700 2236 2748 scriptura,

1285 2748 1331 2783 ita
1349 2747 1473 2783 eadem
1490 2750 1639 2789 verit-ate
1655 2749 1808 2786 docente
1821 2750 1945 2786 didicit
1959 2778 1970 2793 ,
1998 2763 2132 2791 natura:
2146 2751 2235 2787 viri·

1285 2799 1354 2837 bus
1368 2798 1399 2834 se
1412 2802 1607 2846 promereri
1620 2812 1690 2835 non
1710 2799 1807 2847 posse
1824 2803 1933 2836 vitam
1958 2813 2127 2838 aeterriam
2143 2828 2152 2843 ,
2178 2800 2236 2837 sed

1284 2849 1448 2897 indigere
1458 2852 1598 2887 auxilio
1610 2852 1733 2897 gratiae
1745 2853 1937 2887 excitantis
1951 2879 1962 2894 ,
1977 2855 2006 2888 3(
2028 2851 2235 2898 adjuvantis

1285 2901 1319 2936 8(
1337 2910 1507 2947 praetetea
1523 2901 1686 2950 sibiopua
1699 2901 1766 2937 esse
1784 2902 1897 2938 forma
1917 2930 1926 2944 ,
1949 2904 2006 2938 vel
2028 2904 2153 2939 habitu
2182 2901 2236 2938 su-

1284 2953 1504 2996 pernaturali
1522 2953 1564 2988 ad
1584 2953 1767 2999 ponendos
1795 2954 1900 2989 aetus
1925 2953 2054 3000 dignos
2088 2954 2238 3002 proemio

1288 3002 1468 3042 felicitatis
1485 3015 1622 3039 aeternae
1639 3031 1649 3040 .

1387 3052 1446 3088 Ad
1464 3052 1657 3090 secundum
1671 3053 2153 3100 respondeo,c0ncedendum
2166 3054 2214 3089 est
2226 3079 2238 3095 ‚

1286 3103 1510 3140 voluntatem
1527 3117 1595 3140 non
1608 3115 1772 3140 ornatam
1787 3103 1913 3142 habitu
1927 3106 2114 3142 charitatis
2128 3105 2237 3140 habe..

1285 3164 1322 3191 re
1335 3152 1432 3199 posse
1446 3154 1567 3194 aetum
1582 3154 1752 3201 diligendi
1768 3153 1899 3195 Deum,
1917 3158 1949 3192 St
1970 3155 2176 3201 proximum
2193 3168 2236 3191 eo

1287 3203 1397 3239 modo
1415 3231 1425 3244 ,
1448 3217 1524 3251 quo
1537 3204 1623 3240 fides
1638 3205 1817 3246 ostendit,
1841 3218 1880 3242 ea
1891 3207 2030 3242 obieeta
2053 3205 2128 3240 fore
2153 3206 2234 3241 diii-

1287 3253 1401 3302 genda
1415 3280 1425 3290 .
1448 3255 1515 3292 Sed
1533 3256 1736 3302 negandum
1753 3282 1762 3297 ‚
1788 3269 1869 3292 eum
1883 3256 2001 3292 aetum
2025 3257 2099 3290 fore
2131 3258 2233 3291 incri-

1288 3305 1422 3340 toi-ium
1437 3305 1471 3343 in
1485 3307 1538 3340 via
1553 3333 1564 3348 ‚
1595 3307 1649 3342 vel
1663 3305 1863 3343 beatificum
1878 3308 1911 3342 in
1929 3308 2039 3353 patria
2068 3307 2088 3340 si
2109 3305 2232 3353 seque-

1289 3366 1388 3391 retur
1407 3356 1449 3390 ad
1463 3357 1595 3394 claram
1615 3380 1628 3399 ‚
1653 3357 1685 3392 8<
1705 3357 1910 3393 intuitivam
1942 3359 2010 3394 Dei
2038 3357 2230 3394 vinonem.

1292 3407 1404 3444 Ratio
1415 3408 1519 3453 primi
1535 3407 1582 3443 est
1599 3433 1611 3449 ‚
1632 3409 1716 3454 quia
1730 3420 1800 3444 non
1812 3408 2118 3454 elicereturjuxta
2136 3409 2235 3442 ineli-

1290 3458 1470 3493 natianem
1488 3459 1582 3494 illius
1599 3457 1747 3494 habitus
1766 3485 1775 3499 ,
1803 3471 1864 3506 per
1877 3471 1986 3504 quem
2005 3459 2116 3493 solum
2137 3460 2236 3492 Deus

1292 3505 1470 3554 disposuit
1494 3508 1527 3545 se
1556 3520 1740 3554 acceptare
1760 3510 1879 3546 aetum
1895 3509 2036 3556 speciali
2055 3509 2109 3543 illa
2133 3518 2237 3542 acce·

1293 3559 1478 3605 pratione,
1503 3572 1575 3604 qua
1599 3559 1788 3597 ordinatur
1811 3561 1855 3596 ad
1881 3560 2068 3608 proemium
2093 3558 2155 3593 sibi
2184 3569 2237 3592 re·

1295 3607 1524 3655 pendendum
1538 3634 1547 3647 .
1577 3613 1656 3647 Nec
1685 3610 1773 3646 foret
1801 3613 1881 3647 item
1909 3608 2094 3646 beatificus
2113 3635 2122 3649 ,
2151 3609 2238 3654 quia

1297 3670 1368 3693 non
1385 3659 1534 3704 polleret
1552 3671 1652 3695 tanta
1678 3661 1898 3704 perfec-*tione
1914 3687 1924 3703 ‚
1951 3670 2087 3706 quanta
2108 3657 2217 3706 posset
2231 3686 2240 3701 ‚

1297 3708 1320 3745 si
1341 3709 1499 3755 potentia
1511 3710 1674 3746 habitum
1688 3712 1837 3749 haberet
1852 3737 1860 3746 .
1890 3712 1999 3748 Nulla
2012 3711 2104 3743 enim
2119 3720 2244 3755 poten.

1297 3761 1346 3794 tia
1361 3758 1593 3797 habituabilis
1609 3760 1723 3808 potest
1742 3764 1774 3796 in
1792 3760 1911 3796 naum
1928 3763 1975 3795 ita
1989 3758 2184 3807 perfeetum
2202 3759 2240 3794 si.

1300 3821 1344 3845 ne
1355 3808 1505 3851 habitu,
1536 3809 1624 3846 sicut
1638 3822 1720 3847 cum
1740 3812 1863 3848 habitu
1879 3837 1889 3847 .
1916 3815 2002 3849 Non
2020 3811 2167 3845 haberet
2187 3821 2238 3844 cr.

2163 3871 2226 3905 ‚go

2264 1832 2382 1875 pr'iiosg'
2394 1851 2425 1877 q,
2440 1850 2468 1871 Ῑ,

2264 1872 2292 1899 ὃ(
2305 1883 2332 1908 4·
2346 1879 2409 1910 dist.
2420 1890 2468 1917 49.

2270 1921 2277 1939 ¹
2291 1916 2471 1955 ¹·lnsolu:io-

2267 1959 2301 1993 Εἴ
2326 1955 2468 1993 pri‘mipa-

2268 1989 2338 2019 [Μανῆ
2381 2006 2467 2035 arg-¹5-

2269 2037 2355 2060 menl-

2307 3055 2403 3086 udin.
2426 3064 2470 3085 ιτ.

2267 3106 2284 3133 q
2324 3104 2352 3125 i.
2379 3098 2402 3125 ὁ.
2427 3096 2469 3122 Ad

2266 3139 2431 3172 argwnenla

2264 3183 2313 3210 pro
2346 3171 2468 3211 opinione

2265 3220 2293 3238 n.
2307 3219 2318 3244 3
2331 3219 2352 3244 ς,

2298 3258 2327 3285 4.
2341 3247 2400 3276 dist.
2412 3256 2472 3283 ⁴9·-

2273 3297 2301 3323 q.
2317 3300 2323 3317 i
2338 3299 2363 3316 i.
2383 3295 2411 3314 n·
2436 3299 2469 3317 io

2265 3329 2290 3355 0-
2314 3330 2406 3357 Teneo
2427 3337 2468 3355 er.

2260 3373 2319 3401 8⁰0
