2628 4011
30 594 41 618 ’ἶ

28 626 41 653 l]

24 725 248 763 .’{3·d.t;.n.3.

38 774 39 789 l

20 891 197 957 >fs.·ri10mae
208 913 250 945 sz-

18 977 20 982 ,
48 960 135 982 ῘΘΠῙΙᾌ
147 965 156 982 ³

46 1135 92 1169 De
104 1141 144 1170 his
165 1143 250 1182 longo

47 1178 172 1210 sermone
195 1182 250 1212 dis-

31 1219 34 1258 l
47 1218 111 1247 serit
124 1220 250 1259 Magister

31 1266 33 1275 ⁴
48 1256 251 1289 AlenfisCoblat.

49 1301 125 1329 7‘&
138 1299 166 1327 8·

26 1743 27 1767 l
51 1735 250 1771 3-d·33·§·Ter

50 1775 91 1803 tia
102 1776 174 1804 ratio
185 1793 194 1804 .

20 2352 21 2356 ¹
46 2322 74 2348 3.
97 2313 125 2343 d.
145 2322 193 2349 33.
216 2317 240 2349 §-

43 2354 107 2381 Haec
115 2353 242 2391 opinim&

20 2407 21 2410 =
44 2393 68 2435 ⁶:
77 2391 177 2421 Tertia
194 2402 244 2422 ra-

45 2437 81 2458 ΠΟ
92 2447 101 2457 ο

41 2767 86 2796 De
97 2767 137 2796 hit
148 2768 240 2798 actum

42 2804 117 2841 supra
146 2817 173 2845 q.
194 2816 240 2841 17·

42 2851 95 2873 m·
113 2853 137 2874 ι.

12 3493 13 3500 ¹
30 3491 59 3518 4»
71 3480 189 3521 de46.q.
208 3493 236 3515 t.

31 3523 56 3552 §-
77 3519 232 3561 adsecun-

11 3573 13 3593 l
29 3559 95 3587 dum
125 3561 233 3601 princi-

11 3603 13 3611 *
28 3599 88 3634 pale
103 3614 113 3625 ι

778 73 939 118 Tamus
956 74 1172 122 HLPart,
1187 76 1246 124 II.
1263 76 1454 148 Qaestio
1473 78 1593 123 LIX.
1604 81 1705 126 Art.
1721 80 1775 126 V·

279 142 380 186 qumi
393 154 411 176 c
426 144 493 177 irca
516 143 622 176 tir-‚³125
635 151 697 175 aut
710 141 853 174 alterius
868 140 1009 174 causam
1038 143 1215 183 versatum

280 204 364 238 ergo
379 195 491 229 virtus
506 193 675 238 quaelibet
704 190 847 225 moralis
863 189 912 225 est
930 190 1025 225 cirea
1040 192 1216 239 pastiones

280 243 514 278 moderandas
532 268 541 276 .

383 295 553 329 Praeterea
575 303 586 329 ξ
611 288 801 323 tortitudo
817 291 849 325 8(
880 291 1116 337 temperantia
1135 291 1216 328 sunt

281 343 376 377 circa
391 343 588 391 pasiiones3
615 351 701 383 ergo
718 340 748 374 8(
767 351 993 386 quaecunque
1011 342 1079 374 alia
1097 353 1215 376 mora-

280 394 323 429 lis
339 395 453 428 virtus
465 393 556 426 circa
572 389 738 435 pastiones
750 391 945 426 erit.Prob.
959 389 1215 437 conseq.Tem.

278 443 439 492 perantia
452 443 543 476 circa
558 439 729 489 paffiones
744 440 904 476 versatur
922 467 931 482 ‚
943 451 1121 488 quatenus
1141 454 1215 476 me·

281 495 379 529 dium
393 503 516 527 tenens
529 492 678 528 rationis
693 493 737 526 ab
749 492 916 527 extremis
931 491 1085 526 defleffit
1107 505 1119 532 3
1145 490 1214 528 Sed

279 555 505 589 quaecunque
519 544 580 578 alia
595 544 711 576 virtus
725 543 856 589 pariter
868 541 1023 577 medium
1036 552 1131 578 tenet
1145 553 1214 577 non

280 593 490 629 declinando
505 594 546 628 ad
566 605 674 627 unum
692 593 750 628 seu
763 593 911 628 alterurn
924 603 1217 632 extremorum-23

281 656 366 690 ergo
382 655 610 693 quaecunque
629 645 745 680 virtus
758 645 898 680 moralis
915 642 963 680 est
982 644 1075 676 circa
1093 642 1218 691 passio·

278 705 361 730 nes.

379 745 517 780 Contra
530 773 540 789 ,
569 745 761 782 secundum
776 743 1031 790 Philosophum
1047 755 1081 789 ς.
1097 743 1218 781 Ethic.

280 793 549 841 cap.1.justitia
570 799 602 832 in
630 798 816 832 voluntate
847 797 1046 842 reperitur,
1078 806 1217 842 atque„

280 846 352 893 ipsa
371 858 440 880 non
455 846 504 882 est
523 849 612 883 circa
630 847 816 893 paffiones.

382 897 598 943 Respondeo
612 924 622 939 ,
653 897 712 934 hic
744 898 876 933 dicitur
900 896 933 930 in
960 894 1132 931 sententia
1159 895 1216 931 fic:

281 946 410 984 Virtus
426 950 572 984 moralis
586 949 820 992 appevivivam
839 948 963 981 animae
981 957 1111 993 partem
1140 959 1218 994 per·

282 996 359 1034 ficit
372 998 574 1034 ordinando
587 999 697 1044 ipsam
714 1000 748 1035 in
764 1000 896 1033 bonum
909 998 1075 1032 rationis:
1092 996 1139 1032 est
1155 1010 1219 1032 au·

285 1058 354 1085 tem
371 1049 518 1085 rationis
534 1052 666 1085 bonum
681 1050 714 1084 id
732 1075 742 1089 ‚
768 1047 865 1096 quod
880 1046 929 1081 est
956 1047 1147 1083 secundum
1166 1060 1220 1083 ra-

286 1101 418 1135 tionem
435 1101 658 1137 moderatum
673 1128 683 1142 ‚
708 1101 740 1135 8(
756 1098 960 1134 ordinatum
975 1124 984 1133 .
1005 1098 1112 1132 Unde
1127 1099 1219 1133 circa

285 1162 392 1186 omne
406 1149 439 1184 id
453 1177 464 1192 ,
495 1151 592 1199 quod
605 1151 779 1192 contingit
806 1151 942 1183 ratione
970 1147 1127 1183 ordinari
1147 1175 1157 1189 ,
1185 1150 1220 1184 8(

287 1201 464 1236 moderari
476 1224 489 1243 ,
514 1201 692 1247 contingit
704 1199 772 1235 esse
787 1200 979 1234 virtutem:
996 1201 1085 1232 ratio
1101 1210 1220 1234 autem

285 1251 425 1286 ordinat
439 1262 510 1286 non
529 1251 642 1287 solum
659 1250 829 1298 pastiones
842 1251 1025 1295 appetitus
1053 1249 1220 1291 senfitivi‚

285 1292 343 1337 sed
356 1302 462 1336 etiam
481 1301 622 1338 ordinat
638 1302 867 1348 operationes
880 1302 1061 1346 appetitus
1082 1301 1220 1334 intelle-

287 1352 375 1387 &tvi
391 1377 402 1393 ,
430 1351 495 1398 qui
510 1353 558 1388 est
575 1354 744 1387 voluntas
759 1377 769 1393 ,
783 1363 863 1398 quae
876 1363 944 1385 non
959 1350 1005 1385 est
1021 1349 1219 1395 subjeetum

284 1403 508 1452 paffionum3
535 1405 566 1439 8(
584 1403 663 1438 ideo
675 1415 744 1438 non
758 1402 874 1436 omnis
886 1404 1000 1436 virtus
1015 1403 1158 1436 moralis
1172 1401 1219 1436 est

286 1456 379 1490 circa
405 1451 600 1498 passiones,
633 1452 689 1488 sed
716 1452 879 1496 quaedam
914 1454 1007 1486 circa
1025 1451 1221 1499 passiones,

286 1503 448 1551 quaedam
465 1502 561 1536 circa
575 1503 804 1547 operationes
819 1528 828 1537 .

391 1555 473 1588 Nos
489 1551 639 1587 dicimus
655 1564 723 1587 non
744 1552 813 1588 effe
842 1553 1110 1599 approbandam
1138 1565 1223 1588 cau-

290 1602 360 1638 sam
380 1628 389 1643 ‚
423 1601 597 1649 quamisti
613 1603 781 1647 assignant
796 1628 806 1642 ,
830 1615 940 1648 quare
957 1615 1028 1639 non
1050 1615 1222 1650 quaecun-

288 1665 358 1702 que
374 1653 489 1690 virtus
508 1651 543 1687 sit
561 1652 652 1687 circa
671 1652 838 1698 passiones
853 1678 861 1692 ‚
876 1664 1041 1698 putantes
1057 1656 1223 1689 volunta·

289 1715 359 1739 tem
382 1714 450 1738 non
463 1700 530 1737 esse
545 1702 737 1747 passionum
756 1701 955 1745 subieeiurn
990 1730 996 1737 .
1027 1706 1163 1740 Etenim
1181 1705 1223 1742 de

288 1753 458 1790 sententia
474 1751 666 1796 Augustini
689 1778 698 1791 ‚
729 1763 783 1794 ¹4-
796 1751 839 1786 de
855 1752 971 1788 Csvic.
984 1764 1058 1800 cap.
1076 1766 1109 1797 ς.
1127 1756 1171 1795 &¹
1185 1757 1218 1791 6.

284 1802 400 1840 anima
427 1803 533 1836 etiam
566 1813 720 1848 corpore
748 1813 858 1837 exuta
884 1803 1036 1838 afficivur
1063 1806 1221 1841 motibus

283 1851 498 1901 quibusdam
520 1851 687 1888 simil'bus
702 1853 861 1891 illorum.
875 1865 968 1898 quos
984 1853 1136 1890 sensitivi
1155 1869 1218 1903 „p-

281 1905 416 1954 petitus
434 1901 602 1949 passiones
618 1914 793 1938 vocamus
812 1930 821 1944 ‚
844 1902 1140 1947 cujusmodisunt
1155 1917 1216 1940 cu-

281 1968 368 2002 pere
391 1980 401 1995 ‚
425 1963 606 1995 metuere,
635 1953 746 1988 laevari
764 1955 816 1994 ,8(
832 1954 966 1990 tristari
989 1969 999 1995 ;
1028 1957 1149 2002 ergofi
1170 1958 1218 1992 ob

281 2006 349 2042 hos
366 2015 484 2041 motus
501 2031 510 2045 ‚
533 2005 565 2038 8(
585 2004 753 2052 pastiones
765 2003 980 2041 cohibendas
993 2009 1038 2042 ab
1067 2008 1134 2042 illis
1153 2007 1219 2042 sta-

279 2067 432 2092 tuuntur
449 2055 597 2090 virtutes
611 2055 645 2089 in
659 2056 817 2101 appetitu
838 2054 1005 2092 sensitivo
1023 2085 1034 2100 ‚
1061 2070 1216 2104 eaequh

280 2109 450 2144 dicuntur
464 2105 554 2141 circa
575 2104 748 2151 pastiones
761 2105 877 2141 versat·
902 2133 914 2150 ‚
940 2109 1072 2151 pariter
1087 2110 1119 2143 8:
1136 2109 1216 2147 illae,

278 2171 360 2205 quae
369 2157 538 2193 dicuntur
551 2155 618 2192 effe
634 2156 669 2190 in
700 2157 887 2193 voluntate
920 2159 1015 2194 circa
1043 2158 1215 2207 paffiones

278 2218 383 2245 erunt
399 2234 408 2244 .

379 2257 516 2296 Deinde
530 2281 542 2300 ‚
567 2256 704 2295 Falsum
717 2269 886 2304 putamus
901 2286 912 2302 ‚
936 2261 1106 2306 paffiones
1119 2261 1217 2296 ordi-

278 2310 356 2346 nari
371 2310 425 2345 vel
441 2309 614 2344 moderari
635 2322 695 2356 per
708 2312 878 2346 rationem
896 2324 907 2352 3
921 2312 952 2346 id
966 2313 1060 2347 enim
1074 2321 1215 2347 tantum

280 2360 420 2408 praestat
441 2360 628 2395 rationalis
640 2361 821 2408 appetitus
839 2389 847 2402 ,
866 2364 922 2397 cui
940 2362 999 2397 etsi
1029 2361 1216 2399 sensitivus

280 2423 353 2447 non
378 2411 547 2447 subdatur
575 2410 748 2458 dispotice
766 2438 776 2453 ,
799 2423 862 2447 nec
883 2412 1073 2460 ullopafto
1098 2415 1216 2449 abillo

280 2461 481 2510 persuaderi
493 2472 617 2508 queat,
632 2461 680 2498 est
693 2472 727 2497 ta
735 2474 811 2498 men
827 2462 898 2509 ipse
912 2462 1098 2499 sensitivus
1110 2475 1216 2512 appe-

280 2514 368 2547 titus
383 2513 576 2547 obedibilis
593 2514 720 2548 rationi
736 2535 751 2554 ,·
773 2513 860 2549 idest
877 2541 886 2556 ‚
912 2515 1062 2561 imperio
1089 2516 1218 2551 volun-

280 2564 385 2598 tatis:
406 2564 554 2598 liberum
571 2563 663 2598 enim
678 2566 767 2600 bene
782 2564 830 2599 est
849 2564 1075 2610 persuafibile
1088 2592 1099 2608 ,
1115 2577 1215 2602 non..

279 2623 397 2648 tamen
412 2614 549 2659 proprie
562 2613 740 2648 obedibile
755 2626 766 2653 ;
780 2616 962 2661 appetitus
975 2626 1093 2651 autem
1114 2617 1217 2651 senst-

278 2664 376 2699 tivus
394 2686 406 2704 ‚
427 2663 509 2709 quia
523 2674 591 2696 non
610 2662 659 2697 est
679 2664 764 2697 liber
778 2690 786 2704 ‚
815 2677 884 2699 non
899 2665 946 2700 est
962 2664 1216 2712 persuasibilis,

279 2713 336 2748 sed
352 2712 707 2758 obedibilisimperio
723 2715 920 2750 voluntatis
944 2743 953 2752 .
980 2718 1019 2752 Et
1034 2716 1215 2763 quidem-2

281 2765 431 2801 rationis
446 2774 516 2797 non
534 2762 582 2797 est
599 2765 772 2808 imperare
787 2769 962 2813 appetitui
979 2767 1215 2810 intellefiizv,

280 2813 335 2850 sed
355 2813 497 2860 praecise
511 2811 694 2849 ostendere
709 2815 797 2861 quid
816 2816 909 2851 iaHo
919 2829 1008 2865 opus
1026 2817 1065 2853 fit
1081 2844 1089 2856 ,
1105 2819 1212 2864 quid-

276 2877 321 2901 ve
354 2864 563 2910 fugiendum
590 2889 600 2904 ,
625 2863 659 2899 8(
697 2865 928 2902 aversandum
945 2895 956 2910 ,
979 2869 1011 2904 8(
1043 2868 1211 2905 distare,

272 2927 444 2965 praeterea
458 2914 500 2949 de
516 2913 787 2951 circumstantiis
799 2919 936 2954 caeteris
949 2945 957 2960 ‚
988 2919 1208 2956 voluntate„

272 2968 401 3002 exinde
414 2977 477 3012 pro
496 2963 545 2998 sui
561 2964 782 3001 dominativa
799 2967 1030 3013 potestate‚ur
1046 2969 1209 3013 libuerit,
1261 2992 1265 2995 -

270 3018 428 3062 eligente
443 3043 452 3056 ‚
474 3015 718 3061 &imperante
731 3018 858 3053 rationi
876 3044 885 3058 ‚
899 3030 938 3054 ut
952 3020 1081 3055 insistat
1096 3021 1207 3056 confi-

270 3067 444 3104 derationi
457 3064 751 3113 praeostensorum
768 3094 780 3110 ,
801 3078 860 3103 aut
876 3067 1027 3114 jubente
1040 3083 1115 3106 eam
1130 3072 1209 3110 aliis,

270 3117 453 3153 attendere
466 3115 732 3162 perscrutandis
750 3131 761 3159 ς
775 3118 856 3154 inde
869 3131 987 3156 autem
1002 3132 1071 3157 non
1089 3121 1138 3156 est
1152 3123 1204 3157 in-

267 3167 452 3204 ferendum
477 3178 538 3214 per
566 3167 738 3203 rationem
758 3169 937 3211 ordinari,
964 3172 997 3206 8(
1031 3172 1206 3207 moderari

267 3217 442 3265 passiones
461 3243 471 3259 ,
494 3215 555 3252 nili
572 3215 741 3252 dic-tando
756 3219 900 3254 modum
933 3221 964 3255 id
987 3222 1205 3267 exequendi,

269 3268 330 3303 seu
347 3267 568 3311 intelligatur
581 3267 624 3302 de
642 3267 942 3315 paffionibusjam
973 3272 1008 3305 in
1022 3272 1208 3308 existenti-

270 3319 339 3354 bus
357 3343 368 3358 ,
394 3317 450 3352 seu
469 3317 512 3352 de
527 3315 660 3352 suturis
679 3344 688 3359 ‚
714 3319 952 3365 quaeinessent
966 3347 976 3362 ,
1000 3321 1058 3355 nist
1074 3334 1206 3369 praeca-

269 3378 457 3407 verentur;
472 3377 509 3402 ut
526 3368 746 3415 explicatum
759 3369 807 3404 est
826 3370 930 3417 supra
944 3372 1129 3419 quaestione
1143 3374 1204 3420 56.

267 3415 420 3453 articulo
433 3429 468 3461 4.

368 3469 599 3515 Qapropter
624 3469 886 3512 concedentes,
911 3471 1008 3507 haud
1043 3474 1203 3510 omnium

270 3515 445 3550 virtutum
471 3516 536 3552 esse
568 3518 696 3553 versari
722 3519 815 3554 circa
833 3520 1026 3568 passiones,
1051 3522 1131 3569 ejus
1155 3527 1204 3560 rei

270 3565 593 3602 hanceffecausam
610 3570 992 3618 arbitramur-‚Aliquae
1014 3576 1202 3611 moralium

269 3615 446 3651 virtutum
462 3641 473 3657 ,
501 3614 652 3664 issa-um
669 3630 791 3655 natura
806 3621 837 3655 8(
859 3625 994 3658 ratione
1022 3624 1198 3668 spa-cctam..

267 3665 490 3714 praeexigunt
507 3693 516 3705 ,
539 3668 791 3716 postulantque
821 3671 854 3705 in
893 3671 1080 3717 subies-10,
1107 3674 1207 3719 quod

268 3714 454 3756 afficiunt,
484 3717 578 3763 poffe
594 3720 735 3766 repetiti
751 3722 907 3766 aliquam
935 3723 1124 3770 passionem
1145 3727 1209 3760 im-

370 3765 465 3802 Tom·
478 3767 494 3801 l
499 3766 517 3801 I
521 3767 540 3802 I
542 3793 551 3802 .

2079 97 2098 129 1
2111 84 2174 140 87

1299 144 1520 179 moderatam
1542 170 1552 185 ,
1566 146 1597 179 8(
1619 158 1679 191 pst·
1698 149 1866 182 virtutem
1885 147 2035 185 subinde
2052 152 2240 185 moderan-

1296 192 1376 227 dam
1391 195 1424 229 8(
1440 195 1672 230 coercendam
1686 220 1698 238 ,
1711 198 1744 231 ἃ
1763 197 1795 230 id
1811 208 1933 234 revera
1944 199 1993 235 est
2007 199 2236 247 perspicuum

1294 244 1330 277 in
1346 246 1592 290 temperantia,
1606 246 1636 279 8(
1654 244 1868 282 fortitudine
1882 274 1891 287 ,
1903 261 1984 294 quae
1996 252 2148 284 virtutes
2164 261 2237 286 non*

1295 293 1550 338 intelliguntur
1564 294 1694 338 inesse,
1719 296 1779 331 nisi
1800 309 1924 331 natur]
1954 312 2018 345 pet
2034 312 2091 335 ten
2110 311 2236 341 peran-

1294 345 1380 378 tiam
1400 344 1579 380 moderata
1599 371 1608 385 ‚
1636 356 1675 379 ac
1693 357 1752 392 per
1769 346 2016 384 fortitudinem
2047 351 2231 392 roborata,

1294 392 1482 429 deflectere
1496 394 1606 443 posset
1620 396 1662 431 ad
1677 407 1836 432 extrema
1855 423 1866 438 ,
1896 399 2042 433 nimium
2069 398 2102 433 se
2128 401 2231 435 oble-

1294 443 1557 490 Gtandmjuxta
1575 444 1729 481 senfitivi
1747 448 1927 494 appeti‘us
1944 449 2228 494 inclimtionem,

1292 494 1326 529 8(
1344 494 1573 531 deficiendoa
1586 498 1701 532 medio
1732 497 1880 532 rationis
1900 509 2044 545 propter
2059 502 2229 536 metum...

1291 544 1527 591 impendentis
1544 548 1650 589 mali,
1671 549 1725 583 vel
1749 557 1880 583 temere
1894 559 1956 594 per
1986 549 2129 581 nimiam
2148 562 2227 595 pre-

1292 593 1527 643 sumptionem
1541 598 1573 633 se
1591 597 1622 633 se
1636 597 1825 633 obiciendo
1837 598 2006 645 periculis
2024 611 2032 632 ε
2058 597 2126 637 Hae
2144 611 2227 645 pro-

1292 656 1412 692 pterea
1431 648 1582 684 virtutes
1595 649 1688 684 circa
1715 648 1883 696 paffiones
1909 646 2094 684 versantur
2120 662 2129 684 ι
2152 650 2227 686 Sed

1290 698 1420 731 nonita
1432 698 1564 744 pariter
1583 698 1715 739 iustitia
1734 700 1862 739 virtus,
1876 700 1963 746 quia
1981 699 2067 734 nihil
2080 700 2149 734 tale
2164 713 2227 748 per

1293 745 1326 781 se
1340 746 1478 786 respicit
1491 750 1524 785 in
1541 761 1666 785 natura
1680 777 1690 792 ‚
1706 750 1761 785 vel
1779 751 1966 785 voluntate
1980 777 1990 792 ‚
2004 762 2111 797 quam
2125 750 2227 787 incli-

1292 807 1350 832 nat
1369 797 1412 832 ad
1442 801 1575 846 cuique
1604 800 1822 836 reddendum
1835 799 1935 847 quod
1963 799 2064 837 suum
2083 799 2132 837 est
2148 827 2159 842 ,
2188 812 2228 837 ut

1290 851 1402 892 magis
1415 848 1657 886 declarabitur
1671 851 1954 899 insequentibus.
1972 853 2027 888 Ac
2041 862 2229 900 propterea

1289 909 1359 931 non
1373 910 1601 948 quaecunque
1617 902 1759 938 moralis
1787 903 1903 936 virtus
1915 900 1964 937 est
1991 903 2084 938 circa
2104 902 2230 950 pallio·

1291 958 1353 984 nes
1370 974 1380 984 .

1392 998 1448 1033 Ad
1464 1011 1673 1045 argumenta
1689 1026 1701 1039 .
1714 1002 1771 1037 Ad
1785 1002 1936 1049 primurn
1950 1001 2225 1050 respondeo,su-

1289 1060 1351 1095 pra
1364 1061 1383 1094 q
1418 1050 1549 1086 56.art.
1567 1051 1837 1088 6.declaratum
1856 1051 1970 1090 fuiffe,
1983 1054 2138 1100 qualiter
2156 1057 2221 1092 vir-

1287 1110 1381 1133 tutes
1397 1102 1547 1135 morales
1559 1113 1682 1137 omnes
1695 1103 1941 1150 principaliter
1955 1101 2034 1139 sunt
2053 1106 2223 1151 ponendae

1285 1151 1321 1185 in
1341 1151 1396 1185 illa
1415 1162 1513 1189 parte
1530 1151 1686 1188 bominis
1703 1179 1714 1194 ,
1741 1165 1800 1199 per
1827 1165 1936 1200 quam
1965 1153 2029 1189 fibi
2054 1159 2223 1203 competit

1287 1202 1431 1246 operari
1450 1200 1641 1238 secundum
1656 1204 1828 1238 virtutem
1841 1229 1852 1245 ,
1870 1214 1950 1250 quae
1963 1202 2029 1239 effe
2048 1209 2173 1251 nequit
2186 1209 2226 1244 il-

1289 1249 1317 1284 la
1338 1277 1348 1292 ,
1370 1249 1563 1287 secundum
1591 1265 1700 1300 quam
1717 1252 1787 1301 ipse
1813 1263 1956 1289 exercet
1978 1259 2227 1302 operationem

1288 1300 1376 1341 sibi,
1402 1301 1592 1349 brutisque
1607 1315 1832 1339 communem
1861 1316 1871 1338 t
1899 1302 2007 1349 juxta
2024 1305 2116 1342 hanc
2131 1311 2227 1344 enim

1287 1350 1398 1387 homo
1410 1364 1479 1386 nou
1493 1352 1541 1387 est
1555 1353 1826 1400 dignuslaude,
1854 1355 1909 1389 vel
1924 1353 2107 1403 vituperio
2125 1384 2135 1400 ‚
2162 1359 2226 1395 nist

1287 1413 1468 1448 quatenus
1485 1402 1651 1439 subditur
1680 1407 1712 1441 8(
1728 1405 1898 1450 dirigitur
1921 1416 1984 1451 per
2014 1409 2226 1445 rationalem

1289 1454 1489 1499 appetitum
1508 1466 1518 1485 :
1533 1454 1592 1489 etsi
1607 1467 1726 1491 autem
1754 1455 1924 1502 pastiones
1942 1456 2146 1495 radicentur
2162 1461 2228 1496 in.»

1289 1515 1453 1549 appetitu
1472 1503 1641 1539 sens-tivo
1657 1533 1668 1548 ‚
1693 1506 1824 1542 fimiles
1836 1515 1953 1540 tamen
1970 1508 2112 1544 illarum
2130 1522 2230 1558 repe·

1289 1555 1445 1589 rire-ntur
1462 1555 1567 1589 etiam
1584 1557 1616 1590 in
1634 1558 1799 1603 appetitu
1827 1555 2075 1601 intelleftivm
2098 1560 2132 1595 8(
2148 1562 2229 1596 ideo

1289 1601 1355 1637 hac
1367 1606 1411 1638 de
1436 1603 1537 1639 causa
1567 1604 1645 1640 sunt
1672 1608 1707 1640 in
1733 1606 1797 1640 illo
1825 1607 2042 1643 collocandi:
2069 1610 2227 1646 virtutes

1287 1656 1534 1699 temperantiae
1547 1655 1577 1689 8(
1594 1654 1965 1701 fortitudinis,quibus
1980 1659 2046 1694 illae
2059 1670 2227 1697 coercen-

1288 1715 1347 1739 tur
1361 1703 1530 1749 pastiones
1547 1734 1555 1739 .
1575 1705 1642 1741 Sed
1654 1706 1886 1742 nibilominus
1909 1705 2049 1752 justitia
2067 1709 2130 1746 has
2153 1724 2226 1747 non

1285 1752 1428 1798 respicit
1446 1755 1612 1799 passiones
1632 1782 1641 1797 ,
1662 1766 1787 1790 verum
1803 1756 1966 1792 debitum
1992 1757 2035 1793 ad
2055 1761 2224 1798 alterum:

1288 1805 1317 1837 8<
1339 1803 1419 1838 ideo
1432 1804 1507 1839 haec
1518 1804 1567 1839 est
1582 1806 1676 1841 circa
1693 1807 1922 1852 operationes
1936 1834 1948 1850 ,
1975 1809 2121 1856 reliquae
2146 1813 2228 1849 duae

1287 1854 1375 1889 circa
1392 1854 1565 1900 paliiones
1582 1881 1591 1891 .

1387 1904 1443 1940 Ad
1463 1905 1658 1943 secundum
1675 1921 1772 1954 patet
1791 1920 1842 1945 ex
1870 1907 1986 1946 statim
2017 1910 2122 1948 dietis
2149 1925 2159 1948 ε
2183 1912 2228 1948 ad

1285 1953 1505 1993 cohibendas
1521 1958 1611 1993 enim
1633 1961 1836 2009 voluptates
1864 1962 1895 1997 8(
1929 1962 2090 1999 tristitias
2120 1962 2233 1999 horno

1285 2004 1425 2052 indiget
1451 2012 1711 2056 temperantia,
1737 2015 1769 2050 8(
1804 2012 2016 2048 fortivudine
2039 2036 2052 2056 ‚
2089 2014 2119 2048 8(
2152 2015 2233 2050 ideo

1285 2056 1306 2091 h
1323 2071 1337 2091 e
1353 2059 1506 2096 virtutes
1525 2059 1707 2098 versantur
1719 2066 1811 2100 citex
1839 2064 2009 2109 passiones
2023 2090 2031 2098 .
2045 2064 2233 2101 Caeterum

1285 2111 1451 2155 quamvis
1466 2110 1508 2145 ad
1524 2112 1627 2149 adius
1641 2115 1790 2152 virtutis
1807 2111 1976 2159 sequatur
1992 2116 2179 2164 voluptas,
2200 2116 2230 2152 8(

1287 2158 1435 2196 subinde
1451 2160 1494 2196 ad
1518 2160 1661 2207 justitiae
1688 2166 1935 2213 operationem
1954 2193 1964 2207 ‚
1987 2165 2079 2201 hanc
2110 2177 2232 2205 tamen

1287 2211 1343 2246 illa
1359 2213 1474 2247 virtus
1493 2225 1564 2249 non
1580 2213 1789 2253 moderatur
1804 2239 1815 2254 2
1839 2227 1904 2250 nec
1920 2218 2014 2252 circa
2028 2214 2140 2264 ipsam
2153 2231 2233 2255 ver·

1288 2260 1385 2298 satur
1402 2289 1413 2305 ,
1441 2262 1498 2299 sed
1513 2263 1746 2302 estuaturalis
1764 2266 1904 2311 sequela
1922 2266 2032 2313 ipfius
2047 2300 2059 2309 ,

1360 2338 1363 2340 Α
1389 2313 1449 2351 Ad
1472 2317 1621 2350 tertium
1643 2314 1859 2357 dicendum,
1881 2317 2008 2364 utique
2035 2320 2066 2355 8(
2096 2317 2230 2364 justitia

1288 2363 1440 2399 rationis
1469 2365 1623 2401 medium
1647 2375 1771 2402 tenere
1794 2394 1804 2409 ,
1839 2367 1984 2417 perinde
2008 2379 2052 2409 ac
2078 2371 2233 2406 virtutes

1288 2414 1398 2455 alias;
1423 2415 1636 2461 quiatamen
1653 2427 1723 2452 non
1738 2418 1884 2453 inclinat
1905 2443 1916 2459 ‚
1943 2430 2007 2454 nec
2025 2425 2085 2467 per
2100 2420 2131 2455 se
2150 2432 2231 2455 ver-

1287 2463 1486 2502 saturcirca
1500 2478 1660 2506 extrema
1676 2467 1886 2507 declinanda
1899 2494 1914 2510 ,
1938 2469 2000 2508 sed
2020 2480 2159 2505 tantum
2186 2470 2231 2506 ad

1288 2514 1510 2552 reddendum
1528 2518 1628 2555 alteri
1657 2519 1757 2563 quod
1779 2519 1884 2566 ipfius
1911 2519 1959 2555 est
1977 2546 1988 2562 ‚
2015 2520 2093 2555 ideo
2114 2521 2233 2558 virtus

1287 2565 1363 2600 haec
1376 2567 1468 2601 circa
1486 2567 1717 2616 operationes
1732 2568 1798 2606 effe
1812 2569 1958 2611 dicitur,
1974 2581 2044 2605 non
2060 2582 2145 2606 vero
2160 2573 2232 2607 cir-

1287 2627 1326 2650 ca
1359 2616 1530 2663 paffiones
1551 2631 1562 2658 ;
1591 2617 1653 2654 etfi
1675 2631 1721 2655 ex
1743 2630 1787 2656 eo
1809 2621 1908 2667 quod
1933 2620 2089 2657 medium
2110 2631 2229 2659 teneat

1287 2667 1394 2702 etiam
1410 2668 1605 2715 pastionum
1620 2669 1818 2706 moderatio
1829 2670 2000 2719 sequatur
2017 2696 2029 2707 .

1450 2742 1967 2782 ARTICULUS
2021 2745 2069 2783 V.

1361 2818 1500 2855 Utrum
1525 2820 1648 2866 aliqua
1672 2821 1790 2858 virtus
1803 2820 1952 2858 moralis
1967 2820 2034 2859 effe
2057 2821 2158 2872 posiit

1581 2868 1715 2917 absque
1746 2872 1901 2921 passione
1916 2896 1926 2906 .

1332 2967 1464 3006 Dorlor
1484 2970 1564 3008 locis
1586 2974 1624 3008 in
1648 2974 1811 3020 margine
1839 2974 1976 3010 citatis.
1993 2975 2037 3013 S.
2058 2973 2183 3012 Tomos

1590 3035 1620 3063 t.
1637 3035 1665 3060 ι.
1679 3035 1714 3072 q.
1729 3036 1789 3072 59.
1804 3033 1879 3060 art.
1895 3033 1929 3068 5.

1401 3120 1521 3158 ldetur
1545 3124 1640 3160 nulla
1666 3127 1785 3160 virtu:
1811 3123 2025 3160 moralisesse
2047 3124 2144 3172 posse
2170 3127 2234 3162 ab·

1407 3169 1494 3219 sque
1511 3174 1665 3221 pasfione
1688 3203 1696 3210 .
1728 3176 1868 3215 Etenim
1898 3176 2015 3211 omnis
2037 3177 2206 3212 voluntas
2222 3208 2235 3224 ,

1278 3222 1314 3258 in
1342 3236 1412 3269 qua
1441 3236 1510 3258 non
1533 3225 1726 3261 necessario
1763 3223 2039 3270 conjunguntur
2059 3238 2227 3272 appetere

1277 3272 1557 3311 commodum&
1587 3288 1601 3311 r
1624 3275 1679 3312 a:
1701 3286 1867 3322 appetere
1895 3301 1904 3312 ,
1928 3276 2040 3323 potest
2076 3276 2157 3313 fetri
2191 3282 2224 3317 ἰῃ

1278 3324 1508 3359 commodum
1527 3325 1620 3360 reete
1642 3352 1650 3366 ‚
1665 3325 1914 3361 &inordinate
1934 3353 1944 3368 ,
1961 3340 2085 3373 nempe
2101 3339 2227 3368 contra

1277 3374 1455 3409 diSiamen
1479 3373 1667 3410 ostendens
1698 3376 1758 3413 sibi
1778 3375 1916 3412 testum
1940 3378 2087 3415 modum
2118 3391 2227 3424 appe-

1278 3425 1426 3459 tendizin
1443 3426 1538 3460 nulla
1557 3437 1676 3462 autem
1694 3438 1814 3462 creata
1833 3429 2017 3464 voluntate
2032 3429 2227 3467 necessario

1279 3477 1457 3510 utiuntur
1471 3487 1635 3523 appetere
1649 3477 1681 3511 ἃ
1703 3477 1796 3514 rei-ie
1815 3490 2001 3525 appetere:
2021 3481 2053 3515 id
2070 3480 2161 3515 enim
2176 3483 2225 3518 est

1280 3527 1466 3572 proprium
1481 3527 1678 3562 voluntaris
1697 3527 1823 3563 divinit
1843 3541 1855 3570 3
1882 3540 1969 3575 ergo
1994 3531 2118 3576 nequit
2151 3545 2227 3567 mo·

1282 3576 1364 3612 ralis
1377 3577 1493 3612 virtus
1506 3577 1656 3621 dirigere
1669 3579 1897 3624 operationes
1919 3582 2044 3616 ration:
2061 3582 2099 3616 l³s
2121 3593 2228 3630 appe-

1281 3629 1372 3661 titus
1387 3626 1432 3661 slC
1450 3652 1460 3666 ,
1481 3638 1519 3661 ut
1536 3627 1598 3662 sint
1613 3629 1818 3665 conformes
1835 3631 1962 3666 rationi
1991 3633 2089 3668 teftae
2113 3637 2230 3681 quin..

1283 3689 1353 3712 una
1367 3677 1586 3720 intelligatur
1600 3692 1617 3712 n
1634 3678 1771 3715 odei-ari
1792 3679 1964 3727 pastiones
1982 3705 1993 3712 -

1383 3726 1570 3767 Praeterea,
1585 3728 1774 3767 Virtutum
1793 3733 2073 3778 appetitivarum
2093 3736 2126 3769 in
2141 3736 2235 3771 ordi-

1551 3779 1582 3813 A
1612 3790 1631 3812 a
1660 3788 1680 3811 ι
2088 3798 2130 3820 ne
2144 3787 2187 3820 nd

2265 1022 2319 1052 Per
2327 1027 2470 1056 rationem

2259 1071 2368 1092 tantum
2379 1066 2470 1094 homo

2258 1102 2297 1129 est
2305 1102 2402 1143 dignus
2412 1105 2471 1133 lau.

2263 1139 2298 1168 de
2308 1158 2318 1173 ‚
2331 1143 2376 1170 vel
2392 1152 2469 1173 vitu-

2266 1180 2346 1218 perio
2358 1197 2369 1211 .

2273 1974 2340 2006 nd.
2355 1984 2381 2007 t.
2403 1985 2476 2016 q-s.

2276 3208 2302 3236 3·
2327 3202 2354 3232 d.
2370 3205 2414 3232 26.
2440 3208 2467 3241 ο,

2272 3240 2332 3271 Alio
2343 3243 2418 3272 modo
2428 3260 2439 3272 0
