2592 4011
1 2729 106 2760 Neritia
128 2731 192 2759 uni-

1 2767 104 2798 lersails
117 2772 191 2798 mul-

0 2807 117 2841 ·iplicabi
129 2808 160 2836 lis

1 2845 130 2879 ῖοιιῖιιίῖι,
162 2847 190 2876 ὅ(

0 2884 3 2905 Γ
7 2893 31 2910 m

0 2921 31 2950 stt

34 2883 151 2921 perfesta

822 178 981 226 Tomns
1013 179 1093 227 III.
1121 182 1313 231 Secunda
1344 183 1576 233 Secundaei

260 255 294 278 ta
309 245 462 290 potentia
477 242 550 280 fieri
565 243 713 290 possent
741 245 874 282 Beatus
898 247 1036 283 fruatur
1060 246 1199 287 summo

261 295 358 329 bono
371 319 382 335 ‚
407 294 505 340 quod
518 295 565 330 est
578 295 720 331 essentia
737 320 748 336 ,
774 307 843 330 non
859 297 1011 334 fruendo
1026 298 1196 345 personis,

259 344 398 379 veluna
413 343 559 390 persona
587 346 657 381 sine
678 346 756 381 aliis
777 371 785 380 .
812 346 1019 384 Declaratio
1047 361 1055 383 :
1081 350 1197 390 Astus

258 395 374 429 omnis
385 393 518 430 habens
531 396 685 442 primum
698 395 881 441 objeetum
893 425 903 439 ‚
916 409 935 432 a
948 410 1023 444 quo
1034 397 1197 436 essentia·

255 446 335 481 liter
346 443 521 491 dependet
535 471 546 488 ‚
571 447 605 482 &
631 444 816 491 objeetum
845 446 1038 485 secundum
1056 474 1069 490 ‚
1089 463 1106 485 a
1121 462 1198 498 quo

256 494 480 531 essentialiter
495 507 565 530 non
582 495 758 543 dependet
776 524 787 539 ,
815 495 875 532 sed
906 499 1019 534 tendit
1043 500 1079 535 in
1106 502 1195 537 illud

256 546 390 580 virtute
401 544 604 592 primi,licet
624 559 694 583 non
710 547 810 594 poffit
824 559 964 587 manere
974 549 1066 585 idem
1078 552 1195 594 auus,

255 595 316 633 nisi
332 594 461 631 habeat
473 595 722 634 habitudinem
752 598 794 632 ad
822 600 976 643 primum
996 599 1195 646 objefl'um,

252 643 367 695 potest
377 653 497 681 tamen
514 648 664 693 perstare
675 647 766 684 idem
784 645 851 684 sine
862 648 1071 686 habitudine
1087 651 1130 686 ad
1144 652 1196 690 se·

253 694 413 732 cundum
424 695 632 743 objeaum,
657 699 742 746 quia
772 698 816 733 ab
831 711 874 733 eo
900 710 972 734 non
1002 700 1191 747 dependet.

252 747 463 790 Exemplum
481 761 490 783 ε
504 747 592 787 idem
604 748 652 784 est
664 748 765 784 aetus
779 747 921 783 visionis
936 748 1087 786 effentiae
1101 750 1191 792 divi,

253 808 332 838 nae,
360 796 393 832 δ’(
408 797 553 833 aliarum
569 810 682 834 rerum
697 799 731 833 in
749 797 891 834 essentia
907 811 920 839 3
950 797 1007 834 sed
1020 799 1192 842 essentia„

252 847 288 883 in
304 846 337 882 se
350 845 398 881 est
413 849 567 893 primum
592 847 774 894 objeaum
801 875 812 890 ‚
839 860 895 885 res
920 848 1000 884 visa:
1021 848 1193 890 secunda·

252 898 345 934 rium
357 895 541 942 objeecum
564 925 576 937 .
605 903 690 936 Non
721 897 829 944 posset
842 909 962 934 autem
978 912 1118 938 manere
1131 916 1193 939 ea-

251 948 332 985 dem
350 947 437 983 vifio
452 975 463 990 ‚
491 947 553 983 nist
574 948 656 985 esset
681 948 836 994 ejusdem
871 948 1022 989 effentiae
1040 977 1051 994 ‚
1079 953 1190 999 posset

248 1011 368 1034 autem
382 1010 524 1036 manere
537 1000 659 1037 eadem
671 999 756 1034 visto
771 999 904 1046 absque
915 1000 985 1036 hoc
999 1027 1011 1043 ,
1024 1002 1123 1048 quod
1139 1003 1192 1040 es-

246 1048 321 1086 sent
341 1060 392 1084 res
407 1048 486 1085 visae
500 1050 535 1084 in
548 1064 586 1087 ea
601 1076 609 1085 .
639 1049 740 1085 Sicut
764 1049 874 1093 igitur
900 1051 998 1086 Deus
1024 1051 1191 1098 absque,

244 1098 529 1136 contradiffione
541 1099 653 1148 potest
664 1098 848 1145 cooperari
860 1099 902 1134 ad
914 1099 1031 1136 aftum
1045 1102 1190 1139 illumin

244 1160 421 1198 quantum
434 1149 548 1186 tendit
563 1152 597 1185 in
613 1151 764 1194 primurn
779 1147 963 1193 objeftum
979 1177 991 1192 ,
1017 1163 1087 1186 non
1103 1163 1190 1187 coo·

242 1200 400 1249 perando
425 1200 459 1234 in
481 1198 594 1245 ipsum
619 1201 653 1233 in
669 1209 842 1244 quantum
860 1200 973 1235 tendit
999 1200 1035 1239 in
1063 1199 1188 1237 secun-

241 1251 330 1287 dum
346 1275 359 1292 ,
388 1248 422 1283 8(
438 1259 555 1287 tamen
572 1249 620 1286 est
632 1248 721 1284 idem
737 1248 863 1288 εᾶυςς
892 1251 940 1284 ita
966 1250 1035 1286 sine
1047 1262 1188 1288 contra.

240 1301 399 1337 diffione
409 1300 522 1345 porest
538 1300 726 1346 cooperari
752 1298 794 1333 ad
818 1299 983 1335 visionem
1005 1300 1156 1339 essentiae
1172 1330 1184 1345 ,

239 1351 298 1387 vel
316 1349 523 1386 fruitionem
541 1366 552 1393 ;
582 1350 668 1397 quia
682 1348 824 1384 essentia
838 1349 941 1385 habet
960 1351 1056 1396 quast
1075 1353 1186 1388 ratio-

238 1414 320 1438 nem
336 1401 438 1446 primi
451 1399 588 1446 objeeti
600 1427 612 1443 ‚
625 1443 628 1446 ,
639 1411 708 1434 non
726 1400 949 1446 cooperando
961 1401 1073 1437 eidem
1086 1403 1182 1439 actui

237 1450 387 1488 visionis
403 1475 414 1491 ‚
444 1451 500 1486 vel
515 1451 692 1486 fruitionis
708 1475 720 1490 ‚
748 1451 781 1484 in
794 1462 968 1496 quantum
985 1451 1096 1487 tendit
1114 1454 1179 1490 in„

237 1500 422 1550 personam
438 1526 450 1542 ,
479 1502 511 1539 8<
531 1503 577 1536 ita
590 1503 625 1537 in
643 1511 745 1536 unam
774 1500 871 1546 quod
896 1502 1016 1536 nonin
1048 1503 1151 1539 aliam
1175 1530 1187 1546 ,

237 1552 323 1599 quia
342 1548 488 1598 persona
511 1551 618 1589 habet
641 1551 815 1587 rationem
840 1548 977 1597 objecti
1006 1553 1104 1599 quasi
1135 1554 1188 1591 se-

239 1601 402 1638 cundarii
425 1628 435 1639 .

338 1652 478 1689 Deinde
496 1680 506 1695 ,
522 1654 695 1702 quaelibet
712 1652 858 1699 persona
873 1653 1041 1698 intelligit
1054 1655 1186 1695 forma·

235 1703 316 1739 liter
329 1703 510 1739 intelleftu
526 1731 539 1751 ,
568 1717 605 1740 ut
626 1703 721 1740 estin
739 1703 812 1751 ipsa
827 1730 836 1743 ,
865 1716 934 1738 non
952 1716 991 1739 ut
1003 1706 1097 1742 estin
1111 1710 1180 1745 alia

235 1763 298 1789 aut
311 1754 347 1788 in
359 1753 474 1790 tribus
490 1767 500 1794 ;
515 1766 595 1790 nam
612 1767 654 1790 ex
670 1753 770 1797 Aug.
786 1764 841 1797 ¹5.
858 1753 900 1789 de
912 1752 1044 1791 Trinit.
1061 1769 1184 1807 cap.9.

233 1803 418 1854 Qeltbet
443 1806 592 1851 persbna
622 1803 794 1849 e'ntelsigit
806 1803 873 1849 fibi
884 1804 948 1850 ipsi
961 1829 970 1838 .
993 1806 1061 1841 Sed
1088 1808 1181 1845 idem

231 1856 377 1890 videtur
395 1853 460 1889 esse
477 1854 519 1890 de
537 1853 719 1892 intellectu
736 1880 744 1895 ‚
775 1865 814 1889 ae
831 1853 873 1889 de
894 1852 1040 1897 obiecto
1056 1870 1067 1898 3
1092 1870 1182 1903 ergo

229 1904 402 1952 quaelibet
416 1903 562 1952 persona
581 1902 845 1940 beatificabitur
859 1903 1011 1950 pertz-&a
1027 1907 1181 1954 objeffi»

234 1967 280 1991 ve
294 1953 436 1991 essentia
453 1982 465 1997 ‚
485 1967 524 1991 ut
543 1954 591 1991 est
607 1957 642 1989 in
656 1953 687 1988 se
700 1954 847 1999 ipsamet
866 1955 1012 2000 persona
1027 1971 1036 1997 ⁴,
1049 1970 1117 1993 non
1136 1971 1177 1996 ut

235 2006 272 2040 in
290 2006 396 2040 altera
410 2033 421 2048 ,
449 2016 509 2040 aur
527 2007 558 2039 in
577 2006 717 2044 tribus;
747 2005 843 2051 Satis
858 2005 908 2040 est
926 2018 1013 2050 ergo
1029 2007 1177 2046 divina„

228 2055 370 2091 essentia
383 2055 426 2090 ad
442 2055 716 2091 beatificandum
729 2066 803 2090 tum
820 2055 932 2099 ipsum
950 2059 1064 2098 Deum
1078 2085 1086 2100 ³
1100 2070 1176 2096 tum

229 2115 380 2142 caeteros
392 2106 542 2147 beatos,
571 2117 639 2140 non
657 2116 694 2140 ut
708 2104 755 2140 est
773 2105 806 2140 in
838 2104 1017 2154 personis,
1046 2108 1103 2144 sed
1132 2122 1172 2145 ut

239 2155 413 2191 summum
431 2157 565 2192 bonum
583 2157 617 2190 in
633 2153 686 2191 se.

337 2204 504 2254 Denique
521 2233 532 2248 ,
564 2207 814 2242 Pateromnem
844 2207 1095 2252 perfthionem
1115 2211 1180 2246 ha-

228 2255 288 2291 bet
306 2267 323 2290 a
340 2255 374 2291 s:
391 2269 402 2296 3
422 2270 484 2293 nec
499 2256 616 2303 aliqua
634 2256 807 2303 perfectio
825 2257 1049 2301 simpliciter,
1072 2260 1104 2294 8(
1128 2259 1179 2296 es-

227 2304 382 2341 sential=s
409 2306 565 2352 estquasi
596 2305 767 2352 posterior
790 2306 868 2353 ipsis
899 2305 1055 2353 personis
1069 2320 1090 2349 τ,
1104 2309 1176 2345 Sed

231 2355 321 2390 vifio
339 2355 502 2392 beatifica
519 2384 527 2397 ,
553 2368 634 2402 quae
650 2355 825 2403 dependet
842 2357 886 2391 ab
899 2356 1180 2405 essentia'u't'jifid

228 2406 345 2440 tribus
360 2406 407 2442 est
423 2407 521 2453 quali
535 2405 706 2452 posterior
718 2407 832 2441 tribus
846 2432 856 2446 ,
869 2418 951 2441 cum
969 2408 1012 2442 ab
1029 2406 1178 2456 eis'p'e'r'i-

228 2455 310 2491 deat
326 2455 536 2502 objeciive3
564 2469 650 2503 ergo
668 2457 687 2492 si
705 2456 969 2492 visio-beatifica
997 2457 1046 2492 est
1065 2464 1110 2495 ab
1126 2459 1179 2496 es·

228 2506 339 2542 sentia
355 2519 392 2542 ut
409 2507 444 2542 in
473 2509 613 2550 tribus,
644 2507 746 2542 Pater
772 2506 863 2542 hanc
889 2506 1178 2553 perfeetionem„

228 2557 496 2604 quodammodo
520 2569 591 2593 non
622 2557 766 2594 habebit
783 2573 801 2594 a
816 2556 848 2592 se
865 2585 878 2604 ,
907 2556 962 2592 sed
990 2571 1008 2593 a
1023 2562 1144 2596 tribus
1164 2587 1176 2603 ‚

228 2609 261 2643 8(
276 2607 352 2643 haec
369 2608 538 2654 perfefitio
552 2608 587 2645 in
601 2620 643 2645 eo
654 2609 719 2645 erit
746 2608 845 2656 quasi
863 2607 1032 2658 posterior
1058 2611 1176 2648 tribus

229 2658 389 2706 personis
406 2683 417 2695 .

331 2709 390 2747 Ad
406 2721 614 2757 argumenta
632 2737 640 2746 .
669 2710 726 2746 Ad
743 2711 899 2756 primum
919 2708 1116 2755 respondeo
1128 2712 1175 2748 fic

235 2759 447 2796 Universale
460 2763 494 2796 in
511 2763 684 2796 creaturis
698 2761 870 2796 dividitur
885 2762 920 2795 in
937 2760 1006 2797 suis
1022 2763 1176 2809 singula-

228 2811 326 2846 ribus
343 2824 353 2850 ;
383 2810 452 2846 hoc
466 2823 584 2846 autem
600 2813 696 2859 quod
709 2811 756 2847 est
772 2811 909 2852 dividi,
936 2812 1176 2860 imperfefflo-

228 2862 281 2896 nis
299 2860 348 2896 est
366 2886 376 2900 ,
405 2861 487 2897 ideo
505 2873 574 2897 non
589 2863 758 2908 competit
772 2863 805 2898 ei
820 2861 918 2908 quod
938 2861 987 2898 est
1010 2875 1173 2900 commu·

229 2924 273 2947 ne
288 2911 323 2946 in
343 2913 420 2948 Deo
434 2939 446 2953 ,
474 2912 545 2947 imo
561 2912 701 2948 essentia
722 2912 843 2948 divina
859 2938 868 2953 ,
896 2924 977 2957 quae
989 2913 1031 2949 de
1047 2913 1080 2949 se
1096 2941 1107 2957 ‚
1121 2914 1172 2951 est

228 2964 429 2998 communis
442 2963 556 2998 tribus
573 2962 727 3010 personis
740 2989 750 3004 ,
777 2962 826 2998 est
837 2962 880 2997 de
893 2961 925 2997 se
939 2963 1011 2999 baec
1025 2989 1034 2999 .
1058 2965 1174 3014 Prop-

226 3012 447 3056 tereaigitur
462 3015 623 3057 cognitio
649 3012 804 3058 alicujus
834 3013 1046 3050 universalis
1072 3016 1173 3052 afin-

224 3061 412 3107 guliribus
426 3061 592 3100 abstraffi
610 3091 619 3104 ,
648 3062 793 3099 confusa
809 3062 858 3099 est
870 3073 978 3110 atque
1004 3065 1172 3112 imperfe-

225 3113 280 3148 &a
295 3139 308 3154 ,
335 3115 418 3159 quia
438 3111 620 3158 objeftum
649 3113 695 3148 est
718 3113 906 3149 confusum
927 3141 937 3156 ,
965 3114 1118 3152 divisum
1137 3118 1170 3153 in

224 3162 320 3203 inis,
349 3164 475 3211 quaein
501 3164 579 3210 ipso
599 3163 746 3199 confuse
775 3164 1053 3210 concipiuntur.
1083 3169 1169 3205 Haee

224 3224 341 3250 autem
369 3215 530 3258 cognitio
557 3214 708 3251 effentiae
736 3213 880 3251 Divinae
904 3214 1068 3252 distincta
1094 3217 1169 3262 cst,

223 3264 309 3310 quia
325 3263 371 3299 est
385 3262 519 3310 objeffi
533 3290 544 3306 ‚
581 3265 679 3312 quod
697 3265 745 3300 est
763 3266 804 3301 de
820 3265 851 3300 se
862 3265 950 3305 hoc3
981 3267 1014 3302 &
1047 3278 1167 3304 tamen

225 3325 297 3349 non
314 3324 456 3360 oportet
483 3315 516 3348 in
541 3315 602 3350 illo
630 3315 790 3351 distinete
819 3325 995 3363 concepto
1016 3343 1026 3358 ,
1048 3317 1169 3364 perso-

224 3376 304 3399 nam
322 3362 483 3399 distinete
499 3366 665 3412 concipi,
691 3367 775 3409 quia
795 3364 865 3410 ipsa
880 3377 948 3401 non
964 3366 1012 3402 est
1028 3370 1168 3414 primus

223 3414 401 3450 terminus
431 3413 571 3454 visionis
587 3440 599 3458 ,
621 3416 677 3451 vel
704 3415 882 3453 fruitionis
905 3443 917 3458 ‚
942 3426 980 3452 ut
1010 3418 1169 3455 declara-

223 3473 299 3500 tum
314 3464 362 3499 est
378 3491 386 3499 .

325 3513 382 3549 Ad
399 3513 589 3552 secundum
606 3515 824 3563 respondeo,
837 3529 1003 3564 oportere
1018 3519 1165 3564 quidem

221 3565 417 3600 terminum
433 3566 576 3602 visionis
592 3569 658 3602 esse
671 3566 759 3612 quid
775 3567 927 3603 existens
940 3570 972 3603 in
984 3581 1162 3615 quantum

224 3614 376 3652 existens
394 3641 406 3658 ,
434 3614 488 3651 sed
504 3628 573 3652 non
590 3614 656 3653 esse
673 3616 899 3654 necessarium
930 3630 968 3654 ut
996 3621 1164 3656 termine-

260 3715 305 3749 (a)
345 3714 491 3750 Caietanns
506 3715 549 3745 hic
561 3715 613 3744 alia
631 3717 674 3744 via
688 3716 809 3748 inceditt.
834 3715 964 3746 videnda:
974 3718 1072 3746 Pontii
1083 3727 1163 3748 com-

222 3753 515 3792 mentationesqutbus
527 3754 565 3782 ait
577 3754 746 3793 ptaecludisse
771 3757 797 3785 se
820 3755 894 3783 viam
909 3756 1045 3784 evadendi
1067 3776 1073 3783 .
1097 3759 1166 3786 Mo.

215 3790 309 3820 demis
322 3792 476 3821 Thornislis
489 3811 500 3826 ‚
515 3801 566 3822 nec
578 3802 675 3822 eorum
695 3793 831 3823 instantiae
846 3795 994 3829 procedere
1008 3803 1105 3824 contra
1117 3805 1162 3824 ra.-

211 3829 308 3859 tiones
322 3830 550 3868 Οοεῖοτιςφτου(
562 3833 597 3860 ab
612 3831 670 3869 ipso
684 3832 893 3863 declarantur&
905 3841 1098 3870 proponuntur
1108 3852 1118 3863 .

318 3872 414 3908 TW.
431 3871 501 3906 Ill.

1274 263 1333 287 tur
1345 251 1388 286 ad
1402 251 1654 290 subsistentiam
1667 282 1679 298 ,
1705 256 1766 293 seu
1779 260 2002 300 existentiam
2031 266 2131 301 alteri
2159 271 2213 305 in-

1273 304 1602 340 communicabilem
1619 330 1629 340 .
1659 305 1810 343 Essentia
1827 322 1947 347 autem
1962 315 2080 351 dit-ina
2098 316 2146 352 est
2161 320 2209 357 de

1263 351 1388 399 fi-haec
1409 379 1420 394 ‚
1435 354 1563 391 &astu
1575 354 1750 399 existens,
1778 358 1897 394 estoin
1914 361 1961 397 sui
1981 369 2114 405 ratione
2134 381 2207 406 non

1272 402 1432 437 includat
1448 405 1814 444 incommunicabilem
1835 411 2056 451 existentiam
2074 433 2083 454 :
2114 418 2211 455 ideo-

1270 462 1344 497 que
1359 452 1433 499 ipsa
1448 455 1635 490 terminare
1652 457 1763 503 potest
1781 458 1949 498 visionem
1975 466 2180 505 intuitivam
2196 495 2209 512 ,

1270 501 1360 538 citra
1373 502 1538 540 visionem
1551 504 1782 551 personarum
1798 535 1808 545 .

1373 552 1434 591 Ad
1447 553 1594 589 formam
1607 555 1719 600 igitur
1732 563 1958 606 argumenti,
1984 567 2143 603 concedo
2156 569 2210 604 vi-

1273 601 1403 638 sionem
1417 615 1487 639 non
1501 602 1567 638 esse
1588 606 1649 642 nisi
1672 608 1858 645 existentis
1886 611 1919 646 in
1936 625 2112 658 quantum
2129 620 2207 654 exi-

1267 649 1360 687 stens
1375 665 1384 687 τ
1402 665 1483 690 cum
1498 652 1661 691 subditur
1676 670 1746 693 non
1759 657 1807 694 est
1821 660 1974 697 existens
1990 665 2050 699 nist
2069 667 2101 702 in
2129 681 2210 714 per-

1269 700 1486 748 sona;igitur
1497 704 1586 740 visto
1597 705 1646 742 est
1659 707 1840 745 existentis
1852 712 1936 746 utin
1952 714 2208 758 persona3Non

1267 749 1440 798 sequium
1459 754 1516 790 sed
1530 765 1668 792 tantum
1684 759 1796 804 potest
1812 761 1933 796 inferri
1950 764 2115 801 visionem
2135 780 2208 805 non

1267 801 1335 837 esse
1349 801 1577 848 subsistentis,
1594 807 1653 842 nisi
1673 809 1839 846 videatur
1854 810 2014 856 essentia,
2030 828 2066 850 ut
2080 817 2112 850 in
2127 830 2207 859 per-

1266 850 1350 887 sona
1363 854 1483 890 existit
1500 881 1511 895 ,
1534 856 1592 890 vel
1616 857 1998 899 incommunicabiliter
2026 864 2178 902 subsistit
2195 894 2206 904 .

1368 903 1426 938 Ad
1445 904 1590 940 tertium
1605 905 1686 940 dico
1699 931 1711 949 ,
1738 910 1932 955 negandam
1959 912 2023 950 esse
2037 908 2041 910 ⁸
2054 918 2204 962 primam

1264 950 1561 1002 propositionem,
1588 955 1649 990 nisi
1666 960 1813 1002 quando
1825 961 1859 996 in
1887 963 1956 999 illis
1979 976 2024 1000 ex
2049 977 2204 1005 natura-2

1263 1004 1314 1039 rei
1328 1001 1500 1039 distinetis
1514 1029 1524 1044 ‚
1537 1003 1649 1051 ipsum
1662 1007 1813 1052 primum
1831 1010 1942 1048 visum
1953 1013 2202 1061 distinguitur.

1261 1052 1491 1101 Exemplum:
1503 1054 1646 1089 Albedo
1662 1055 1695 1090 8(
1713 1059 1830 1094 album
1845 1060 1959 1099 visum
1975 1064 2203 1112 distinguun-

1260 1104 1369 1139 turin
1381 1113 1498 1151 partes
1513 1129 1522 1143 ,
1535 1105 1568 1138 in
1581 1106 1713 1152 quibus
1727 1108 1867 1145 ridetur
1883 1139 1893 1152 ,
1915 1114 1947 1149 8(
1966 1114 2046 1150 ideo
2061 1130 2131 1152 non
2146 1120 2200 1158 die

1260 1152 1387 1189 stin&e
1402 1151 1582 1190 videretur
1598 1156 1717 1191 album
1737 1158 1796 1193 nisi
1813 1160 1878 1195 illoe
1895 1173 2012 1208 partes
2027 1193 2037 1207 ,
2059 1167 2094 1202 in
2120 1172 2203 1214 qui,

1258 1204 1328 1238 bus
1349 1202 1580 1248 distinguitur
1600 1205 1720 1242 album
1744 1208 1879 1251 visum,
1910 1211 2072 1251 distinete
2099 1218 2200 1255 vide-

1258 1262 1402 1289 rentur.
1432 1251 1474 1289 ln
1503 1254 1685 1301 proposito
1704 1269 1821 1294 autem
1837 1285 1849 1300 ‚
1878 1261 1938 1296 etsi
1969 1264 2125 1309 personae
2154 1281 2200 1308 ex

1256 1313 1383 1339 natura
1398 1305 1446 1340 rei
1467 1303 1735 1350 distinguantur
1760 1335 1771 1350 ‚
1802 1320 1919 1347 tamen
1932 1312 2074 1351 essentia
2097 1315 2199 1359 visa,

1256 1364 1328 1387 non
1342 1353 1575 1400 distinguitur
1586 1356 1622 1390 in
1635 1357 1684 1393 eis
1695 1384 1706 1399 ,
1734 1370 1813 1405 quae
1825 1358 1874 1394 est
1890 1362 1933 1397 de
1948 1362 1978 1399 se
1991 1364 2062 1401 baec
2074 1393 2086 1408 ,
2115 1369 2197 1408 ideo

1254 1403 1368 1450 potest
1399 1403 1563 1441 distinete
1575 1406 1688 1443 videri
1705 1408 1773 1445 sine
1799 1410 1865 1446 illis
1881 1412 1961 1450 visis
1975 1426 2056 1462 quae
2084 1417 2198 1458 subfi-

1255 1452 1398 1490 stuntin
1409 1467 1449 1491 ea
1465 1484 1475 1493 .

1353 1505 1415 1541 Ad
1431 1508 1532 1543 aliam
1546 1507 1799 1547 dedufflonem
1821 1512 1864 1549 de
1881 1511 2071 1554 voluntate
2088 1546 2097 1556 .
2127 1521 2197 1559 Αἱ-

1252 1566 1330 1591 mus
1348 1582 1358 1595 ..
1379 1561 1590 1595 antecedens
1603 1561 1670 1596 esse
1685 1560 1811 1597 falsum
1829 1576 1841 1602 3
1867 1564 1901 1600 &
1930 1578 2094 1612 praeterea
2108 1575 2196 1619 quia

1251 1605 1508 1653 consequentia
1535 1620 1605 1644 non
1630 1610 1678 1646 est
1719 1612 1906 1649 necessaria
1939 1617 2195 1664 respondemus

1252 1654 1298 1690 fic
1313 1668 1324 1689 ι
1353 1657 1560 1696 ΙηῐεΙΙεέὶυε
1574 1660 1758 1697 ostendere
1777 1663 1890 1710 potest
1917 1666 2062 1713 aliquod
2090 1672 2198 1718 obje-

1251 1705 1348 1741 etum
1365 1710 1515 1754 primum
1536 1709 1713 1746 voluntati
1728 1737 1736 1749 ,
1758 1713 1784 1747 9(
1804 1714 1835 1747 in
1851 1714 1909 1749 illo
1922 1718 2038 1762 primo
2049 1721 2197 1767 objeffto

1250 1755 1435 1796 ostendere
1456 1758 1566 1806 potest
1595 1760 1742 1808 aliquod
1757 1774 1820 1808 per
1841 1762 1873 1799 se
1894 1766 2080 1813 objectum
2101 1799 2111 1814 ‚
2135 1773 2195 1808 sed

1251 1816 1321 1840 non
1350 1808 1502 1854 primurn
1519 1834 1528 1844 .
1558 1808 1742 1846 Vocamus
1766 1823 1882 1848 autem
1908 1816 2091 1862 objeaum
2122 1824 2196 1870 pri-

1253 1867 1351 1892 mum
1369 1868 1484 1895 totum
1503 1859 1591 1895 illud
1604 1861 1646 1895 ad
1662 1860 1762 1907 quod
1778 1863 1990 1902 terminatur
2005 1870 2105 1907 aetus
2125 1886 2136 1914 ;
2156 1873 2195 1909 δε,

1248 1904 1433 1951 οὶήεξὶιιηῑ
1447 1923 1509 1958 per
1521 1909 1554 1946 se
1572 1911 1670 1957 quod
1686 1911 1883 1948 includitur
1898 1927 1958 1964 per
1973 1916 2005 1953 se
2026 1923 2195 1962 unitiva,

1248 1954 1284 1989 in
1301 1955 1448 2004 objecto
1459 1961 1672 1997 terminante
1686 1963 1800 2010 primo
1817 1989 1826 1999 .
1856 1964 2023 2014 Utraque
2041 1983 2195 2010 autem-2

1247 2007 1401 2044 ratioibi
1417 2009 1556 2047 ostensa
1571 2011 1696 2048 sufficit
1712 2012 1754 2047 ad
1771 2013 1840 2048 hoc
1870 2024 1909 2049 ut
1939 2020 2106 2057 voluntas
2131 2025 2196 2059 ha‘.

1247 2056 1328 2092 beat
1340 2059 1459 2095 aetum
1475 2061 1577 2097 suum
1592 2063 1686 2098 circa
1705 2063 1792 2098 illud
1810 2088 1819 2097 .
1843 2065 1929 2100 Non
1945 2069 2035 2104 enim
2051 2083 2196 2118 oportet

1248 2108 1474 2145 voluntatem
1498 2112 1588 2147 velle
1614 2113 1831 2148 totumillud
1856 2115 1970 2160 primo
1982 2118 2158 2159 ostensum
2179 2137 2193 2165 ;

1247 2154 1304 2190 sed
1320 2160 1428 2205 magis
1442 2162 1534 2196 velle
1549 2161 1662 2206 potest
1679 2163 1713 2197 id
1727 2163 1825 2209 quod
1837 2163 1898 2199 sibi
1912 2168 2194 2214 representatum

1245 2204 1314 2241 fuit
1330 2206 1367 2243 in
1384 2210 1618 2254 illoostenso,
1643 2213 1677 2247 &
1695 2215 1800 2247 etiam
1818 2225 1887 2249 non
1902 2218 1992 2254 velle
2007 2246 2017 2255 .

1346 2258 1725 2297 Adconfitmationem
1749 2273 1830 2298 cum
1848 2264 1979 2304 dicitur
2003 2270 2192 2317 objeStum

1244 2304 1435 2342 autdiffert
1453 2319 1515 2353 re,
1532 2319 1593 2344 aut
1617 2310 1755 2348 ratione
1783 2336 1793 2346 .
1823 2314 1950 2353 Aimus
1976 2344 1988 2361 ‚
2012 2320 2189 2362 differre...

1245 2367 1403 2393 ratione.

1343 2409 1386 2443 Et
1399 2419 1478 2444 cum
1491 2420 1615 2447 contra
1638 2412 1814 2458 probatur
1829 2442 1840 2458 ‚
1869 2419 1954 2465 quia
1984 2421 2188 2460 intelleStus

1241 2469 1313 2493 non
1330 2458 1494 2497 distinste
1507 2463 1665 2508 concipit
1690 2461 1757 2498 hoc
1774 2466 1820 2498 ab
1850 2468 1910 2504 illo
1926 2494 1936 2504 .
1968 2472 2163 2519 Responsio
2176 2487 2188 2510 t

1242 2510 1330 2545 Non
1349 2521 1515 2556 oportere
1536 2511 1579 2546 ad
1604 2512 1866 2554 distinctionem
1881 2521 2027 2556 rationis
2052 2523 2191 2561 intelle-

1252 2557 1350 2595 etum
1369 2560 1496 2597 habere
1510 2561 1567 2597 illa
1582 2588 1592 2604 ‚
1611 2563 1699 2599 sicut
1712 2563 1855 2610 objeeta
1870 2569 2030 2607 distincta
2047 2599 2057 2615 ‚
2069 2574 2127 2610 sed
2142 2576 2194 2609 sa-

1239 2609 1287 2649 tis
1299 2609 1390 2653 esse,
1418 2624 1457 2646 ut
1473 2614 1508 2647 in
1525 2613 1642 2660 primo
1658 2613 1805 2661 objesto
1827 2620 1964 2666 aliquid
1985 2626 2162 2673 concipiat
2180 2653 2190 2662 .

1257 2659 1259 2662 ⁴
1340 2661 1399 2699 Ad
1413 2662 1507 2697 aliud
1524 2663 1569 2698 de
1580 2665 1804 2710 quietatione
1818 2669 2015 2718 respondeo
2033 2674 2101 2711 sic:
2123 2677 2191 2711 1²2-

1238 2722 1294 2748 tet
1307 2722 1461 2747 aeternus
1473 2715 1660 2760 quietatur
1677 2716 1712 2750 in
1728 2716 1873 2755 essentia
1906 2732 1974 2756 una
1992 2749 2001 2764 ‚
2034 2725 2132 2761 utest
2151 2726 2189 2763 in

1237 2763 1272 2799 se
1290 2787 1298 2796 .
1329 2764 1414 2799 Non
1429 2775 1517 2810 ergo
1533 2762 1721 2811 sequitur;
1752 2768 1862 2813 igitur
1888 2773 2044 2817 quietari
2062 2779 2187 2821 nequit

1239 2816 1274 2849 in
1286 2811 1431 2848 essentia
1444 2840 1456 2856 ,
1482 2825 1522 2850 ut
1547 2814 1596 2850 est
1620 2815 1655 2849 in
1673 2815 1766 2854 Filio
1779 2845 1789 2860 ,
1812 2821 1867 2855 vel
1884 2823 2019 2868 Spiritu
2035 2826 2185 2867 Sanctam

1239 2865 1313 2900 imo
1325 2865 1559 2911 quietaturin
1578 2865 1723 2902 essentia
1751 2867 1809 2904 sua
1825 2894 1837 2913 ,
1859 2881 1897 2905 ut
1923 2878 2188 2913 communicata

1240 2915 1290 2951 est
1307 2916 1355 2950 eis
1372 2941 1384 2956 ‚
1411 2916 1520 2962 idque
1535 2917 1658 2952 eadem
1672 2917 1895 2965 quietatione
1911 2948 1922 2964 ‚
1951 2935 2021 2971 qua
2047 2929 2190 2973 quieta·

1238 2967 1351 3002 turin
1368 2965 1511 3001 essentia
1527 2991 1541 3009 ‚
1569 2978 1608 3002 ut
1626 2967 1673 3004 est
1688 2970 1723 3003 in
1738 2968 1770 3005 se
1786 2998 1794 3006 .
1812 2973 1924 3020 Qod
1941 2977 2032 3010 enim
2051 2980 2190 3024 quieta·

1238 3027 1298 3052 tur
1313 3016 1431 3065 primo
1457 3017 1493 3052 in
1514 3019 1639 3064 aliquo
1662 3017 1832 3065 objectu,
1856 3025 2041 3069 quietatur
2072 3028 2105 3062 in
2129 3039 2189 3063 co-

1236 3067 1346 3109 dem,
1374 3069 1408 3102 in
1425 3078 1647 3115 quocunque
1669 3069 1742 3111 est,
1772 3070 1965 3109 secundum
1995 3077 2092 3111 illum
2113 3089 2187 3112 mo-

1236 3118 1352 3157 dum3
1381 3119 1428 3153 ita
1446 3117 1480 3152 8(
1500 3119 1556 3153 hic
1575 3145 1586 3160 ‚
1615 3119 1651 3155 Si
1679 3121 1810 3156 Beatus
1838 3123 1936 3168 prius
1962 3125 2100 3162 fruatur
2135 3127 2189 3163 cs-

1237 3169 1347 3205 sentia
1363 3195 1375 3211 ,
1403 3166 1520 3215 postea
1539 3168 1687 3217 persona
1704 3196 1712 3212 ,
1736 3182 1806 3207 non
1821 3174 2006 3218 quietatur
2020 3177 2189 3215 ulteriore

1238 3219 1461 3267 quietatione
1476 3245 1487 3260 ,
1514 3230 1555 3253 ac
1573 3219 1672 3267 prius
1688 3223 1922 3267 quietabitur
1937 3252 1946 3267 ,
1976 3225 2030 3261 sed
2060 3228 2184 3265 eadem

1235 3270 1385 3306 omnino
1409 3270 1633 3315 quietatione
1653 3297 1663 3312 ‚
1695 3272 1728 3306 in
1757 3280 1932 3318 quantum
1964 3275 2184 3322 objeftum„

1237 3322 1404 3368 quietans
1419 3345 1432 3361 ,
1455 3322 1623 3355 terminat
1639 3331 1676 3357 ut
1690 3321 1725 3357 in
1741 3324 1864 3369 aliquo
1878 3351 1889 3366 ‚
1912 3328 1942 3364 8(
1970 3328 2069 3374 prius
2084 3340 2182 3365 non...

1240 3370 1456 3408 terminabat
1473 3381 1510 3405 ut
1527 3371 1560 3405 in
1577 3370 1638 3406 illo
1650 3397 1660 3407 .

1337 3420 1460 3466 Atque
1473 3432 1518 3456 ex
1533 3420 1586 3456 his
1604 3421 1646 3456 ad
1677 3421 1825 3469 sequens
1847 3437 2099 3471 argumentum
2129 3428 2183 3464 di-

1234 3484 1279 3510 co
1296 3499 1307 3514 ‚
1333 3470 1430 3506 haud
1447 3470 1579 3507 foreibi
1596 3471 1688 3508 duos
1712 3473 1835 3514 aetum
1857 3477 1941 3522 quia
1967 3478 2179 3524 quicunque

1234 3523 1289 3558 a&
1300 3534 1341 3558 us
1358 3521 1406 3557 est
1423 3522 1471 3557 ibi
1487 3522 1656 3558 fruitivus
1673 3549 1684 3565 ‚
1712 3524 1765 3558 vel
1791 3525 1923 3561 visivus
1938 3552 1947 3568 ,
1975 3526 2022 3562 est
2044 3528 2180 3574 objefti

1234 3571 1419 3621 primisub
1436 3584 1503 3607 una
1536 3574 1673 3608 ratione
1703 3573 1842 3610 formali
1865 3588 1875 3607 ·.
1903 3577 1971 3612 Sed
2002 3577 2064 3613 iste
2081 3579 2180 3615 atqus

1236 3634 1330 3658 unus
1352 3621 1420 3657 esse
1455 3621 1568 3669 potest
1597 3622 1732 3669 objefti
1762 3636 1822 3670 per
1844 3625 1898 3665 sc,
1922 3628 2052 3664 virtute
2078 3631 2181 3671 primi

1230 3671 1365 3717 objecti
1385 3698 1395 3714 ,
1412 3674 1468 3708 vel
1487 3673 1680 3719 potestesse
1694 3685 1831 3709 tautum
1847 3675 2098 3723 ipfiusobjcffi
2114 3681 2185 3726 pri-

1236 3726 1281 3759 mi
1302 3737 1312 3763 3
1343 3734 1406 3758 nec
1424 3724 1573 3769 proinde
1599 3725 1786 3760 eruntduo
1809 3726 1909 3761 aetus
1936 3727 2092 3773 ejusdem
2108 3731 2182 3779 spe-

1233 3774 1299 3811 ciei
1315 3774 1412 3808 simul
1431 3800 1439 3814 ,
1469 3785 1534 3809 nec
1552 3773 1738 3810 successive
1755 3799 1764 3808 .

1335 3823 1394 3859 Ad
1411 3824 1578 3859 ultimum
1593 3824 1783 3862 dicendum
1799 3823 2031 3876 conse-qemi
2046 3844 2089 3862 :m
2112 3845 2181 3869 non

1479 3877 1509 3911 L
1540 3875 1549 3910 i
1578 3876 1586 3910 Ι
2040 3881 2133 3918 reste
