2628 4026
142 748 319 787 oportere.)

142 786 330 824 Theologicas

140 829 261 854 virtutes
304 822 339 852 ab

139 863 299 892 moralibus

141 900 193 931 effe
241 899 337 931 distin-

143 940 225 970 ἃὸδι

140 1391 170 1420 3.
191 1380 222 1411 d.
246 1379 338 1417 ιρὰ

137 1423 188 1451 26·

136 2008 193 2039 vbi
214 2008 293 2046 supra
311 2012 338 2042 §·

138 2048 336 2079 Adur-tium

135 2084 292 2127 principale
305 2103 317 2114 -

381 140 644 177 telleaualium
668 141 847 178 virtutum
871 142 921 178 ita
943 142 1084 179 ordinat
1125 144 1327 184 hominem

377 190 561 237 Sapientia
576 190 670 226 enim
683 191 732 227 est
744 192 840 228 circa
854 203 909 229 res
924 192 1155 235 altiffimas,&
1169 194 1329 235 divinata

380 251 468 285 ergo
480 239 588 281 fides,
616 253 697 289 quae
721 242 858 281 dicitur
889 244 1008 279 virtus
1021 242 1327 291 perficiensinte'l-

376 291 510 329 Jeaum
526 317 535 331 ‚
558 292 877 341 nondistinguitur
891 293 938 328 ab
960 294 1083 341 aliqua
1113 295 1249 331 virtute
1273 296 1328 332 in·

377 341 576 377 telleffmali
589 364 599 376 .
759 346 762 347 ’
1027 343 1030 348 ’

479 391 616 426 Contra
635 418 645 433 ‚
673 393 725 428 Ex
736 392 846 429 distis
858 400 928 428 are.
944 392 1094 437 praeced.
1125 394 1239 429 totius
1262 405 1329 429 na·

379 450 471 477 turae
489 443 580 477 vites
594 441 674 477 satis
689 453 760 478 non
776 442 855 478 sunt
868 443 1077 480 inducendis
1093 444 1328 491 'I'heologicis

378 492 579 531 virtutib-is
594 520 601 532 ,
629 490 686 528 sed
705 491 816 539 solum
837 494 953 528 Deum
971 493 1171 538 agnoscunt
1197 494 1329 530 autho.

380 554 454 578 rem
474 553 485 581 3
511 553 598 587 ergo
624 542 816 579 necessario
839 541 906 578 sint
926 555 1069 590 oportet
1091 545 1240 579 alterius
1268 556 1325 579 ra-

379 592 524 627 tionisa
554 593 752 629 virtutibus
771 593 989 635 moralibus,
1013 594 1045 629 8<
1075 593 1327 629 intellectuali-

381 644 450 678 bus
469 669 477 681 ,
507 654 597 688 quas
610 655 746 682 naturae
762 643 930 679 industria
945 670 956 685 ,
987 640 1264 688 assuefafflone,
1289 643 1324 689 8<

381 692 501 728 studio
515 695 620 728 nobis
633 705 881 740 comparamus
900 719 910 729 .
1090 693 1094 695 Δ
1262 690 1264 692 ’

483 745 697 787 Respondeo
721 743 913 778 dicendum
941 769 954 784 ,
991 740 1146 778 virtutes
1169 742 1330 779 Theolo-

382 795 480 839 gicas
496 794 594 829 fidei
609 822 619 836 ,
643 793 752 840 Spei,
773 795 805 830 8<
821 792 1022 828 Charitatis
1034 795 1184 828 omnino
1199 793 1327 829 distin-

381 844 456 880 &as
470 841 536 879 effe
547 855 716 889 oportere
733 845 777 878 ab
793 843 992 885 virtutibus
1022 845 1219 885 moralibus
1233 869 1244 885 ‚
1271 855 1326 879 at-

381 906 454 942 que
471 894 775 929 intelleftualibus
792 919 801 928 .
821 894 1111 931 Declarationem
1129 893 1242 940 hujus
1270 893 1325 929 so·

381 944 528 980 lurionis
544 945 658 991 aliqui
675 944 856 990 accipiunt
869 956 914 981 ex
927 956 969 979 eo
992 945 1079 991 quia
1104 943 1324 991 objeRum

383 994 688 1042 Theologicarum
716 995 891 1035 virtutum
920 994 968 1030 est
1003 993 1075 1043 ipse
1109 998 1208 1032 Deus
1226 1023 1236 1036 ,
1257 996 1324 1042 qui

380 1042 428 1079 est
446 1045 596 1080 ultimus
621 1056 738 1080 rerum
762 1043 869 1090 finis,
892 1056 998 1092 prout
1024 1044 1148 1090 nostrae
1175 1047 1325 1081 rationis

382 1097 624 1138 cognitionem
641 1094 781 1131 excedit
795 1106 803 1129 :
817 1105 1024 1140 caeterarum
1040 1107 1128 1131 vero
1140 1098 1322 1133 virtutum

382 1144 568 1191 objthum
583 1145 631 1184 est
644 1145 779 1191 aliquid
791 1145 892 1191 quo-d
904 1144 1060 1181 humana
1076 1148 1213 1183 ratione
1225 1158 1327 1182 com-

380 1195 558 1244 prehendi
575 1194 693 1243 potest
716 1208 725 1230 :
753 1207 864 1243 quare
888 1207 935 1231 ex
961 1196 1099 1245 formali
1125 1196 1322 1233 d=fferemia

382 1246 611 1293 objestorut'n
640 1247 860 1286 concludunt
893 1246 1021 1282 horum
1050 1246 1243 1283 habituum
1268 1247 1324 1282 di-

380 1296 582 1334 verlitatem
602 1322 611 1331 .
631 1297 815 1333 Noshanc
844 1297 1017 1332 rationem
1045 1309 1116 1343 non
1145 1299 1324 1346 approba-

381 1358 462 1392 mus
480 1347 690 1394 :Siquidem
717 1348 811 1381 circa
830 1346 924 1381 idem
947 1345 1131 1393 obje&um
1162 1348 1324 1390 formale,

378 1398 480 1451 quod
499 1396 548 1433 est
575 1395 702 1441 Deus,
729 1406 768 1431 ut
798 1399 921 1441 regula
946 1398 1057 1442 prima
1084 1392 1328 1434 humanorum

382 1447 527 1484 aeiuum
554 1474 566 1490 ‚
598 1446 741 1494 possunt
770 1443 893 1482 haberi
922 1446 1009 1482 fides
1044 1447 1212 1495 acquifira
1239 1475 1250 1490 ‚
1287 1447 1322 1482 8<

382 1495 651 1545 spesacquista
671 1525 681 1540 ,
707 1497 741 1538 8ς
761 1497 919 1542 amicitia
946 1500 1119 1533 naturalis
1147 1524 1155 1532 .
1183 1498 1325 1534 Unde„-

377 1545 592 1586 ¹dicebamus
610 1574 620 1589 ,
642 1548 685 1583 ad
711 1545 859 1581 firmiter
880 1546 1097 1581 credendum
1123 1574 1133 1589 ‚
1160 1550 1192 1583 8<
1220 1547 1324 1583 indu-

381 1600 443 1646 bie
455 1594 710 1636 assentiendum
725 1596 893 1632 omnibus
912 1598 1077 1632 revelatis
1095 1609 1164 1632 non
1181 1597 1247 1634 effe
1265 1610 1326 1633 ne-

380 1647 559 1686 cessariam
578 1647 681 1684 fidem
699 1646 849 1696 infusam
867 1673 877 1689 ‚
903 1647 933 1683 8<
952 1647 997 1683 ita
1015 1646 1057 1683 de
1086 1648 1230 1695 reliquis
1261 1649 1325 1682 ha·

380 1699 519 1747 bitibus
532 1727 542 1742 ‚
563 1700 626 1746 qui
643 1711 660 1731 a
674 1697 904 1741 Deoinfundi
933 1699 1123 1744 dicuntur.
1140 1698 1235 1745 Ergo
1259 1697 1321 1735 etsi

379 1759 503 1787 verum
519 1751 557 1787 stt
572 1749 616 1798 de
630 1749 770 1785 formali
785 1746 983 1784 differentia
995 1744 1221 1794 objefhnum
1238 1778 1247 1792 ‚
1263 1751 1322 1786 seu

380 1799 572 1847 habituum
585 1796 822 1835 diversitatem
837 1825 849 1840 ‚
869 1800 904 1832 in
917 1799 999 1833 casu
1026 1809 1146 1834 tamen
1174 1803 1322 1836 conclu·

377 1848 496 1898 denda
524 1847 668 1885 videtur
694 1850 815 1896 potius
840 1847 1007 1883 identitas
1035 1848 1195 1897 specifica
1225 1851 1323 1887 habi-

380 1911 486 1937 tuum
508 1896 704 1937 infusorum
733 1911 815 1935 curn
840 1899 1047 1949 acquisitis,
1075 1901 1222 1945 quando
1245 1914 1321 1937 om-

380 1952 479 2000 nium
495 1951 535 1987 fit
550 1952 586 1986 in
599 1950 664 1992 suo
675 1949 800 1987 ordine
816 1949 908 1992 ilem
921 1949 1106 1996 objestum
1120 1951 1269 1991 formale
1283 1977 1292 1987 .

480 2006 719 2051 Quapropter
732 2027 741 2041 ‚
768 2001 827 2038 etli
845 2002 987 2046 probari
1001 2013 1155 2048 nequeat
1171 2028 1184 2045 ‚
1210 2004 1319 2037 ratio-

380 2053 587 2098 nenaturali
608 2052 714 2099 iueffe
744 2053 846 2087 nobis
869 2053 1021 2087 virtutes
1048 2052 1182 2088 infusas
1218 2078 1228 2088 .
1264 2054 1316 2089 Eo

377 2106 478 2155 quod
502 2101 630 2142 αξξυς,
657 2114 750 2150 quos
780 2104 814 2136 in
846 2102 950 2144 nobis
976 2103 1184 2147 experimur
1214 2102 1315 2144 effe-2

378 2165 518 2205 queunt
533 2150 691 2199 ejusdem
711 2153 861 2188 rationis
878 2178 888 2193 ,
914 2153 946 2188 ἃ
968 2152 1057 2187 sorte
1074 2165 1175 2200 aeque
1204 2153 1318 2200 perfe-

380 2208 429 2244 Εὶῐ
444 2233 455 2249 ,
483 2203 557 2249 esto
574 2203 701 2251 abesset
716 2204 831 2239 omnis
843 2202 959 2238 virtus
979 2202 1116 2238 infusa:
1132 2203 1320 2239 statuendo

376 2267 496 2294 tamen
517 2253 616 2298 iuxta
631 2254 887 2289 authoritatem
905 2279 915 2294 ‚
930 2254 1079 2288 virtutes
1093 2253 1225 2289 infusas
1237 2253 1318 2296 effe,

378 2319 460 2356 quae
478 2305 708 2351 Theologicae
724 2304 816 2339 reete
828 2302 998 2339 dicuntur
1012 2329 1022 2343 ‚
1049 2315 1228 2352 quatenus
1254 2305 1319 2339 ho-

379 2361 510 2396 mintm
529 2354 717 2398 perficiunt
733 2355 765 2388 in
785 2353 910 2388 ordine
943 2353 986 2387 ad
1012 2355 1148 2389 bouum
1181 2366 1319 2389 tumea-

379 2416 456 2445 tum
475 2431 486 2448 ‚
511 2404 661 2440 subinde
676 2403 964 2439 concludendum
977 2403 1025 2439 est
1039 2430 1051 2446 ,
1075 2415 1136 2439 eas
1165 2406 1320 2442 virtutes

380 2459 493 2505 specie
511 2454 651 2491 differre
667 2457 711 2490 ab
722 2453 963 2490 omnihabitu
978 2453 1154 2501 acquisito
1174 2481 1183 2490 .
1210 2455 1319 2498 Tunc

381 2509 476 2546 enim
497 2505 715 2549 sentiendum
736 2503 806 2548 est,
834 2505 1010 2551 virtutum
1036 2506 1321 2551 acquisitarum—1

384 2559 486 2595 aetus
505 2568 573 2592 non
594 2555 660 2592 effe
678 2556 724 2590 ita
737 2554 913 2600 perfeuos
926 2554 997 2590 stne
1030 2557 1174 2592 influxu
1196 2555 1323 2596 Theo-

387 2610 610 2657 logicarum,
635 2617 769 2641 aecum
801 2605 864 2640 illo
896 2630 905 2640 .
927 2604 1001 2655 Etsi
1029 2609 1120 2654 enim
1148 2609 1230 2653 quis
1256 2606 1324 2642 fide

384 2658 556 2705 acquisita
584 2656 727 2691 credere
753 2655 854 2702 pflffit
897 2657 976 2691 Deo
1019 2659 1219 2700 revelanti,
1245 2669 1324 2703 quae

386 2708 558 2747 credenda
584 2704 688 2748 sunt,
715 2717 754 2741 ac
780 2704 915 2753 sperare
941 2733 952 2749 ,
974 2706 1006 2743 se
1033 2707 1204 2755 consequi
1231 2706 1324 2755 posse

385 2768 615 2809 quaecunque
641 2769 659 2791 a
683 2756 762 2799 Deo
787 2756 1052 2805 promittuntur
1074 2785 1085 2801 ,
1107 2769 1324 2807 propterea...

383 2810 484 2858 quod
496 2818 615 2844 tamen
627 2817 707 2841 nata
720 2804 768 2841 est
786 2807 852 2842 effe
869 2808 987 2853 aliqua
1003 2809 1121 2845 virtus
1139 2809 1326 2858 perficiens

385 2861 586 2908 portionem
601 2856 816 2904 superiorem
830 2858 954 2893 animae
969 2884 978 2899 ‚
1012 2858 1072 2895 seu
1085 2862 1117 2895 in
1142 2859 1322 2896 credendo

385 2911 448 2947 seu
464 2911 497 2944 iu
517 2907 712 2956 sperando,
741 2905 775 2950 Sc
791 2906 1021 2955 desiderando
1045 2911 1180 2945 bonum
1207 2909 1326 2946 infini-

386 2972 465 2996 tum
479 2959 540 2995 fibi
554 2985 566 3001 ‚
589 2959 621 2993 s<
634 2957 787 3005 denique
800 2958 834 2990 in
851 2956 1032 3003 diligendo
1044 2960 1130 2995 illud
1146 2961 1180 2996 in
1193 2960 1238 3003 se,
1252 2961 1328 2996 evi·

385 3011 473 3047 dens
497 3008 546 3045 est
576 3009 663 3043 citra
691 3019 811 3042 earum
837 3007 1012 3043 influxum
1050 3010 1229 3046 virtutum
1267 3019 1329 3046 eos

386 3061 488 3097 aetus
506 3071 576 3095 non
589 3056 655 3094 effe
670 3057 934 3104 perfeetiffimos
948 3084 958 3099 ‚
989 3060 1062 3093 imo
1080 3073 1097 3094 a
1113 3070 1194 3094 toto
1224 3072 1327 3107 gene,

385 3123 424 3148 re
442 3110 592 3146 deficere
605 3110 648 3144 ab
663 3108 880 3155 perfefftione
893 3132 905 3150 ‚
927 3119 998 3153 qua
1013 3111 1084 3144 nati
1099 3109 1206 3145 effent
1220 3123 1324 3145 orna·

386 3163 443 3204 ri,
469 3161 490 3196 st
509 3161 543 3196 in
559 3158 652 3208 ipsos
669 3159 823 3194 virtutes
839 3160 902 3194 illae
919 3158 1040 3194 infusae
1059 3157 1121 3194 suo
1139 3161 1245 3195 modo
1274 3162 1326 3195 in-

385 3213 537 3247 fluerent
566 3237 576 3256 e
600 3208 922 3258 Quemadmodum
948 3221 1034 3256 ergo
1057 3208 1169 3255 specie
1200 3210 1322 3245 distin-

385 3271 549 3307 guuntur
565 3261 663 3301 astus
678 3259 853 3295 virtutum
865 3260 1116 3306 acquisitarum
1130 3262 1175 3295 ab
1188 3260 1325 3296 afiibus

382 3311 690 3356 'Theologicarum
719 3337 729 3352 ,
749 3312 798 3344 ita
821 3309 856 3345 ἀ
880 3310 970 3356 ipsas
995 3312 1150 3348 virtutes
1170 3312 1260 3346 inter
1287 3311 1322 3347 se

385 3361 503 3411 specie
518 3360 783 3407 distinguantur
799 3371 942 3407 oportet
960 3387 968 3396 .

486 3414 612 3458 Atque
641 3423 684 3446 ex
701 3410 756 3445 his
775 3423 871 3459 pavet
889 3411 1067 3458 responsio
1081 3412 1138 3449 Ad
1152 3414 1321 3461 primum.

486 3462 547 3497 Ad
571 3460 766 3497 secundum
793 3461 946 3498 dicimus
974 3463 1190 3507 Sapientiam
1209 3490 1220 3506 ,
1241 3475 1321 3508 qua:

386 3511 434 3551 est
448 3513 595 3555 habitus
609 3509 859 3547 intelleftualis
875 3511 1044 3558 perficere
1060 3512 1237 3549 hominem
1253 3515 1322 3548 cir-

383 3575 425 3601 ca
437 3561 558 3600 causas
571 3561 762 3598 altissimis
778 3588 787 3602 ‚
817 3564 850 3599 8(
871 3563 1001 3598 versari
1015 3562 1108 3598 circa
1126 3564 1262 3601 divina.
1277 3563 1320 3598 ad

381 3625 465 3662 quae
478 3615 676 3662 pertingere
691 3611 802 3660 potest
819 3612 1009 3659 vestigatio
1026 3617 1196 3651 naturalis
1218 3642 1226 3650 .
1252 3614 1323 3652 Sed

383 3665 492 3701 aliam
506 3664 573 3700 esse
590 3663 764 3699 rationem
778 3664 954 3700 virtutum
966 3664 1322 3712 Theologicarum,

380 3725 422 3753 nt
435 3727 481 3753 ex
497 3715 600 3752 dietis
617 3715 676 3751 hic
691 3740 703 3756 ‚
729 3713 762 3750 8<
782 3715 940 3752 articulo
951 3715 1166 3763 praecedenti
1183 3743 1196 3760 ‚
1213 3727 1324 3765 patet.

1063 74 1245 123 Summe
1269 73 1449 124 Ioannis
1487 78 1619 124 Dum
1645 74 1763 127 Scoti

1560 194 2065 235 ARTICVLVS
2116 197 2183 234 ΙΙΙ.

1400 293 1535 332 Vtrum
1560 298 1814 335 convenienter
1828 298 1930 334 fides
1947 325 1954 337 .
1973 299 2062 342 Spes
2077 324 2088 339 ,
2115 297 2151 333 8(
2177 295 2346 334 Charitas

1563 359 1744 395 ponantur
1760 350 1911 386 virtutes
1923 348 2158 394 Theologicae
2173 373 2184 383 .

1449 441 1580 491 Doffor
1595 460 1627 496 3.
1639 447 1677 483 d.
1693 448 1754 485 26.
1771 458 1804 493 q.
1826 448 1933 483 unica
1949 472 1959 482 .
1975 450 2018 485 S.
2042 448 2190 485 Thomas
2209 459 2238 485 r.
2257 455 2294 482 2·

1747 508 1783 545 q.
1800 496 1859 534 62.
1880 507 1950 533 art.
1965 509 1996 545 3.

1521 593 1787 632 'defltssfFideS
1804 622 1814 636 ⁵
1839 597 1952 644 Spes,
1981 598 2013 633 8<
2034 596 2204 633 Charitas
2224 594 2343 632 minus

1532 649 1791 683 convenienter
1807 648 1959 693 exprimi
1983 649 2192 684 nominibus
2223 649 2342 682 virtu·

1402 702 1480 726 tum
1494 695 1809 743 Theologicarum
1824 721 1835 732 .
1869 698 2008 733 Etenim
2026 709 2046 732 e
2060 709 2209 732 numero
2226 698 2342 732 virtu·

1405 753 1481 778 tum
1494 759 1565 782 non
1585 749 1693 784 modo
1711 747 2016 792 Theologicarum
2034 773 2043 787 ‚
2073 747 2130 783 sed
2146 748 2251 783 etiam
2267 758 2344 782 mo·

1403 797 1530 833 talium
1542 800 1783 835 excluduntur
1798 797 1971 842 passiones
1988 809 2110 833 omnes
2127 824 2135 833 .
2165 801 2253 844 Spes
2278 810 2343 832 au·

1402 856 1472 883 tem
1495 850 1658 894 quedam
1687 848 1792 892 passio
1818 847 1889 888 cst,
1917 860 1960 884 ex
1977 858 2008 883 2.
2028 846 2148 884 Echic.
2175 858 2261 891 ergo
2287 850 2342 882 in·

1401 907 1455 982 :ier
1493 900 1648 937 virtutes
1682 898 1928 942 Theologicas
1955 910 2027 935 non
2054 897 2102 932 est
2126 907 2342 944 computan-

1428 961 1446 983 a
1460 975 1470 986 .

1502 1002 1674 1039 Pri-,terea
1706 1024 1716 1038 ‚
1754 999 1840 1034 Duo
1895 997 2134 1046 perfefflbina
2177 997 2341 1042 respeau

1403 1050 1562 1097 ejusdem
1578 1051 1713 1098 οὸὶςξὶί
1729 1061 1879 1085 numero
1891 1075 1900 1090 ‚
1914 1048 2129 1086 sufficienter
2146 1047 2342 1097 perficiun-

1402 1111 1462 1138 tur
1488 1102 1629 1139 duabus
1645 1099 1943 1147 perfefflonibus:
1971 1100 2042 1136 Sed
2057 1100 2092 1134 in
2120 1097 2237 1135 anima
2267 1109 2340 1134 non

1403 1151 1482 1189 sunt
1513 1153 1573 1189 nifi
1598 1154 1678 1190 duae
1709 1152 1880 1199 potentiae
1905 1149 2146 1197 perfeffibiles
2172 1146 2337 1195 respeftu

1402 1202 1537 1250 objeffi
1563 1205 1710 1241 increati
1729 1229 1739 1244 ‚
1778 1202 1979 1239 intelleSius
2007 1200 2142 1236 scilicet
2155 1226 2167 1242 ‚
2202 1198 2237 1233 8<
2273 1210 2339 1232 vo-

1403 1255 1522 1291 luntas
1538 1279 1547 1289 .
1572 1255 1672 1291 Sicut
1689 1254 1799 1298 igitur
1811 1253 2010 1289 intellelstus
2034 1250 2246 1286 sufficienter
2258 1260 2340 1293 per-1

1401 1304 1522 1341 ficitur
1536 1317 1611 1341 uno
1634 1305 1763 1340 habitu
1782 1330 1793 1345 ,
1815 1303 1879 1349 qui
1898 1303 1946 1337 est
1972 1302 2058 1337 fides
2075 1299 2153 1346 ejus
2178 1296 2312 1342 objeffl
2328 1325 2340 1340 ,

1404 1356 1453 1391 iza
1469 1356 1500 1392 8<
1515 1356 1697 1391 voluntati
1713 1356 1746 1389 in
1761 1354 1888 1390 ordine
1904 1353 1944 1388 ad
1961 1353 2051 1388 idem
2066 1377 2079 1393 ,
2099 1359 2191 1396 opus
2205 1360 2274 1383 non
2288 1347 2340 1384 est

1403 1407 1466 1442 nifi
1485 1419 1556 1443 uno
1572 1405 1698 1440 habitu
1712 1432 1722 1446 ,
1753 1406 1813 1451 qui
1827 1402 1875 1438 est
1892 1403 2049 1438 charitas
2063 1411 2103 1434 ac
2118 1399 2266 1448 proinde
2279 1398 2338 1433 su·

1402 1458 1536 1504 perflue
1551 1454 1762 1490 astruuntur
1779 1464 1852 1489 tres
1865 1453 2097 1496 'Theologicae
2112 1451 2265 1486 virtutes
2283 1475 2292 1486 .

1503 1505 1615 1555 Qod
1632 1506 1653 1540 fi
1671 1505 1807 1539 dicatur
1825 1532 1834 1546 ‚
1868 1503 2033 1540 imaginis
2057 1512 2176 1543 partes
2188 1497 2255 1533 effe
2271 1509 2344 1534 tres

1404 1570 1447 1593 ex
1462 1569 1537 1604 quo
1564 1555 1652 1591 fitur
1676 1565 1747 1589 tres
1767 1556 1896 1597 pariter
1912 1552 1975 1585 lint
1995 1549 2176 1586 necessarii
2197 1547 2344 1584 habitus

1403 1606 1596 1644 earundem
1625 1606 1778 1651 partium
1807 1601 1995 1650 perfeffivi
2011 1627 2020 1636 .
2055 1602 2193 1634 Contra
2209 1623 2220 1638 ,
2250 1598 2344 1634 Duae

1404 1657 1571 1703 imaginis
1588 1667 1708 1695 partes
1729 1655 1771 1689 ad
1790 1651 2007 1689 intellefi'tum
2035 1652 2211 1693 pertinent
2231 1675 2240 1689 ‚
2270 1659 2344 1684 una

1403 1721 1490 1745 vero
1504 1707 1547 1742 ad
1562 1708 1782 1742 voluntatem
1801 1718 1812 1744 3
1836 1702 1948 1748 igitur
1977 1701 1998 1735 fi
2020 1711 2085 1748 pro
2101 1710 2249 1734 numero
2279 1709 2344 1745 pat

1403 1761 1493 1796 tium
1508 1757 1673 1804 imaginis
1686 1783 1697 1798 ‚
1719 1756 1865 1790 habitus
1878 1751 2009 1788 eisdem
2023 1748 2342 1794 correspondentes

1403 1808 1687 1848 multiplicentur
1701 1834 1712 1849 ,
1740 1815 1825 1840 tnnc
1841 1804 1918 1838 due
1933 1800 2167 1845 Theologicae
2187 1800 2342 1832 virtutes

1404 1850 1540 1906 partem
1555 1858 1733 1892 afficerent
1747 1852 2000 1891 intellefftivam
2018 1877 2027 1892 ,
2054 1862 2123 1884 una
2149 1860 2239 1886 vero
2251 1848 2344 1885 volis

1402 1912 1513 1946 rivam
1527 1907 1736 1945 perficeret.
1767 1905 1805 1939 ‘d
1823 1914 1909 1938 vero
1936 1901 2173 1936 decommum
2202 1898 2344 1933 senten..

1401 1962 1449 1996 tia
1463 1958 1586 1995 salsum
1615 1965 1804 1997 reputatur
1830 1980 1842 1996 ,
1875 1951 1960 1998 quia
1985 1951 2062 1997 spes
2087 1962 2158 1985 non
2197 1951 2346 1995 ponitur

1404 2013 1521 2046 virtus
1535 2007 1811 2044 inteneetuaus.

1503 2057 1852 2100 Praererea‚Habitus
1867 2052 2079 2097 Theologiae
2091 2051 2206 2087 virtus
2222 2047 2347 2086 Theo.

1401 2111 1519 2149 loeica
1534 2106 1752 2143 videtur-Est
1767 2109 1857 2140 circa
1879 2105 2011 2138 bonum
2024 2103 2117 2136 enim
2135 2102 2347 2142 increatum,

1403 2148 1539 2196 habens
1550 2170 1618 2205 pro
1630 2157 1749 2201 regula
1764 2158 1893 2198 pit-nam
1910 2154 2068 2195 regulam
2082 2150 2198 2186 aetum
2214 2151 2345 2185 huma-

1399 2221 1527 2246 norum
1544 2234 1554 2245 .
1581 2213 1668 2247 'txon
1681 2205 1728 2244 est
1748 2218 1863 2241 autem
1878 2204 1958 2239 fidei
1973 2202 2118 2237 habitus
2138 2227 2147 2241 ‚
2175 2201 2234 2236 etli
2263 2199 2346 2239 fidei

1404 2263 1579 2295 innitatur
1594 2286 1603 2300 ‚
1629 2270 1694 2294 nec
1710 2258 1826 2303 aliqua
1844 2268 1888 2290 ex
1903 2254 2047 2299 reliquis
2063 2252 2202 2287 duabus
2221 2264 2231 2291 ;
2255 2263 2343 2290 erao

1401 2313 1640 2357 pluresquam
1655 2318 1725 2344 tres
1740 2306 1818 2342 sunt
1839 2305 2050 2341 theologie-2
2068 2303 2221 2338 virtutes
2239 2326 2248 2335 .
2267 2304 2343 2338 Nee

1402 2373 1473 2408 que
1489 2370 1614 2395 contra
1628 2358 1697 2394 hoc
1724 2356 1809 2392 facit
1823 2383 1832 2394 ,
1863 2354 1960 2403 quod
1978 2352 2181 2396 Theologia
2211 2353 2339 2398 acquiq

1403 2406 1634 2446 ra‘ur'studio
1649 2435 1659 2450 ‚
1686 2410 1716 2443 8<
1737 2419 1807 2441 non
1823 2404 2059 2441 infundatura
2079 2406 2156 2442 Deo
2173 2427 2182 2436 .
2211 2405 2344 2444 Nam-⁹,

1405 2460 1486 2496 satis
1499 2460 1545 2496 est
1560 2457 1654 2506 posse
1669 2457 1810 2495 infundi
1827 2482 1839 2498 ‚
1866 2466 1905 2492 ut
1921 2454 2051 2490 fafium
2064 2453 2131 2490 effe
2144 2452 2342 2499 aliquando

1406 2510 1487 2547 satis
1505 2511 1640 2547 constat
1656 2531 1668 2547 fl

1504 2562 1642 2596 Contra
1658 2589 1666 2602 ‚
1701 2573 1733 2597 t.
1750 2559 1791 2595 ad
1807 2558 1974 2595 Corinth-
1997 2568 2048 2598 ιε.
2064 2557 2181 2592 Nunc
2195 2562 2342 2591 autem..-

1405 2619 1543 2648 manent
1559 2610 1682 2647 Fides.
1700 2612 1786 2656 Spes
1805 2637 1813 2650 ‚
1834 2607 2008 2644 Charitas
2025 2632 2035 2648 ‚
2051 2610 2124 2643 tria
2141 2606 2211 2641 haec
2222 2631 2231 2640 .

1505 2660 1722 2706 Reipondeo
1758 2659 1947 2695 dicendum
1989 2657 2108 2692 fidem
2129 2682 2139 2698 ‚
2175 2658 2314 2703 Spem
2327 2679 2337 2694 ‚

1390 2712 1633 2747 “charitatem
1669 2707 1993 2746 convenientiffime
2020 2706 2151 2742 adstrui
2185 2707 2340 2740 virtutes

1404 2761 1648 2808 Theologicas
1665 2786 1674 2795 .
1709 2761 1914 2798 Declaratio
1929 2761 2122 2795 Humanas
2137 2752 2339 2792 intellefius

1403 2822 1468 2860 pro
1499 2810 1588 2846 statu
1623 2810 1690 2846 isto
1713 2823 1818 2846 natus
1848 2810 1895 2846 est
1919 2809 2055 2844 moveri
2082 2808 2127 2841 ab
2154 2802 2340 2840 intellestu

1403 2871 1531 2906 agente
1545 2888 1556 2904 ‚
1587 2862 1620 2896 8(
1637 2860 1946 2909 phantasmatibus
1958 2857 2111 2905 acceptis
2126 2867 2187 2902 per
2203 2853 2338 2896 sensus,

1406 2911 1449 2946 ad
1461 2924 1499 2947 ea
1516 2922 1654 2947 tantum
1671 2911 1819 2959 proinde
1834 2907 2079 2955 cognoscenda
2103 2907 2337 2953 pertingere,

1403 2960 1516 3010 potest
1531 2989 1541 3003 ,
1568 2963 1602 2997 in
1615 2974 1773 3010 quorum
1786 2960 2026 3008 cognitionem
2039 2956 2169 2992 ducere
2191 2955 2336 3004 possunt

1404 3010 1515 3047 causae
1529 3010 1600 3047 istae
1620 3026 1630 3053 ς
1652 3025 1764 3060 quar-e
1778 3012 1798 3047 st
1816 3008 1971 3046 hominis
1988 3007 2134 3043 felicitas
2167 3007 2226 3042 sva
2252 3004 2337 3042 esset

1403 3064 1439 3097 in
1455 3061 1695 3110 speculatione
1723 3061 1875 3110 perfefi’ta
1901 3057 2171 3094 substantiarum
2200 3056 2337 3103 separi-

1401 3124 1518 3148 tarum
1531 3141 1542 3159 ‚
1566 3112 1675 3148 homo
1689 3123 1824 3148 naturae
1836 3111 1972 3145 viribus
1985 3107 2093 3155 poffet
2121 3108 2182 3145 tali
2208 3106 2336 3153 specu·

1404 3164 1534 3199 latione
1562 3164 1693 3208 potiri:
1724 3161 1798 3209 ipse
1823 3161 1916 3196 enim
1940 3157 2132 3194 instruelus
2163 3156 2212 3192 est
2239 3155 2335 3191 suffi-

1403 3215 1539 3249 cienter
1551 3214 1669 3250 affivo
1683 3212 1858 3263 principio
1874 3207 2102 3257 perveniendi
2128 3209 2169 3242 ad
2192 3207 2333 3249 Νῦσα-ι,

1403 3265 1435 3299 8<
1467 3266 1547 3299 item
1569 3264 1714 3300 eandem
1733 3261 1925 3308 recipiendi
1942 3285 1949 3294 .
1967 3258 2034 3295 Sed
2059 3258 2170 3292 homo
2197 3269 2260 3302 pro
2284 3254 2336 3292 sui

1401 3316 1608 3350 excellentia
1623 3313 1665 3350 ad
1682 3311 2004 3359 longeampliorem
2037 3308 2244 3345 felicitatem
2275 3319 2336 3342 or·

1401 3365 1542 3400 dinatus·
1562 3391 1572 3406 ,
1592 3377 1701 3411 quam
1720 3363 1780 3398 etsi
1795 3360 1916 3406 suapte
1943 3370 2068 3395 natura
2091 3361 2207 3394 valcat
2235 3357 2340 3393 cxci.-

1402 3427 1484 3461 perc
1498 3441 1508 3456 ‚
1528 3426 1754 3461 nequaquam
1767 3423 1882 3446 tamen
1898 3411 1961 3446 l'ub
1976 3408 2055 3455 ejus
2070 3410 2235 3444 virtutem
2249 3406 2338 3443 affi-

1405 3477 1485 3499 vam
1505 3466 1599 3500 cadit
1614 3490 1623 3499 .
1639 3467 1716 3500 Nec
1733 3463 1861 3497 mirum
1881 3487 1890 3501 ‚
1911 3461 1951 3494 ad
1967 3458 2137 3505 majorem
2153 3458 2339 3507 peril-diio-

1405 3527 1484 3552 uem
1500 3516 1567 3551 esse
1582 3514 1746 3562 passuram
1771 3511 2004 3556 capacitatem
2022 3512 2054 3545 in
2082 3513 2201 3557 aliqua
2236 3520 2340 3544 natu·

1406 3578 1440 3601 ra
1461 3593 1470 3608 ,
1502 3578 1541 3601 ac
1558 3565 1589 3602 se
1607 3563 1800 3601 extendere
1827 3572 1934 3608 queat
1961 3559 2040 3607 ejus
2063 3562 2179 3597 virtus
2210 3559 2343 3598 afiliva.

1412 3616 1526 3652 Multa
1542 3617 1635 3652 enim
1651 3614 1728 3649 sunt
1744 3614 1951 3649 naturaliter
1976 3613 2158 3659 receptiva
2187 3608 2341 3655 alicujus

1407 3667 1638 3714 perfeftionis
1659 3693 1667 3706 ‚
1694 3663 1985 3708 cuiaffequendae
2001 3675 2070 3700 non
2097 3662 2222 3699 sufficit
2246 3663 2343 3707 prin-

1411 3719 1547 3766 cipium
1568 3717 1724 3754 affivum
1742 3717 2092 3764 .Qproptercum
2106 3714 2340 3750 articulorum

2189 3772 2294 3798 nonis

2392 2442 2508 2486 Prologi
2519 2456 2548 2487 q.
2564 2456 2574 2476 ι
2588 2469 2591 2475 ,

2391 2486 2418 2516 §⁴
2440 2486 2483 2512 Ad
2503 2496 2575 2524 arga
2587 2499 2591 2528 k

2390 2531 2594 2595 Yizfffmssflt

2381 2568 2490 2635 sptelit
2501 2620 2511 2635 ‚
2520 2603 2547 2630 &
2562 2604 2593 2642 §je

2390 2636 2457 2666 Tres
2499 2640 2591 2679 ratius,

2387 2683 2436 2703 ner
2447 2694 2458 2710 ‚
2470 2678 2498 2705 δι
2512 2680 2536 2711 ο.
2548 2680 2591 2706 Διί

2385 2714 2557 2753 §mistionem
2575 2728 2591 2745 ,ι-
