2602 4011
21 1545 138 1585 Prologi
148 1548 184 1587 [q.
197 1554 226 1581 ς.

22 1598 52 1617 ιι.
62 1596 90 1622 7.
102 1590 129 1614 ὅ(
146 1597 190 1623 15-

4 2110 5 2117 1
23 2104 52 2130 3.
65 2093 128 2122 loco
140 2090 188 2119 eit.
199 2091 223 2122 θ.

4 2151 5 2161 ,
20 2136 67 2163 Aa
77 2130 226 2171 question!

22 2181 52 2202 Bo
80 2182 104 2201 d
114 2187 124 2199 ι
147 2170 175 2196 ὅ(
199 2172 226 2200 ⁶·

22 2211 122 2242 „Aliter
134 2206 225 2249 poecss

2 2248 110 2290 *poni-

25 2336 140 2374 Prologt'
153 2346 183 2371 q.
198 2343 225 2370 ς.

0 2393 1 2399 κ
25 2384 55 2411 3.
71 2385 136 2403 item
156 2376 228 2403 late.

25 2415 78 2443 tali
96 2418 123 2447 ll.
133 2412 229 2443 aute»-

23 2461 123 2482 Μυκη
155 2451 232 2489 poni-

30 2499 78 2520 tur
95 2492 136 2518 Ad
149 2489 231 2528 secu-

0 2548 1 2552 «
30 2534 98 2561 dan,
118 2533 155 2558 t?
175 2535 230 2557 ur.

32 2572 105 2601 tinen
117 2587 126 2597 ·

822 156 984 204 Tomus
999 156 1078 204 m.
1095 154 1287 206 Secunda
1301 154 1502 208 Secundae
1524 178 1540 206 .·

258 237 305 261 ex
318 234 394 270 quo
408 225 551 262 inventa
567 218 642 268 eff,
663 223 778 271 potest
794 225 978 262 homoiste
990 237 1037 262 ex
1057 238 1205 262 natura-

261 276 355 312 libus
370 273 440 310 suis
455 287 532 312 eam
546 274 746 311 addiscere:
761 286 848 320 ergo
868 275 989 313 eadem
1017 278 1203 320 ration&³

259 325 429 371 quamvis
443 323 552 362 homo
564 323 713 361 naturali
731 326 865 361 lumine
882 336 1038 372 nequeat
1059 326 1204 362 deveni·

257 376 348 413 rein
376 372 540 411 notitiam
570 373 682 420 hujus
707 376 809 412 Deus
821 376 869 423 est
890 379 1010 414 trinut
1032 376 1079 418 ὁ·
1096 387 1203 421 unus,

258 426 449 474 postquam
463 425 698 464 nihilominus
712 425 761 462 est
779 428 976 464 revelatum
990 427 1096 463 alicui
1113 452 1124 467 ‚
1139 438 1203 461 va.

261 478 312 513 let
327 476 419 511 alius
432 501 442 515 ,
463 475 498 511 8(
513 475 569 513 ille
581 476 690 513 etiam
706 503 715 518 ‚
744 478 802 513 cui
819 479 1016 515 revelatum
1040 476 1089 515 est
1107 503 1116 518 ‚
1139 475 1201 512 fir·

261 527 368 563 miter
382 522 534 562 affentiri
549 552 562 569 ,
586 527 621 563 &
633 526 810 565 adhaerere
824 530 989 566 revelatis
1005 540 1068 577 per
1094 526 1202 564 fidem

263 574 465 622 acquisitam
481 601 490 611 .

365 625 563 670 Praeterea,
591 627 696 666 Fides
710 626 823 664 infusa
837 629 969 665 certior
992 630 1034 667 fit
1057 636 1202 676 oportet

262 674 333 713 fide
344 676 515 720 acquffifa
533 691 544 719 3
570 681 731 727 alioquin
745 678 871 715 frustra
887 678 1096 726 assereretur
1111 703 1121 712 .
1136 679 1203 715 At·

260 726 326 773 qui
354 725 499 762 videtur
518 727 586 765 ess’e
610 731 727 767 minus
749 740 844 765 certa
863 757 873 771 ‚
897 726 1203 778 quemadmodum

259 776 442 812 conclusio
456 777 503 814 est
521 781 640 816 minus
655 790 751 817 certa
761 786 870 826 quam
885 781 1101 827 principium
1116 802 1131 824 ‚
1157 788 1205 813 ex

259 837 338 873 quo
364 826 459 865 suam
483 831 735 867 certitudinem
758 839 948 866 mutuatur
969 857 979 864 .
1011 829 1082 867 Sed
1104 826 1205 866 huic.

261 876 363 912 Deus
375 877 422 913 est
438 880 555 917 trinus
572 882 604 917 8(
635 892 729 917 unus
751 879 896 916 affentlo
920 879 990 916 fide
1015 877 1158 919 infusa,
1180 876 1204 912 si

261 929 412 975 ponitur
426 956 437 972 ,
461 931 626 977 quiahoc
638 931 688 968 est
704 944 721 966 a
739 930 821 966 Deo
841 930 1036 967 revelatum
1050 956 1059 966 .
1078 928 1116 964 ld
1142 938 1218 962 au·-

261 989 335 1014 tem
354 979 463 1016 ‘fuisse
495 983 693 1018 revelatum
707 1009 718 1024 ,
745 980 854 1017 credo
874 1007 887 1024 ,
924 981 1010 1027 quia
1031 981 1206 1027 JoanneS,

262 1039 326 1064 aut
342 1031 432 1066 altus
445 1033 643 1074 Apostolus
659 1032 748 1068 dixit
764 1058 774 1073 ,
803 1031 874 1066 hoc
899 1033 959 1069 libi
984 1028 1092 1067 fuilse.
1106 1039 1217 1064 reve--

261 1080 374 1116 latum
388 1106 397 1115 .
413 1083 461 1117 At
476 1082 498 1118 ss
513 1082 678 1119 audiisem
695 1094 776 1117 eum
792 1080 995 1118 asserentem
1015 1080 1048 1115 id
1061 1078 1127 1116 eise
1142 1076 1208 1113 fibi

263 1132 470 1168 revelatum
487 1156 499 1175 ‚
522 1132 743 1169 credidissem
759 1132 808 1166 illi
827 1131 895 1168 fide
917 1131 1085 1177 acquifita
1105 1139 1210 1171 ,cre-

263 1180 384 1217 dendo
400 1181 531 1218 scilicet
545 1183 661 1232 ipsum
675 1181 741 1218 else
755 1193 917 1219 veracem
931 1209 941 1223 ‚
966 1184 997 1217 81
1018 1180 1106 1215 nihil
1132 1175 1206 1213 falfi

263 1230 435 1268 affirmare
450 1233 539 1269 velle
558 1245 569 1274 ς
592 1234 703 1278 igitur
714 1234 745 1268 8(
763 1232 871 1268 modo
881 1231 988 1270 credo
1000 1230 1070 1267 fide
1080 1226 1213 1273 acqui·

264 1282 328 1317 fita
341 1294 388 1318 ex
421 1283 544 1318 auditu
573 1282 824 1329 scripturarum
848 1283 904 1320 vel
930 1282 1082 1318 lestione
1104 1277 1208 1318 effe.»

264 1330 453 1371 A'nostolis
470 1335 662 1370 revelatam
680 1335 896 1370 Trinitatem
921 1331 1154 1379 personarum
1169 1329 1214 1370 in¹

263 1381 426 1418 Essentiae
446 1385 613 1425 unitate;
641 1383 806 1431 adeoque
828 1394 904 1419 tora
930 1383 1101 1422 firmitas,
1125 1390 1214 1423 cluatv

268 1432 718 1471 fideiattr'ibuitutinfusae
739 1461 749 1475 ‚
775 1433 823 1469 est
850 1446 868 1468 a
892 1433 962 1471 fide
990 1431 1208 1480 acquisita-³³

267 1495 355 1529 ergo
366 1495 437 1519 non
455 1484 598 1521 videtur
627 1483 793 1532 ponenda
822 1483 910 1520 fides
936 1482 1074 1525 infusa,
1098 1480 1216 1528 cujus-

267 1533 309 1569 stt
322 1533 455 1570 versati
470 1536 563 1572 circa
580 1538 729 1580 primam
746 1536 933 1573 veritatem
950 1560 961 1570 .

366 1584 507 1621 Contra
523 1612 534 1627 ‚
560 1587 652 1622 illud
669 1584 716 1621 est
731 1584 918 1630 objeftnm
935 1585 1090 1632 primum
1106 1582 1212 1618 habl-

268 1646 328 1672 tus
342 1661 354 1677 ,
375 1634 498 1682 inquo
510 1638 742 1672 continentur
754 1636 958 1672 virtualiter
971 1637 1105 1676 omnia,
1116 1635 1209 1669 circa

267 1697 350 1732 quae
362 1683 509 1722 habitus
521 1686 683 1723 versatur
711 1712 720 1722 .
744 1685 783 1719 ln
811 1687 890 1721 Deo
918 1685 1151 1722 continentur
1170 1694 1210 1717 o·

268 1737 364 1772 mnia
387 1735 570 1773 credibilia
586 1764 596 1779 ,
619 1738 652 1773 8<
681 1735 866 1771 necessaria
893 1737 1039 1778 nitidem
1066 1745 1104 1771 ut
1128 1743 1210 1768 nata

267 1785 348 1822 sciri
375 1798 437 1832 per
466 1789 710 1834 cognitionem
731 1786 827 1821 illins
850 1787 1036 1826 fffenriae,
1064 1797 1102 1820 ut
1125 1784 1209 1819 haec:

267 1836 509 1881 contingentia
526 1850 614 1874 vero
627 1847 667 1874 ut
680 1835 936 1880 cognoscibilia
960 1838 1021 1882 per
1043 1835 1212 1869 intuitio·

265 1897 349 1922 nem
376 1888 519 1923 unionis
545 1898 789 1925 extremorum
815 1888 936 1930 primae
955 1885 1213 1931 contingentis,

268 1948 351 1983 qua:
376 1935 450 1978 est,
478 1938 658 1975 Voluntas
684 1939 758 1975 Des·
780 1935 861 1974 vult
885 1951 896 1978 3
926 1948 1012 1975 ereo
1043 1934 1143 1969 Dms
1172 1946 1210 1971 ut

266 1987 344 2022 haec
361 1986 505 2023 essentia
519 1988 557 2023 lit
574 1999 717 2035 oportet
740 1988 893 2032 primum
932 1985 1139 2032 subies-ium
1169 1985 1214 2022 fi-

266 2037 345 2074 dei.
357 2039 442 2086 Qa
460 2049 547 2073 vero
564 2040 723 2074 revelans
737 2039 922 2085 primaque
935 2039 1066 2074 veritas
1076 2036 1213 2079 dicens,

262 2085 420 2133 ejusdem
436 2086 582 2124 formale
597 2087 781 2131 obieflnm
797 2113 806 2122 .

367 2135 599 2177 Respondet),
616 2181 619 2185 ,
636 2140 707 2175 Pto
723 2137 903 2173 solutione
924 2137 999 2173 esto
1024 2136 1212 2182 primum-⁴

267 2186 405 2223 elifium
419 2199 429 2222 ε
445 2186 546 2224 Fides
559 2188 672 2225 infusa
691 2189 830 2226 respicit
845 2187 962 2223 Deum
977 2199 1038 2232 pro
1062 2184 1212 2231 objeSto

266 2238 397 2286 primo,
411 2236 455 2274 de
466 2249 544 2284 quo
566 2238 651 2274 ficut
677 2239 720 2274 de
732 2238 878 2280 obiesio
908 2238 1111 2274 formantur
1136 2236 1213 2271 aliae

268 2288 440 2324 veritates
458 2313 468 2328 ,
494 2299 576 2334 quae
589 2289 821 2324 continentur
837 2289 872 2322 in
896 2288 1056 2322 articulis
1083 2285 1214 2322 media.

269 2340 347 2374 tius
362 2338 421 2373 vel
443 2337 684 2374 immediatius
702 2365 711 2377 ,
740 2337 932 2372 secundum
957 2336 1054 2380 quod
1082 2335 1215 2382 ipsum,

270 2389 338 2423 hac
352 2398 414 2422 aut
427 2388 484 2423 illa
500 2389 636 2424 ratione
657 2388 853 2428 respiciunt
873 2414 880 2422 .
899 2386 1104 2422 Declaratio
1130 2398 1139 2421 ε
1162 2385 1216 2422 si.

273 2436 420 2486 quidem
433 2438 550 2477 omnia
570 2439 605 2476 8(
634 2438 768 2485 singula
794 2437 978 2473 credibilia
999 2436 1041 2471 ad
1065 2433 1214 2478 ipsum.»

273 2489 391 2525 Deum
409 2499 472 2535 per
485 2487 517 2522 se
544 2488 695 2526 mediare
737 2486 1007 2524 velimmediate
1034 2486 1216 2523 reducun-

272 2550 332 2575 tur
349 2564 359 2580 ‚
384 2549 473 2582 ergo
488 2535 562 2584 ipse
589 2538 688 2576 Deus
713 2537 760 2575 est
782 2540 962 2584 primum,
986 2537 1021 2573 8:
1055 2536 1214 2580 adequa-

272 2599 349 2625 tum
361 2586 546 2633 objeetum
560 2587 641 2624 fidei
655 2588 778 2626 infusae
799 2589 1005 2625 inclinantis
1021 2600 1061 2623 ea
1085 2586 1214 2634 praedi-

272 2649 349 2675 tum
366 2637 409 2672 ad
431 2636 576 2673 firmiter
599 2639 854 2677 assentiendum
876 2640 1047 2675 omnibus
1073 2649 1154 2685 quae
1177 2638 1212 2674 in

272 2689 395 2725 divina
410 2688 591 2734 Scriptura
607 2691 838 2726 continentur
853 2714 863 2724 .
880 2690 991 2727 Nulla
1015 2687 1062 2724 est
1084 2689 1213 2725 enim.-

273 2740 464 2783 Scripturae
478 2749 556 2784 pars
568 2765 579 2781 ‚
606 2741 641 2775 in
655 2752 726 2786 qua
743 2751 814 2775 non
831 2741 970 2776 eluceat
995 2739 1117 2775 saltem
1141 2738 1213 2776 Dei

273 2788 499 2837 providentia
527 2789 619 2824 circa
647 2801 761 2835 genus
785 2790 981 2826 humanum
999 2816 1010 2832 ‚
1030 2787 1213 2835 ejusque...

272 2838 513 2876 misericordia
529 2865 539 2880 ,
565 2838 598 2874 8(
614 2838 747 2884 justitia
761 2842 796 2876 in
810 2842 996 2886 punitione
1021 2841 1212 2877 malorum.

368 2889 572 2927 Secundum
587 2888 721 2926 dic-ium
737 2917 749 2933 ,
775 2892 874 2927 Deus
886 2904 958 2938 qua
983 2890 1114 2926 veritas
1139 2890 1214 2937 pri-

271 2951 326 2976 ma
344 2939 505 2975 revelans
523 2940 710 2977 credibilia
726 2966 738 2984 ,
761 2952 803 2978 ac
825 2942 1066 2978 testimonium
1093 2940 1213 2989 perhi-

270 2991 414 3027 bensita
426 2989 545 3026 omnia
560 2989 592 3025 se
606 2991 733 3028 habere
746 3003 784 3028 ut
808 2991 879 3038 ipse
901 2992 1016 3030 satur,
1041 2990 1090 3028 est
1118 2992 1213 3028 ratio

269 3041 427 3076 formalis
444 3039 577 3087 objeffl
597 3040 677 3077 fidei
697 3069 711 3077 .
735 3044 937 3080 Declaratio
963 3056 975 3077 ε
1000 3040 1144 3080 Etenim
1165 3053 1212 3078 ex

270 3091 374 3128 diffis
395 3102 424 3126 r.
442 3099 480 3137 p.
497 3103 530 3137 q.
560 3101 673 3127 μανι.
693 3095 779 3128 item
806 3104 836 3129 r.
859 3093 1022 3129 Omnino
1047 3093 1212 3138 oportuit

269 3141 451 3178 hominem
467 3142 642 3177 viatorem
671 3142 796 3179 instrui
826 3156 885 3189 per
908 3143 1213 3189 supernaturalem

270 3191 467 3227 doetrinam
482 3191 734 3239 consequendo
747 3192 868 3236 fini‚ad
881 3205 986 3239 quem
1005 3192 1128 3239 suapte
1151 3205 1215 3227 na-

271 3251 352 3276 tura
367 3241 579 3283 ordinatur,
598 3241 842 3284 necessariam3
856 3244 1013 3291 alioquin
1030 3242 1213 3287 ignoraret

273 3291 417 3326 median
443 3291 565 3328 divina
588 3293 774 3329 voluntate
803 3294 959 3335 statuta,
978 3293 1112 3340 quibus
1133 3303 1213 3329 tan·

274 3350 351 3376 tum
367 3340 479 3387 potest
492 3343 574 3388 quis
586 3341 628 3376 ad
646 3341 882 3389 possessionem
896 3343 975 3391 ejus
990 3342 1069 3378 finis
1082 3344 1214 3390 pertin·

274 3401 377 3437 gere.
401 3393 496 3427 Nam
524 3393 694 3438 quoniam
719 3393 903 3441 objectum
932 3395 1215 3442 supernaturale,

275 3451 346 3476 non
360 3438 409 3474 est
426 3441 597 3478 motivum
614 3443 816 3482 intelleelus
827 3446 958 3488 creati,
991 3444 1051 3479 nisi
1065 3455 1125 3491 per
1148 3458 1214 3481 vo-

271 3492 446 3526 luntatem
464 3490 568 3536 ipsius
583 3515 596 3535 ,
625 3494 734 3539 polita
749 3506 980 3544 quacumque
996 3494 1134 3530 aeliotae
1148 3508 1215 3543 po-

275 3541 622 3588 tentioeinteiiefilivg
637 3568 649 3584 ,
677 3544 711 3580 &
742 3546 1040 3583 concurrentibus
1062 3543 1214 3588 objeffis

279 3591 489 3626 naturaliter
512 3594 701 3637 agentibus
728 3621 741 3637 ,
783 3598 986 3645 complures
1025 3594 1214 3644 necessarie

320 3691 365 3724 (a)
403 3690 527 3720 Secunda
541 3690 713 3727 Conclusio,
753 3694 824 3724 tima
846 3696 947 3724 veritat
968 3695 1093 3724 revelans
1111 3695 1215 3724 eredita

279 3727 318 3757 est
330 3726 402 3756 tatio
416 3729 538 3758 lotmalis
552 3747 562 3763 ,
586 3730 629 3759 vel
652 3703 790 3770 objefltitm
811 3733 930 3762 formale
939 3733 1018 3761 fidei.
1042 3732 1175 3762 Cavellus
1189 3735 1216 3762 it·

284 3766 397 3795 scholio
410 3766 495 3811 supet-
508 3777 536 3795 n·
552 3777 595 3805 ¹4·
606 3769 666 3812 41⁴st-
679 3779 710 3812 ξς
719 3793 726 3801 .
737 3771 789 3802 ct'e.
801 3771 931 3813 indigitat
940 3771 1002 3803 loca
1014 3770 1216 3810 scripturatum

285 3807 383 3842 quibus
397 3807 523 3836 astruitur
535 3805 602 3837 fidet
612 3807 697 3841 influa
710 3828 719 3839 .

1263 226 1534 272 complexiones
1551 227 1700 262 cierunt
1716 238 1867 277 uentre,
1896 241 1963 269 nec
1986 179 2201 280 ipsiqs3assen-

1261 272 1337 310 sum
1355 273 1509 323 prestare
1523 277 1677 325 poterit,
1699 287 1740 313 ut
1767 290 1909 325 oportet
1924 307 1935 324 ,
1959 284 2043 330 quia
2067 286 2204 321 veritas

1262 323 1496 360 determinata
1520 338 1642 363 earum
1658 324 1772 373 ipsum
1799 329 1921 366 lateret
1947 358 1958 373 ‚
1987 345 2050 368 nec
2084 334 2200 379 potest

1261 385 1387 422 nature
1397 375 1534 414 viribus
1546 376 1626 412 sciri
1635 388 1693 413 eas
1703 377 1771 413 effe
1783 389 1886 415 veras
1901 382 1958 416 val
1976 381 2091 421 fains,
2101 385 2201 420 Hinc

1261 435 1373 471 agens
1387 425 1651 474 supernaturale
1664 427 1832 477 supplens
1843 430 1959 466 vicem
1972 430 2052 475 eius
2065 433 2201 480 objeai

1261 475 1420 512 revelare
1430 477 1549 514 voluit
1565 478 1734 515 veritates
1744 481 1976 516 articulorum
1989 479 2069 517 fidei
2081 509 2094 525 ‚
2104 485 2199 520 circa

1260 535 1353 571 quas
1365 523 1452 562 fides
1464 529 1624 565 versatur
1638 527 1754 565 infusa
1769 557 1781 575 ,
1806 542 1916 578 quam
1927 531 2119 576 Scriptura:
2130 559 2143 575 ,
2161 532 2198 569 8(

1261 575 1381 611 Patres
1391 575 1567 616 testantur
1577 577 1652 614 dari
1669 591 1687 614 a
1702 578 1797 625 Deo,
1808 578 1958 626 ejusque
1970 582 2037 617 esse
2051 582 2201 624 donum,

1261 637 1380 673 neque
1392 626 1499 663 inesse
1515 628 1620 665 nobis
1634 651 1646 661 .
1657 631 1737 677 Hec
1753 643 1872 668 autem
1883 629 1970 667 fides
1995 631 2108 668 infusa
2135 634 2206 668 itt-0

1262 676 1386 722 aliquo
1396 676 1518 714 similis
1533 679 1582 716 est-
1599 677 1683 716 fidei
1692 681 1874 728 acquilitae
1890 706 1900 716 .
1917 683 2011 718 Nam
2032 681 2204 728 quemad,

1260 727 1409 764 moduni
1421 735 1485 773 per
1499 728 1604 766 fidem
1618 731 1827 777 acquisitam
1844 732 1929 779 quis
1945 731 2081 778 praestat
2095 729 2160 768 alst:
2189 726 2207 761 ὲ

1263 774 1339 812 sum
1351 777 1458 816 dietis
1471 779 1619 816 alterius
1632 806 1646 824 ,
1673 782 1758 828 quia
1771 782 1885 820 credit
1908 781 2092 819 veracitati
2119 778 2175 816 ass

1263 828 1382 864 tentis
1402 828 1489 864 illud
1518 830 1586 867 else
1609 840 1743 869 verum
1763 858 1776 875 ,
1815 833 1862 871 iic
1887 830 1932 868 de
1967 830 2090 868 infusae
2120 830 2206 867 fidei

1263 876 1443 917 instinfiu.
1468 878 1534 922 ῆι)
1562 887 1603 918 ut
1625 881 2042 919 mentiamur-revelans
2067 893 2086 916 a
2109 880 2208 923 Deo,

1263 926 1409 973 eoquod
1424 927 1573 966 indubie
1584 943 1624 966 ac
1635 931 1785 968 firmiter
1800 932 1988 970 credamus
2014 931 2117 971 Deos
2148 931 2208 967 vel

1264 977 1455 1011 veracitati
1465 980 1534 1015 Dei
1546 980 1725 1021 afferentis
1739 983 1799 1017 illa
1809 1007 1825 1017 ..
1837 985 1880 1019 Et
1893 983 1976 1028 quia
1990 980 2090 1030 quoti
2105 983 2206 1017 Deus

1263 1024 1380 1062 asserit
1399 1047 1422 1069 ‚>
1440 1024 1765 1075 supernaturaliter
1797 1033 1931 1069 revelat
1956 1058 1969 1076 ,
2012 1031 2092 1069 ideo
2119 1030 2207 1067 fides

1261 1075 1452 1116 assentiens
1474 1080 1623 1116 'talibus
1660 1083 1828 1118 revelatis
1867 1109 1881 1127 ‚
1931 1085 2016 1127 quia
2062 1080 2208 1118 assentit

1264 1127 1453 1164 vet-citati
1495 1132 1692 1170 revelantis
1721 1142 1743 1174 ·,
1785 1131 1834 1167 est
1885 1131 2033 1169 babitus
2087 1131 2209 1177 super-

2238 776 2307 831 *aa
2460 764 2602 816 ³³55?

2250 873 2312 901 ³!
2319 853 2341 883 j

2298 1162 2350 1191 Per
2363 1159 2447 1192 fidem

1265 1179 1460 1215 naturalis:
1479 1182 1614 1217 revelat
1627 1191 1746 1218 autem
1755 1182 1940 1226 credibilia
1955 1211 1968 1227 ‚
1991 1182 2136 1230 quando
2154 1183 2209 1217 inv
2246 1208 2394 1230 cernuntur

1265 1227 1387 1265 fundit
1401 1228 1571 1268 habitum
1586 1265 1591 1268 Δ
1609 1232 1664 1268 Ex
1676 1243 1752 1279 quo
1769 1243 1867 1276 patet
1882 1257 1890 1272 ,
1905 1231 2010 1269 fidem
2030 1243 2100 1267 non
2116 1233 2210 1268 acci·
2249 1237 2427 1269 ‹rediuiua-0

1261 1280 1605 1327 perecertirudinem
1622 1284 1860 1320 revelatorum
1881 1294 1927 1319 ex
1951 1281 2122 1329 objesto,
2152 1281 2213 1318 sed

1264 1330 1370 1366 unice
1383 1330 1435 1366 ab
1444 1334 1641 1369 veracitate
1657 1333 1754 1370 testis
1770 1333 1962 1370 revelantis
1978 1344 2111 1379 ‚atquc
2129 1330 2214 1368 affe-

1264 1382 1378 1416 rentis
1391 1383 1525 1418 remita
1542 1381 1575 1419 se
1601 1384 1733 1420 habere
1759 1408 1766 1416 .
1792 1382 2002 1421 Necessario
2022 1393 2214 1430 propterea

1262 1441 1494 1479 quaecunque
1517 1434 1565 1468 ita
1588 1435 1788 1470 creduntur
1816 1432 1898 1469 sunt
1921 1446 2015 1470 cum-
2030 1434 2214 1480 aenigtnate

1266 1481 1302 1515 &
1327 1480 1575 1528 obscuritate,
1593 1487 1679 1531 quia
1702 1485 1841 1519 habens
1868 1479 1975 1520 fidem
2005 1482 2076 1518 non
2099 1483 2214 1532 credit

1268 1532 1461 1567 articulum
1474 1532 1542 1569 eise
1554 1547 1679 1579 perum
1691 1545 1739 1570 ex
1762 1532 1941 1571 evidentia
1966 1531 2101 1578 obieffi
2120 1546 2132 1573 ς
2157 1532 2216 1569 sed

1266 1592 1407 1628 propter
1423 1581 1493 1618 hoc
1507 1609 1520 1626 ‚
1543 1585 1643 1631 quod
1657 1582 1795 1620 assentit
1810 1585 1945 1620 veracit
1957 1583 1997 1619 :ti
2021 1582 2214 1620 infunden-

1266 1630 1488 1668 tishabitum
1505 1659 1517 1676 ,
1544 1635 1579 1677 8(
1595 1635 1631 1671 in
1648 1634 1719 1670 hoc
1736 1633 1919 1670 credibilia
1945 1633 2139 1670 revelantis
2153 1659 2163 1670 .
2180 1664 2183 1667 .

1369 1681 1602 1729 Perspicuum
1617 1684 1667 1722 est
1682 1685 1790 1721 eriam
1809 1711 1819 1726 ,
1843 1684 2000 1731 qualiter
2013 1694 2083 1718 una
2114 1684 2154 1720 fit
2175 1682 2215 1719 fi·

1265 1730 1328 1767 des
1343 1734 1502 1769 omnium
1519 1734 1754 1772 credebilium
1783 1761 1792 1771 .
1817 1734 2000 1781 Siquidem
2031 1745 2114 1770 cum
2142 1745 2215 1769 non

1267 1781 1474 1830 respiciatis
1500 1784 1647 1821 habitus
1666 1784 1740 1826 ipsa
1761 1784 1946 1821 credibilia
1976 1780 2043 1819 sub
2064 1785 2216 1831 propriis

1268 1844 1396 1869 eorum
1413 1835 1614 1872 rationibus
1629 1863 1641 1879 ,
1674 1834 1730 1871 sed
1747 1845 1929 1883 qnatenus
1944 1833 2022 1869 sunt
2035 1845 2054 1868 a
2069 1831 2150 1869 De'o
2162 1846 2218 1869 re-

1266 1884 1387 1930 velata
1405 1910 1416 1926 ,
1442 1897 1511 1920 una
1528 1912 1536 1927 ,
1562 1887 1761 1935 eademque
1779 1882 1851 1921 fide
1869 1884 2024 1931 quisque
2045 1884 2081 1919 in
2097 1884 2218 1919 omnia

1267 1934 1383 1970 tendit
1405 1935 1592 1972 credibilia
1623 1962 1634 1980 ,
1669 1934 1937 1983 cujuscumque
1961 1933 2026 1969 lint
2051 1935 2216 1979 rationis,

1267 1984 1466 2021 credens-ea
1481 1989 1600 2023 omnia
1613 1986 1683 2024 esse
1694 1998 1777 2023 vera
1802 1995 1954 2033 propter.
1966 1982 2130 2019 testantis
2152 1996 2220 2021 au-

1268 2034 1473 2072 &toritatem
1490 2063 1501 2078 ‚
1525 2039 1555 2073 8(
1580 2039 1813 2075 veracitatem
1830 2062 1841 2072 .
1855 2035 2002 2073 Sienim
2014 2033 2131 2072 habeo
2154 2034 2221 2069 ha.-

1268 2087 1386 2122 bitum
1401 2112 1412 2129 ,
1436 2099 1513 2132 quo
1538 2088 1647 2125 credo
1674 2098 1712 2124 re
1733 2086 1801 2123 esse
1828 2096 1992 2122 veracem
2010 2110 2022 2126 ‚
2046 2097 2108 2132 per
2133 2095 2222 2120 eun·

1268 2136 1349 2183 dem
1365 2136 1529 2173 habitum
1544 2138 1652 2173 credo
1661 2137 1731 2184 hcc
1747 2163 1759 2179 ,
1784 2147 1865 2181 quae
1883 2133 2002 2170 asseris
2025 2134 2094 2171 else
2116 2145 2220 2179 vera;

1268 2197 1601 2234 quantumcunque
1623 2185 1749 2223 efferta
1772 2185 1838 2221 lint
1857 2183 2078 2221 diversarum
2111 2183 2221 2219 ratio.

1270 2249 1358 2274 num
1375 2250 1386 2276 3
1412 2239 1499 2283 quia
1513 2239 1580 2274 illis
1592 2250 1663 2274 non
1676 2235 1845 2278 assentior
1858 2261 1870 2277 ,
1894 2234 1959 2271 nili
1977 2245 2040 2281 per
2053 2232 2221 2271 accidens

1271 2297 1333 2332 per
1355 2286 1428 2322 hoc
1455 2299 1584 2332 nempe
1610 2285 1712 2332 quod
1736 2286 1903 2323 assentior
1924 2285 2115 2321 veracitati
2142 2293 2222 2331 tue.

1271 2336 1431 2383 ideoque
1447 2333 1619 2373 assensum
1634 2336 1753 2382 presto
1768 2337 1837 2371 illis
1850 2361 1863 2377 ,
1889 2346 2070 2382 quatenus
2084 2349 2102 2371 a
2117 2345 2154 2370 te
2168 2332 2221 2369 as-

1275 2384 1364 2422 serta
1380 2384 1462 2422 sunt
1477 2409 1489 2420 .
1503 2387 1557 2423 lta
1569 2388 1603 2423 in
1615 2385 1686 2422 fide
1711 2383 1827 2422 infusa
1845 2399 1860 2425 ‚-
1879 2396 1962 2421 nam
1981 2385 2221 2421 credibilibus

1273 2450 1293 2472 a
1307 2439 1388 2473 Deo
1401 2437 1569 2473 revelatis
1580 2435 1752 2473 assensum
1769 2436 1912 2483 praebeo
1923 2461 1935 2478 ‚
1960 2436 2048 2482 quia
2072 2435 2222 2471 assentio

1273 2487 1344 2525 Dei
1355 2488 1543 2523 veracitati
1556 2515 1568 2531 ‚
1592 2489 1628 2525 &
1643 2488 1692 2522 ita
1704 2486 1793 2523 fides
1806 2498 1876 2522 una
1892 2487 1988 2522 circa
2000 2487 2120 2522 omnia
2143 2496 2221 2521 cre-

1273 2539 1397 2575 dibilia
1410 2536 1572 2577 versatur
1585 2564 1596 2581 ,
1621 2548 1661 2574 ut
1674 2539 1831 2574 revelata
1843 2550 1863 2572 a
1877 2534 1957 2572 Deo
1971 2562 1983 2578 ,
2011 2548 2082 2571 non
2099 2546 2221 2572 autem

1275 2588 1464 2626 maletum
1478 2589 1528 2625 est
1544 2616 1556 2631 ,
1580 2589 1744 2636 proprias
1761 2585 1903 2632 respicit
1932 2587 2087 2622 rationes
2107 2585 2223 2622 credi-

1274 2651 1394 2676 torum
1412 2664 1422 2675 .
1439 2637 1567 2685 Atque
1581 2641 1627 2674 ita
1643 2637 1715 2685 ipsa
1728 2636 1916 2675 credibilia
1931 2662 1943 2679 ,
1966 2636 2141 2673 seuDeus
2158 2661 2170 2678 ,
2184 2636 2224 2672 in

1274 2703 1352 2740 quo
1364 2689 1483 2726 omnia
1498 2689 1688 2726 mediatius
1707 2690 1763 2726 vel
1776 2687 2021 2725 immediatius
2035 2688 2223 2723 continen-

1276 2753 1336 2778 tur
1350 2767 1360 2781 ‚
1376 2740 1423 2777 esi
1440 2738 1521 2776 fide.
1538 2738 1656 2788 infuse
1667 2739 1852 2787 ehje-&um
1867 2738 1966 2786 quod
1986 2735 2225 2780 creditur-,seu

1274 2793 1475 2832 mareri-le,
1491 2803 1528 2828 ut
1541 2790 1644 2837 ajurt
1663 2817 1673 2833 ,
1685 2804 1757 2838 qua
1774 2801 1862 2825 vero
1886 2789 1975 2825 ⁴ulem
1993 2791 2092 2825 Deus
2105 2788 2154 2824 est
2166 2797 2229 2822 ve-

1277 2846 1365 2881 ritas
1380 2844 1492 2890 prima
1507 2844 1686 2883 revelans,
1703 2843 1738 2878 8(
1759 2839 2009 2876 testimonium
2032 2837 2226 2885 perhibens

1276 2895 1321 2931 de
1334 2893 1486 2931 veritate
1500 2893 1725 2930 creditorum
1743 2917 1755 2934 ,
1781 2889 1830 2927 est
1851 2890 2010 2926 formalis
2023 2890 2111 2925 ratio
2129 2916 2138 2928 ,
2156 2888 2221 2923 sub

1273 2957 1348 2994 qua
1377 2943 1466 2980 fides
1486 2942 1764 2991 supernaturalis
1788 2941 1882 2975 circa
1906 2943 2024 2975 Deum
2051 2938 2228 2976 versatur.

1380 2994 1441 3031 Ad
1454 3006 1662 3040 argumenta
1682 2992 1762 3032 ,Ad
1773 2990 1928 3038 primum
1946 2990 2139 3038 respond-o
2172 2988 2230 3023 stt:

1278 3045 1320 3083 ld
1332 3046 1366 3081 in
1382 3057 1459 3091 quo
1472 3046 1647 3080 revelatio
1663 3044 1836 3080 fundatur
1852 3067 1865 3083 ‚
1881 3039 2035 3076 refertur
2049 3041 2091 3076 ad
2110 3038 2228 3076 term?-

1277 3109 1365 3133 num
1378 3105 1440 3142 per
1457 3097 1664 3132 relationem
1677 3121 1688 3136 ‚
1716 3103 1755 3128 ut
1770 3091 1875 3129 Pater
1893 3090 1934 3125 ad
1950 3089 2060 3126 filium
2090 3103 2150 3137 per
2165 3101 2227 3136 pa·

1280 3148 1483 3183 tetnltatem
1506 3157 1567 3187 ;at.
1586 3145 1657 3191 ipsa
1675 3143 1870 3183 paternitas
1883 3153 1953 3176 non
1972 3154 2035 3190 per
2056 3143 2158 3176 aliam
2174 3151 2228 3176 ‘e-

1280 3197 1395 3234 sertur
1407 3198 1615 3233 relationem
1635 3221 1644 3235 ,
1659 3193 1715 3230 sed
1734 3204 1794 3239 per
1810 3190 1843 3226 se
1864 3190 1973 3237 ipsam
1993 3218 2001 3226 .
2033 3194 2127 3229 Nam
2142 3202 2228 3226 cum

1281 3247 1421 3294 aliquid
1435 3246 1486 3283 est
1502 3245 1769 3282 denominative
1784 3243 1854 3278 tale
1873 3269 1882 3283 ,
1899 3243 1931 3278 8(
1950 3242 2087 3288 aliquid
2101 3241 2227 3277 forma.

1281 3299 1366 3335 liter
1380 3298 1450 3333 tale
1464 3324 1474 3338 ,
1489 3295 1652 3332 standum
1670 3293 1720 3331 est
1736 3295 1771 3329 in
1786 3291 1962 3330 secundo.
1983 3295 2024 3330 Et
2040 3296 2086 3328 ita
2109 3293 2143 3326 in
2164 3303 2226 3326 ca·

1283 3347 1324 3384 su
1354 3376 1365 3391 ,
1386 3348 1430 3383 de
1457 3359 1533 3395 quo
1561 3356 1815 3392 argumentum
1845 3343 2030 3390 procedit.
2051 3342 2225 3379 Firmiter.

1284 3399 1466 3435 credimus
1488 3398 1616 3433 {Deum
1644 3394 1710 3444 effi’
1732 3395 1930 3437 trinum&
1951 3407 2086 3439 unum,
2113 3393 2226 3439 quia,

1287 3451 1387 3486 Deus
1401 3448 1516 3484 asserit
1536 3445 1594 3483 seu
1612 3448 1745 3483 revelat
1764 3471 1774 3481 .
1802 3448 1888 3483 Non
1906 3446 2030 3492 itaque
2049 3454 2109 3491 pet
2124 3443 2229 3480 aliam

1289 3499 1544 3535 revelationem
1558 3496 1668 3534 credo
1682 3495 1751 3534 eise
1764 3496 1962 3532 revelatum
1978 3521 1990 3538 ‚
2006 3493 2065 3532 sed
2078 3494 2163 3540 quia
2178 3492 2230 3530 est

1286 3551 1462 3586 revelatio
1476 3573 1486 3584 .

1389 3602 1526 3637 Verum
1542 3608 1666 3634 contra
1681 3597 1752 3633 hoc
1774 3595 1855 3633 facit
1876 3594 2042 3632 instantia
2055 3620 2067 3638 ,
2081 3605 2160 3641 quae
2174 3592 2232 3630 su·

1287 3651 1434 3686 biicirur
1447 3674 1456 3683 .
1490 3651 1585 3686 Nam
1602 3659 1668 3682 nost
1684 3647 1757 3681 seio
1771 3646 1838 3684 esse
1855 3648 2052 3683 rvelatum
2070 3672 2081 3687 ‚
2109 3645 2170 3681 nist
2182 3655 2231 3681 ex

1290 3700 1359 3736 fide
1375 3699 1545 3738 humana,
1557 3710 1628 3745 qua
1641 3697 1808 3735 assentior
1829 3696 2036 3732 hominibus
2051 3695 2231 3732 afferenti-

1289 3752 1358 3787 bus
1372 3761 1492 3784 revera
1507 3748 1541 3782 id
1558 3747 1656 3782 fuisse
1670 3760 1687 3782 a
1710 3750 1788 3783 Deo
1800 3749 1997 3783 revelatum
2014 3759 2026 3787 ;
2046 3759 2132 3792 ergo
2145 3744 2231 3782 fidei

1289 3799 1412 3837 insusae
1429 3797 1609 3836 certitudo
1622 3799 1752 3848 accipit
1766 3797 1862 3836 suam
1877 3798 2079 3834 firmitatem
2098 3810 2116 3832 a
2130 3795 2232 3836 (ἰός,

2062 3848 2187 3882 huma·

2249 1277 2278 1308 in
2286 1279 2447 1318 aenigmate,

2251 1605 2342 1638 unlus
2361 1609 2453 1637 ratio-

2251 1647 2294 1674 nis
2319 1644 2384 1676 fides
2406 1656 2452 1675 re·

2253 1683 2330 1722 spicit
2364 1684 2455 1714 credi·

2251 1724 2316 1752 bilia
2335 1722 2457 1755 diversa·

2252 1772 2316 1792 rum
2328 1766 2455 1796 rationei-

2270 3019 2298 3041 ε.
2320 3011 2382 3041 dist.
2403 3023 2469 3055 ng,

2265 3060 2335 3088 qm·
2350 3056 2396 3087 ιδ.
