2602 4011
63 230 147 249 „z-sa·
198 215 268 244 Ὶτιὲιετ

62 269 91 285 av
102 259 213 287 atrones,
241 257 266 282 ὅ(

61 294 248 331 respoufiones

15 340 25 362 '-
62 333 240 364 Thoniistaru
259 350 267 357 .

24 542 29 742 l

24 748 27 878 l

23 944 26 1021 Ξ

99 725 274 763 Praeceptum

62 763 98 792 de
122 762 273 800 susceptio-

63 811 99 831 ne
144 800 272 840 baptismi

63 848 122 870 non
172 840 274 878 incepit

64 876 137 917 apud
176 887 275 907 omnes

64 925 123 946 uno
154 917 275 946 eodem·

65 963 118 992 que
130 963 271 993 tempore,

71 992 272 1024 edsucceffive.

65 1335 195 1374 Qatuor
204 1344 276 1365 tem.

22 1385 23 1389 ¹
63 1382 134 1411 pora
145 1375 276 1405 Circum.

3 1420 7 1442 1
21 1439 22 1443 ,
64 1411 170 1443 titionis
181 1432 192 1444 .

104 1606 206 1632 Sermo
243 1605 278 1633 de

68 1640 267 1672 circumcisio-

20 1679 22 1718 }
65 1692 100 1711 ne
114 1684 189 1717 cujus
208 1691 278 1720 qua·

67 1730 136 1748 tuor
148 1729 279 1757 tempora

20 1773 21 1786 t
66 1759 94 1786 di
103 1759 277 1798 stinguitMa-

63 1798 257 1838 gissersscotus
268 1815 277 1826 -

19 2458 21 2468 ι
69 2443 140 2472 Vide
160 2442 278 2482 Hiquae-

0 3537 11 3594 ree-.-
0 3497 8 3515 r:

0 3652 14 3866 ’Ῥᾩῐ-»ἓ-’Ἷ

20 2490 21 2494 ’
69 2491 118 2511 um
132 2501 144 2516 ‚
155 2482 279 2520 allegan-

68 2529 128 2550 tem
155 2531 206 2559 pro
228 2522 279 2549 hac

70 2560 261 2590 conclusione

71 2599 257 2636 Augustinum
273 2617 283 2634 ‚

69 2633 283 2678 Hieronymum

74 2677 180 2706 Bedam
246 2679 284 2707 A·

71 2714 180 2754 liosque
194 2734 204 2742 -
228 2718 285 2745 Ex-

74 2756 227 2793 positores;
243 2759 282 2782 A.

73 2793 168 2823 diuum
179 2812 189 2822 .

75 2832 253 2870 Apostolorum
273 2854 284 2868 ,

75 2871 103 2898 &
123 2871 156 2898 ad
169 2872 285 2902 Galatas

77 2919 137 2949 cap.
152 2918 178 2937 z.

77 3349 216 3387 Loquitur
244 3351 289 3379 {e-

79 3389 198 3417 cundum
226 3391 289 3418 MJ-

78 3427 290 3466 giiituinliilko-

79 3467 205 3500 riarum,
221 3467 288 3504 quia

81 3508 150 3536 infra
162 3515 189 3532 n.
208 3515 251 3539 15·
266 3508 290 3535 ‹5-

73 3547 226 3584 secundum
265 3552 291 3569 e-

82 3583 149 3612 tiam
170 3601 179 3615 ‚
223 3582 291 3611 dicit

81 3623 202 3651 Nuntios
216 3625 294 3656 Jaco-

83 3661 108 3689 bi
120 3663 194 3692 fuisl'c
205 3659 292 3689 subdi.

84 3708 126 3729 tos
142 3702 214 3731 Petri
230 3719 238 3729 .

666 143 823 190 Tamus
848 142 927 188 III.
947 144 1074 189 Part.
1091 141 1149 191 II.
1165 140 1359 214 Qaestio
1377 140 1450 187 CI.
1465 155 1529 197 ξφ
1550 142 1663 189 CIII.
1686 145 1780 189 Art.
1801 143 1884 188 Ill.

306 211 406 257 qumi
430 215 531 249 aliter
570 212 732 248 cucurrit
761 211 841 256 post
872 209 983 254 ipsam
1019 210 1225 257 Baptismus
1240 237 1251 253 ,

306 274 414 309 quam
433 275 534 299 antea
551 288 561 296 .
578 261 787 298 Secundum
803 271 921 295 autem
936 271 1078 308 tempus
1097 261 1166 304 (ut
1180 273 1254 297 cre-

305 313 382 359 do)
405 314 548 360 incoepit
572 314 605 346 in
631 310 686 345 die
705 311 931 346 Pentecostes
949 310 1228 358 inJerusalem„
1244 339 1256 354 ,

303 364 390 409 quia
404 364 517 412 usque
530 361 572 396 ad
587 362 686 396 illurn
710 361 804 397 diem
820 362 989 408 Apostoli
1006 373 1078 398 non
1093 362 1259 408 praedica-

305 425 434 450 verunt
466 413 631 462 publice,
662 408 770 456 juxta
798 412 886 448 illud
916 415 1068 448 verbum
1095 411 1231 449 Christi
1244 439 1257 458 ‚

311 464 412 500 Lucae
425 474 484 510 24.
523 464 598 499 Vos
608 462 860 510 autemfhdete
878 465 915 500 in
933 462 980 498 Cn·
989 466 1101 501 vitate
1118 492 1129 507 ,
1151 463 1258 501 donec

305 513 507 552 induamini
524 515 665 549 virtute
681 526 727 551 ex
740 515 814 550 alto
833 541 840 549 .
870 514 940 551 Sed
956 517 991 550 in
1006 514 1063 550 die
1081 518 1259 552 Penteco—

305 564 376 600 stes
392 591 403 606 ,
421 563 521 600 mirso
536 562 675 610 Spiritu
688 565 821 602 Sant‘to
835 593 846 608 ‚
870 565 1073 603 solemniter
1085 566 1258 615 praedica-

305 624 438 650 verunt
455 638 468 656 ‚
479 615 512 649 8<
528 615 686 661 apposita
699 614 780 653 sunt
798 617 859 652 illo
872 617 929 653 die
945 618 1086 656 circiter
1098 619 1166 654 tria
1178 619 1258 654 mil-

306 665 350 699 lia
366 690 377 706 ,
390 665 424 698 8<
443 665 620 712 baptizati
638 664 718 703 sunt
732 691 743 707 ‚
758 668 920 704 Atimm
940 680 974 705 zi
1006 669 1090 705 lnde
1107 680 1196 704 vero
1213 669 1259 704 ad

307 717 389 751 alias
404 714 601 759 Civitates,
619 716 815 755 secundum
830 719 993 754 ordinem
1013 745 1023 760 ‚
1040 720 1190 755 cuilibet
1206 720 1260 754 lo-

308 778 374 809 c0,
402 766 458 800 vel
471 768 566 812 genti
582 778 657 805 erat
682 780 824 816 tempus
850 768 1043 805 secundum
1060 768 1230 816 Baptismi
1246 796 1258 811 ,

309 824 413 865 prout
430 816 479 852 ibi
492 819 658 864 publice,
683 821 717 857 8<
735 820 805 859 sole
815 820 943 857 mniter
970 820 1028 857 lex
1042 821 1258 865 Evangelica

310 865 595 915 praedicabatur,
630 872 807 908 intantum
833 881 873 907 ut
886 882 1107 919 praeceptum
1133 870 1176 906 de
1191 871 1259 906 Ba-

307 917 439 966 ptismo
454 917 682 966 suscipiendo
696 935 765 958 non
780 921 925 968 incoepit
941 921 1041 958 simul
1060 922 1153 971 apud
1166 933 1259 967 quo-

308 968 479 1015 scumque
496 997 508 1013 ‚
537 970 596 1006 sed
626 971 670 1007 de
692 974 779 1009 Sion
793 974 914 1010 exibat
924 972 985 1010 lex
998 1000 1009 1015 ,
1031 972 1076 1011 (ς’
1094 974 1258 1010 Verbum

307 1022 458 1058 Domini
482 1021 527 1056 de
543 1021 771 1069 Jerusalem,
795 1023 900 1069 juxta
917 1024 1143 1072 prophetiam
1165 1022 1258 1059 lsaiae

306 1081 378 1120 cap.
396 1083 430 1108 2.
459 1098 471 1114 ‚
494 1072 529 1107 8<
559 1073 773 1119 quibusdam
802 1076 944 1121 incoepit
960 1085 1105 1123 tempus
1132 1072 1261 1110 secun.

305 1122 391 1159 dum
421 1123 465 1158 ad
493 1122 648 1162 mensem
671 1125 748 1172 post
775 1124 1008 1162 Pentecosten
1033 1152 1043 1168 ‚
1069 1128 1102 1163 8<
1132 1124 1260 1170 aliqui·

305 1175 376 1209 bus
403 1174 445 1209 ad
470 1186 627 1217 annum,
654 1175 836 1222 aliquibus
864 1175 909 1210 ad
921 1175 1041 1212 decem
1059 1186 1194 1216 annOS,
1220 1176 1255 1211 8(

305 1223 354 1260 fic
380 1224 549 1272 deinceps
563 1250 576 1267 ,
596 1236 705 1274 prout
721 1226 801 1273 ipfis
827 1227 885 1262 lex
902 1227 1117 1272 Evangelica
1131 1226 1257 1276 praedi-

308 1276 460 1311 cabatur
474 1300 484 1310 .

408 1325 467 1363 Ad
480 1323 800 1364 Circumcifionem
814 1328 914 1376 quod
930 1330 1055 1364 attinet
1073 1355 1082 1371 ‚
1096 1338 1257 1376 quatuor

305 1375 386 1413 sunt
398 1387 559 1424 tempora
574 1378 826 1423 distinguenda
844 1405 852 1414 .
881 1381 951 1416 Pro
971 1381 1088 1426 primo
1103 1389 1178 1414 erat
1196 1392 1258 1414 ne·

307 1427 452 1464 ceffaria
467 1440 477 1462 ι
494 1439 559 1474 pro
572 1428 727 1464 secundo
741 1431 838 1465 utilis
855 1457 868 1472 ,
880 1442 950 1464 non
965 1427 1150 1465 necessaria
1168 1443 1177 1465 ε
1192 1441 1259 1475 pro

309 1479 419 1514 tertio
436 1484 501 1513 nec
526 1480 625 1515 utilis
641 1507 651 1522 ,
674 1493 739 1517 nec
769 1481 956 1516 neceffaria
973 1506 983 1521 ‚
1004 1480 1256 1517 ramenlicita:

309 1541 377 1577 pro
393 1538 527 1574 quarto
543 1531 692 1565 omnino
707 1531 828 1566 illicita
844 1558 853 1572 ,
867 1532 898 1567 8(
915 1530 1122 1566 mortifer-au

411 1581 454 1615 Et
482 1580 636 1627 primum
671 1582 816 1629 quidem
842 1581 1139 1616 circumcisionis
1169 1592 1260 1618 tem-

310 1642 377 1678 pus
393 1657 411 1673 ‚.
421 1641 619 1678 utrumque
633 1631 800 1678 Baptismi
818 1643 959 1676 tempus
973 1632 1142 1677 praeceffit
1156 1662 1164 1669 .
1196 1634 1261 1672 Se-

312 1681 470 1716 cundum
513 1691 655 1729 tempus
694 1682 989 1718 Circumcilionis
1011 1685 1259 1720 comitabatur

312 1735 464 1780 primum
489 1741 632 1778 tempus
655 1733 826 1776 Baptismi
849 1758 858 1767 .
890 1736 987 1771 Nam
1015 1745 1056 1768 ex
1085 1747 1160 1781 quo
1187 1734 1261 1782 pri-

311 1794 409 1818 mum
439 1779 690 1821 consulebatur
705 1783 905 1828 Baptismus
928 1796 998 1818 non
1015 1784 1080 1818 fuit
1094 1787 1261 1820 s'ircum-

311 1833 397 1868 cisso
410 1830 601 1870 neceffaria
626 1836 761 1871 volenti
785 1834 961 1880 baptizari
975 1847 992 1874 3*
1013 1844 1052 1867 ut
1066 1834 1262 1871 deducium

309 1884 379 1921 fuit
399 1883 502 1930 supra
521 1894 648 1922 contra
666 1887 815 1934 primam
834 1886 1041 1928 opinionem
1060 1910 1070 1921 .
1087 1887 1194 1920 Tunc
1208 1898 1264 1920 er·

307 1946 357 1982 go
369 1933 530 1971 cucurrit
545 1959 557 1977 ,
589 1936 624 1972 8<
643 1938 758 1973 valuit
776 1947 973 1982 utrumque
991 1936 1185 1972 remedium
1198 1935 1263 1973 sub

309 1985 574 2027 dissunffione,
600 1987 801 2034 utJudaeus
826 1986 973 2031 eligeret
1000 1987 1264 2033 Quodcumque

307 2037 442 2072 vellet.
468 2035 589 2072 Licuit
615 2039 706 2074 enim
725 2065 734 2079 ‚
758 2040 791 2074 8<
808 2037 944 2086 profuit
973 2036 1037 2073 fibi
1053 2037 1263 2073 circumcidi

309 2087 334 2123 fi
350 2087 468 2122 voluit
482 2089 499 2132 ζ
513 2098 577 2122 nec
594 2089 687 2124 enim
705 2099 778 2125 erat
796 2099 883 2124 tunc
901 2099 1067 2124 revocata
1086 2100 1264 2135 quantum

309 2138 354 2174 ad
366 2138 454 2174 utile
468 2164 479 2179 ‚
507 2148 571 2172 nec
584 2149 762 2185 quantum
780 2139 821 2174 ad
836 2139 976 2175 licitum
994 2142 1013 2184 )
1035 2139 1136 2174 licuit
1151 2141 1263 2175 etiam

308 2189 372 2225 fibi
389 2214 400 2229 ,
418 2189 491 2225 imo
507 2187 688 2226 laudabile
701 2190 773 2227 fuit
788 2190 970 2237 baptizari
987 2203 998 2231 ς
1014 2189 1125 2235 idque
1143 2189 1267 2226 admo-

311 2240 398 2275 dum
427 2249 631 2286 congtuum
658 2240 752 2284 fuit,
779 2251 819 2276 ut
841 2251 1006 2286 tempore
1030 2241 1148 2276 medio
1172 2241 1267 2276 inter

313 2290 403 2326 duas
420 2289 516 2335 leges
531 2314 541 2330 ‚
555 2301 638 2325 cum
655 2301 726 2325 non
743 2291 862 2326 subito
878 2291 994 2337 prlmo
1011 2291 1152 2325 tollitur
1167 2317 1176 2332 ‚
1201 2301 1267 2325 nec

313 2340 469 2377 secunda
481 2338 656 2375 servanda
672 2341 884 2387 imponitur,
899 2341 976 2380 illo,
995 2339 1143 2385 inquam
1155 2363 1167 2382 ‚
1178 2351 1268 2376 tem·-

310 2402 398 2439 pore
416 2390 515 2425 simul
529 2399 679 2425 currunt
697 2392 809 2427 ambae
825 2389 889 2425 sub
904 2389 1144 2426 di-fiune'tione
1159 2415 1168 2425 .

415 2440 582 2477 Tertium
597 2451 715 2476 autem
734 2451 874 2488 tempus
892 2439 1190 2477 Circumcifinnis
1206 2452 1266 2477 cu,

315 2493 428 2527 currit
442 2500 523 2526 cum
554 2488 710 2526 secundo
724 2503 884 2540 tempore
900 2490 1069 2539 Baptismi
1088 2505 1100 2532 ;
1126 2491 1265 2539 idque,

316 2549 494 2589 quantum
524 2540 568 2576 ad
585 2539 733 2586 judaeos
759 2569 769 2584 ‚
801 2541 916 2589 usque
944 2543 985 2578 ad
1011 2542 1098 2577 illud
1123 2553 1266 2589 tempus

319 2594 444 2633 Pauli,
469 2590 511 2626 dc
527 2603 603 2638 quo
620 2591 737 2627 aetum
756 2619 767 2636 ,
795 2593 1038 2639 expendentes
1052 2594 1198 2629 tertium
1212 2592 1268 2627 as-

317 2642 446 2680 sertum
463 2641 642 2688 opinionis
671 2643 902 2690 praecedentis
921 2669 929 2678 .
956 2644 1034 2679 imo
1047 2643 1267 2680 verisimile,

320 2694 392 2736 est,
416 2692 516 2740 quod
533 2693 639 2728 etiam
657 2694 745 2731 ultra
763 2694 796 2730 id
812 2704 978 2743 tempus;
994 2698 1092 2732 Nam
1105 2705 1266 2739 tempore

320 2743 582 2792 purificationis
612 2745 712 2780 Pauli
738 2745 954 2781 videbantur
978 2747 1107 2782 fratres
1125 2746 1159 2780 in
1181 2744 1268 2781 Hie-

320 2794 507 2843 rosolymis
534 2797 688 2842 approba
697 2807 731 2831 re
763 2796 1027 2832 observantiam
1055 2795 1141 2845 legis
1161 2822 1169 2831 .
1196 2794 1268 2832 Sed

319 2857 499 2893 quantum
528 2845 570 2879 ad
589 2845 754 2882 Gentiles
771 2849 981 2893 recipientes
1007 2845 1242 2893 Evangelium
1257 2871 1269 2888 ,

320 2899 353 2933 &
370 2896 474 2932 sidem
488 2894 644 2937 Christi,
658 2895 850 2933 secundun.-
866 2909 1008 2946 tempus
1022 2897 1193 2946 Baptismi
1211 2923 1223 2938 ,
1235 2898 1269 2932 8(

323 2958 493 2993 quartum
509 2947 807 2983 Circumcifionis
826 2947 923 2984 simul
941 2959 1167 2986 concurrunt
1183 2974 1192 2989 ‚
1207 2945 1271 2982 sal-

314 3009 389 3033 tem
405 2996 482 3044 post
495 2997 771 3043 quatuordecim
792 3010 903 3033 annos
922 3011 939 3033 a
953 3000 1107 3048 passione
1118 2999 1175 3034 Ch
1184 2997 1270 3040 tilii,

319 3049 374 3084 vel
394 3049 562 3086 circiter:
584 3050 729 3095 quando
745 3047 878 3084 scilicet
896 3050 1031 3087 Paulus
1046 3049 1272 3097 ascendirJe-

320 3098 534 3146 rosolymam
562 3100 605 3134 ad
620 3099 785 3137 Seniores
801 3125 811 3141 ,
841 3099 943 3147 super
965 3101 1021 3136 illa
1041 3099 1265 3147 quaestionQ

320 3150 508 3185 consulens
524 3174 534 3189 ,
550 3149 594 3184 de
608 3161 679 3196 qua
695 3150 850 3186 haberur
865 3151 1029 3187 Afluum
1043 3159 1116 3198 cap.
1136 3159 1176 3194 ις
1208 3151 1271 3185 ubi

320 3199 438 3246 primo
459 3200 587 3245 allegat
615 3199 741 3235 Petrus
770 3199 902 3235 faffium
919 3201 1106 3242 Cornelii,
1129 3201 1170 3235 de
1195 3211 1270 3237 ouo

323 3251 488 3287 Asinum
506 3262 562 3285 ιο.
578 3252 611 3286 8(
627 3250 924 3298 deindeJacobus
937 3261 1110 3298 tanquam
1129 3249 1272 3296 Episco-

327 3310 394 3345 pus
412 3298 719 3349 jerosolymorum
743 3301 877 3349 profert
904 3301 1116 3338 sententiam
1146 3301 1270 3336 dicens

327 3348 525 3394 Egojudico
550 3363 614 3388 που
637 3352 833 3399 inquietari
862 3362 914 3388 eos
934 3379 944 3394 ‚
968 3353 1032 3400 qui
1055 3353 1273 3398 exgentibus

329 3401 643 3436 convcrtmsturad
655 3401 774 3437 Deum
792 3428 802 3444 ,
823 3400 1053 3448 sedscribere
1068 3403 1114 3438 ad
1128 3414 1181 3438 eos
1195 3429 1206 3445 ,
1231 3410 1274 3438 ut

331 3447 523 3491 abstineant
537 3448 974 3493 seacontaminatiombus
992 3453 1069 3494 &cu
1093 3454 1125 3489 8(
1149 3451 1191 3488 de
1205 3453 1272 3488 illis

329 3510 512 3546 quatuor,
527 3502 600 3534 duo
616 3499 744 3536 scilicet
761 3528 771 3543 ‚
795 3501 968 3539 abstinere
981 3506 1026 3538 ab
1042 3503 1244 3540 idololatria
1262 3529 1274 3546 ,

332 3551 366 3584 8(
383 3549 621 3584 fornicatione
633 3576 644 3592 ,
659 3551 762 3597 plane
778 3563 877 3587 erant
891 3555 939 3589 eis
954 3553 1142 3589 necessaria
1160 3553 1204 3587 ad
1220 3552 1271 3587 sa-

333 3601 444 3635 lutem
461 3600 595 3633 idcirco
618 3611 735 3635 autem
753 3613 971 3649 putaverunt
996 3616 1055 3639 cos
1078 3603 1190 3639 dehis
1207 3603 1275 3640 effe

334 3650 711 3685 commone-faciendos
741 3678 750 3691 ‚
779 3654 862 3697 quia
885 3654 929 3690 de
955 3654 1087 3689 talibus
1109 3655 1274 3691 Gentiles

335 3701 452 3735 minus
468 3701 641 3735 curabant
654 3725 662 3735 .
675 3701 742 3738 Sed
759 3703 824 3737 alia
843 3703 916 3738 duo
928 3730 938 3746 ,
961 3716 1087 3750 nempe
1102 3702 1276 3750 abstinere

333 3748 528 3795 asrtffizcato
543 3777 551 3791 ,
569 3751 612 3791 ἐφ’
624 3750 826 3798 afflamine
837 3780 847 3795 ‚
862 3765 931 3789 non
948 3765 1046 3790 erant
1061 3754 1206 3802 perinde
1218 3767 1278 3792 nc.

332 3801 472 3835 ccilaria
495 3828 505 3845 2
527 3800 582 3835 sed
599 3801 791 3837 admodum
808 3807 1056 3850 congruebat,
1083 3815 1122 3841 ut
1137 3805 1281 3844 Gentes

437 3851 531 3885 Ἱῑιῃκ.
552 3851 618 3886 Ill.

2116 161 2137 201 3
2149 161 2176 204 7
2192 160 2207 190 1

1338 209 1520 247 conversae
1543 208 1584 242 ad
1604 209 1709 243 fidem
1726 210 1771 244 ab
1786 209 1843 244 his
1857 209 2073 246 abstinerent
2087 237 2097 252 ‚
2124 224 2164 246 ne
2176 209 2283 246 essent

1338 258 1742 306 abominabilesJudaeis
1757 283 1768 294 .
1788 258 1902 294 Sicuti
1929 262 1961 295 in
1989 261 2157 296 societate
2170 264 2284 298 bene>

1339 311 1444 345 decet
1457 320 1496 344 ut
1509 309 1619 344 homo
1632 308 1805 344 abstineat
1819 321 1837 343 a
1851 311 2065 354 quibusdam
2080 338 2089 352 ‚
2107 323 2188 357 quae
2203 311 2282 346 sunt

1339 361 1446 396 sociis
1458 361 1712 396 abominabilia
1729 383 1742 399 ,
1764 358 1837 394 esto
1849 360 2051 406 fimpliciter
2064 363 2187 397 illicita
2212 373 2282 396 non

1339 412 1404 448 sint
1419 439 1428 447 .
1444 409 1653 449 Secundum
1670 411 1791 457 itaque
1806 419 1948 455 tempus
1966 410 2138 456 Baptismi
2157 425 2174 446 a
2192 412 2284 459 prin.

1338 464 1437 510 cipio
1454 462 1665 498 suiomnino
1686 459 1842 497 reddidit
1868 460 2190 497 Circumcilionem
2217 461 2285 495 illi-

1336 514 1443 550 citam
1465 510 1627 558 respec‘tu
1642 512 1800 557 gentium
1822 510 1865 545 ad
1881 509 2064 546 Christum
2093 510 2288 547 conversa-

1337 576 1439 602 rum:
1465 572 1527 597 aut
1543 561 1663 597 saltem
1682 560 1760 608 post
1775 571 1918 608 tempus
1945 560 2042 597 tertii
2057 561 2284 607 ConciliiJe-

1336 614 1525 663 rosolymis
1541 613 1653 648 habiti
1668 639 1679 655 ‚
1696 614 1730 646 in
1749 623 1824 658 quo
1840 611 2019 646 decretum
2037 611 2087 648 est
2101 638 2111 651 ,
2127 613 2214 657 legis
2227 610 2285 655 ju.

1336 679 1421 713 gum
1451 676 1520 701 non
1536 665 1666 699 debere
1694 663 1828 709 imponi
1842 662 2038 706 gentibus,
2058 673 2139 708 quse
2168 664 2282 698 Evan-

1335 719 1470 763 gelium
1490 725 1702 762 receperunt
1717 740 1727 754 ‚
1743 712 1884 747 decimo
1899 724 2031 758 quarto
2044 740 2054 756 ‚
2079 713 2132 747 vel
2145 712 2285 748 decimo

1339 769 1469 815 quinto
1483 778 1576 802 anno
1592 763 1668 812 post
1682 763 1818 799 Christi
1832 763 2043 809 passionem.

1440 816 1701 853 Verumtamen
1718 813 1987 860 quoadJudeos
2001 814 2045 848 ad
2060 812 2164 849 sidem
2178 813 2288 849 Chri-

1336 868 1379 905 sti
1393 867 1583 905 conversos
1601 893 1612 908 ‚
1639 864 1833 901 secundum
1849 863 2018 911 Baptismi
2031 876 2196 912 tempus,
2222 876 2288 900 nec

1341 932 1360 954 a
1377 918 1557 966 principio
1587 917 1666 957 fui,
1689 927 1754 951 nec
1780 913 1857 961 post
1883 915 2091 952 Concilium
2115 915 2203 950 illud
2217 926 2289 950 ter-

1337 971 1428 1005 tium
1447 967 1715 1016 Apostolorum
1733 992 1745 1007 ‚
1775 965 1927 1001 exclusit
1956 967 2105 1002 omnino
2120 967 2290 1002 Circum-

1338 1019 1507 1056 cifionem
1524 1028 1697 1063 tanquam
1710 1016 1869 1051 illicitam
1888 1028 1900 1056 3
1918 1028 1982 1051 nec
1996 1017 2122 1062 legalia
2138 1028 2265 1052 caetera
2277 1043 2290 1060 ‚

1337 1070 1412 1107 imo
1422 1070 1538 1106 multo
1550 1068 1626 1115 post
1643 1077 1805 1113 tempore
1818 1064 1911 1101 licite
1926 1065 2212 1103 observabantur
2227 1093 2236 1102 .

1441 1121 1674 1166 Argumenta
1688 1144 1698 1158 ,
1713 1118 1850 1162 quibus
1862 1117 1988 1152 nititur
1999 1119 2194 1164 precedens
2207 1120 2284 1165 opt-

1338 1173 1421 1214 nie,
1445 1171 1561 1207 facilis
1577 1169 1657 1205 sunt
1675 1167 1890 1207 solutionis3
1916 1167 1950 1202 8(
1966 1167 2009 1201 ad
2021 1171 2174 1215 primum
2190 1180 2286 1217 patet

1338 1220 1519 1271 responsio
1549 1233 1594 1257 cx
1611 1219 1716 1255 dietis
1733 1244 1742 1253 .
1768 1222 1863 1256 Nam
1880 1229 1964 1252 cum
1986 1219 2150 1264 arguitur
2168 1246 2178 1261 ‚
2202 1220 2286 1255 Cir-

1337 1272 1508 1310 cumcisto
1525 1270 1677 1308 nonfuit
1693 1279 1862 1305 revocata
1877 1278 1959 1303 ante
1974 1281 2123 1305 mortem
2136 1268 2286 1306 Christi.

1339 1324 1474 1362 Verum
1488 1322 1537 1359 est
1552 1349 1565 1366 ,
1589 1333 1659 1357 non
1686 1320 1790 1358 fuisse
1813 1328 2018 1356 revocatam
2049 1322 2162 1356 veluti
2177 1323 2288 1356 inuti·

1340 1376 1410 1412 lem
1427 1373 1732 1421 atqueillicitam3
1756 1372 1824 1408 fuit
1838 1382 1959 1406 tamen
1982 1370 2142 1407 relaxata
2159 1369 2286 1414 utiam

1340 1439 1412 1463 non
1429 1425 1511 1462 effer
1530 1423 1744 1459 neceffaria:
1766 1423 1852 1470 quia
1866 1420 2052 1456 confilium
2075 1421 2289 1470 suscipiendi

1341 1477 1438 1514 aliud
1454 1475 1651 1513 remedium
1665 1500 1676 1516 ‚
1697 1474 1837 1511 relaxat
1852 1482 2071 1522 praeccptum
2093 1473 2137 1509 de
2154 1476 2265 1521 priori
2282 1500 2291 1509 .

1341 1531 1397 1565 Ex
1413 1540 1490 1576 quo
1510 1527 1606 1563 enim
1629 1523 1821 1561 secundum
1849 1523 1971 1561 extitit
1996 1523 2193 1561 remedium
2215 1525 2294 1561 fim-

1342 1580 1481 1627 pliciter
1500 1605 1509 1620 ‚
1539 1576 1573 1611 8(
1593 1574 1846 1612 consulebatur
1862 1601 1874 1619 ‚
1897 1573 1999 1610 licuit
2015 1576 2087 1609 imo
2105 1575 2296 1612 laudabili-

1343 1640 1398 1666 ter
1411 1631 1512 1665 licuit
1529 1653 1540 1668 ‚
1565 1637 1636 1661 non
1652 1627 1706 1661 uti
1724 1627 1882 1663 remedio
1899 1626 2010 1673 priori
2028 1649 2040 1666 ‚
2057 1625 2099 1660 ad
2114 1627 2297 1673 depellen-

1342 1681 1427 1716 dum
1444 1677 1620 1723 originale
1631 1687 1824 1725 peccatum
1840 1705 1847 1713 .

1447 1731 1505 1767 Ad
1522 1726 1610 1763 illud
1626 1729 1736 1774 Joan.
1757 1740 1815 1776 ¹9·
1840 1727 2092 1776 Confitmatum
2117 1727 2165 1776 est
2181 1754 2193 1766 .
2224 1729 2299 1764 Re-

1347 1780 1506 1830 spondeo
1522 1778 1557 1814 id
1572 1778 1844 1824 intelligendum
1858 1779 1925 1815 effe
1938 1779 1982 1814 de
2000 1780 2053 1814 his
2066 1791 2148 1824 quae
2167 1778 2295 1824 scripta

1344 1843 1445 1869 erant
1467 1831 1510 1867 dc
1528 1831 1601 1865 vita
1617 1855 1629 1870 ,
1650 1828 1803 1876 pastione
1821 1856 1832 1871 ‚
1856 1829 1890 1865 8(
1910 1840 2025 1865 morte
2045 1828 2296 1876 Christijuxta

1345 1883 1434 1919 illud
1449 1884 1558 1919 lucae
1577 1880 1634 1916 18.
1661 1880 1753 1917 Ecce
1776 1878 1991 1926 ascendimus
2018 1879 2270 1932 Jerofhlymam
2286 1906 2297 1921 ,

1342 1933 1387 1972 ἐφ’
1412 1930 1716 1976 eodumabuntur
1739 1933 1852 1967 omnia
1875 1944 1951 1977 quae
1974 1930 2107 1980 scripta
2124 1929 2214 1979 sunt
2234 1937 2301 1978 per

1347 1982 1551 2031 ‘Prophetas
1564 1982 1608 2017 de
1626 1981 1715 2018 Filio
1728 1981 1878 2019 hominis
1895 2009 1903 2018 .
1931 1982 2044 2031 Quod
2061 1982 2082 2018 fi
2102 1981 2301 2018 contendas

1344 2033 1575 2070 referendum
1600 2032 1643 2068 ad
1665 2033 1851 2079 antiquam
1880 2035 2019 2077 legem,
2047 2032 2301 2076 dicointelligi

1344 2085 1477 2121 debere
1495 2083 1544 2120 Tc>
1555 2083 1833 2131 confitmmamtm
1849 2082 1897 2130 est
1913 2086 1949 2119 in
1972 2083 2075 2119 causa
2091 2096 2103 2123 3
2125 2082 2301 2130 siquidem

1345 2135 1484 2172 Christi
1523 2145 1618 2170 mors
1660 2132 1764 2170 causa
1789 2146 1864 2170 erat
1899 2133 2182 2170 confirmationis
2214 2134 2302 2179 legis

1345 2187 1590 2232 evangelicae:
1621 2184 1676 2221 sed
1701 2186 1763 2221 illa
1797 2197 1869 2220 non
1896 2186 1966 2221 fuit
1993 2184 2201 2221 confirmata
2222 2194 2302 2219 tan-

1343 2252 1452 2285 quam
1476 2235 1669 2272 necefl'aria
1686 2236 1729 2271 ad
1745 2235 2013 2273 observandum
2033 2247 2116 2272 ante
2132 2234 2302 2284 praedica-

1345 2292 1480 2326 tionem
1494 2287 1576 2333 ejus
1592 2287 1775 2331 publicam
1792 2301 1800 2322 :
1814 2300 1850 2324 ea
1869 2299 1988 2324 autem
2000 2287 2211 2334 praedicatio
2227 2297 2301 2321 non

1344 2340 1491 2386 incoepit
1518 2340 1553 2374 in
1567 2336 1725 2372 Paffione
1743 2333 1801 2372 sed
1822 2339 1857 2373 in
1875 2337 2084 2374 Pentecoste
2104 2351 2116 2371 ε
2138 2348 2301 2385 tempore

1346 2391 1439 2427 enim
1455 2387 1671 2425 intermedio
1702 2385 1918 2424 sederuntin
1935 2387 2138 2424 Coenaculo
2162 2387 2298 2424 nemini

1347 2441 1550 2477 solemniter
1566 2464 1578 2480 ,
1595 2439 1652 2474 vel
1668 2439 1812 2486 publice
1826 2438 2061 2487 praedicantes
2074 2465 2083 2474 .

1449 2490 1507 2528 Ad
1531 2501 1745 2535 argumenta
1772 2515 1780 2525 .
1810 2491 1867 2528 Ad
1890 2489 2046 2536 primum
2072 2488 2292 2537 respondeO.

1346 2542 1424 2578 Lex
1440 2540 1614 2589 Mosayca
1625 2540 1936 2589 complectebatur
1952 2543 2097 2577 moralia
2112 2567 2123 2583 ,
2137 2538 2295 2587 judicia-

1346 2594 1393 2629 lia
1409 2620 1418 2634 ‚
1447 2594 1479 2628 8<
1496 2593 1756 2628 caeremonialia
1770 2617 1781 2633 ,
1808 2594 1840 2629 8<
1853 2603 2031 2640 quantum
2047 2591 2089 2626 ad
2107 2590 2299 2638 quodlibet

1346 2643 1497 2680 istorum
1514 2670 1526 2686 ,
1549 2643 1700 2688 intelligi
1719 2645 1833 2691 potest
1850 2644 2002 2678 verbum
2021 2642 2156 2679 Christi
2172 2669 2182 2684 ‚
2208 2641 2299 2677 Non

1347 2692 1574 2740 venifilvere
1587 2693 1696 2740 legem
1712 2723 1722 2738 ,
1731 2693 1800 2741 sed
1810 2694 2004 2741 adimplere
2020 2720 2028 2729 .
2047 2695 2087 2729 Et
2102 2703 2211 2742 porro
2227 2690 2300 2725 De-

1348 2747 1498 2791 calogus
1511 2745 1716 2792 {impliciter
1733 2758 1880 2782 manens
1892 2744 2085 2792 perfeffius
2107 2742 2301 2792 exponitur

1348 2798 1382 2832 in
1403 2798 1485 2841 lege
1500 2796 1717 2841 Evangclica
1735 2823 1746 2839 ,
1772 2809 1812 2832 ac
1830 2796 1949 2845 Judaei
1967 2796 2235 2841 intelligerent,
2260 2803 2300 2826 tlt

1348 2848 1467 2893 liquet
1485 2846 1649 2882 Matthaei
1664 2856 1698 2891 ς.
1712 2847 1889 2895 Audistis
1904 2873 1914 2888 ,
1931 2847 2017 2890 quia
2032 2846 2162 2882 (Ιίῗῗιῃη
2176 2845 2227 2880 efi‘
2239 2852 2302 2876 an-

1347 2901 1459 2945 tiques
1474 2910 1486 2937 3
1499 2897 1592 2933 Non
1606 2898 1752 2941 occidc53
1765 2911 1824 2945 ego
1840 2907 1958 2933 autem
1975 2898 2052 2931 dico
2070 2898 2167 2934 vohis
2181 2923 2190 2937 ‚
2205 2894 2304 2944 Q-

1346 2960 1494 2995 cumque
1511 2947 1768 2989 direritfratri
1781 2950 1848 2997 fito
1870 2948 1995 2985 Racha
2020 2946 2093 2984 &a
2113 2950 2146 2983 Β(
2170 2973 2180 2987 ,
2209 2949 2302 2982 Non

1346 2999 1571 3036 maechaberis
1584 2999 1658 3036 &a
1677 3000 1750 3046 Ego
1761 3009 1882 3038 autem
1893 2998 1970 3033 dico
1981 2999 2077 3034 vobis
2095 3025 2104 3039 ‚
2129 2998 2300 3045 Quicum.

1346 3063 1415 3097 que
1432 3048 1572 3085 viderit
1598 3051 1784 3087 muliorem
1804 3051 1853 3086 ad
1866 3047 2172 3096 concupiſset-:dum
2195 3059 2271 3083 cam
2288 3072 2299 3087 ,

1344 3100 1422 3148 jam
1438 3100 1626 3136 maechatus
1638 3101 1686 3146 est
1697 3113 1773 3137 eam
1786 3103 1825 3136 in
1839 3099 2010 3147 cordefizo
2027 3125 2033 3133 .

1443 3150 1638 3197 judicialia
1664 3163 1753 3186 vero
1779 3160 1922 3187 manent
1949 3162 2020 3185 non
2047 3151 2079 3184 in
2105 3148 2138 3183 se
2155 3173 2166 3191 ,
2190 3146 2246 3182 std
2265 3149 2300 3180 in

1348 3201 1606 3247 aequipollente
1620 3213 1799 3247 quantum
1817 3201 1858 3235 ad
1876 3200 1981 3236 finem
2001 3227 2008 3235 .
2023 3201 2118 3235 sinis
2136 3200 2229 3234 enim
2242 3196 2301 3243 ju-

1346 3251 1529 3287 dicialium
1552 3262 1628 3286 erat
1658 3251 1806 3298 pacifica
1835 3251 2060 3286 cohabitatio
2086 3251 2300 3285 hominum:

1348 3302 1399 3338 At
1411 3313 1528 3338 mores
1543 3303 1744 3347 evangelici
1763 3304 1842 3349 plus
1862 3303 1983 3339 valent
2000 3302 2040 3337 ad
2055 3300 2201 3348 pacifice
2215 3311 2301 3333 con-

1349 3352 1572 3396 vivendum,
1600 3364 1711 3397 quam
1740 3355 1795 3389 lex
1815 3352 1987 3389 talionis:
2019 3353 2139 3398 Magis
2164 3352 2299 3397 quippe

1349 3402 1511 3439 servatur
1528 3415 1600 3454 pax
1616 3431 1627 3446 ,
1643 3404 1664 3439 st
1684 3416 1755 3439 non
1773 3407 1992 3451 repercutias
2011 3404 2271 3451 percutientem
2288 3426 2299 3440 ‚

1348 3453 1564 3490 acfioculus
1590 3466 1656 3502 pro
1668 3455 1777 3490 oculo
1792 3481 1802 3496 ,
1831 3455 1865 3491 8<
1882 3455 1968 3491 dens
1994 3467 2059 3502 pto
2089 3453 2197 3488 dente
2221 3448 2300 3485 red-

1349 3505 1456 3541 datur
1473 3531 1483 3542 .
1507 3507 1659 3542 Nullum
1678 3516 1871 3554 propterea
1884 3505 2056 3552 judiciale
2077 3505 2173 3541 illius
2188 3501 2274 3548 legis
2288 3528 2299 3544 ,

1353 3565 1534 3603 quatenus
1553 3557 1648 3592 illius
1665 3555 1772 3601 legis,
1792 3556 1877 3602 ligat
1895 3569 1991 3594 nunc
2005 3584 2016 3600 ‚
2032 3558 2168 3593 licitum
2182 3553 2230 3590 est
2245 3562 2299 3586 ta-

1349 3618 1429 3642 men
1444 3606 1676 3653 Principibus
1689 3617 1784 3642 nunc
1794 3607 1914 3653 aliqua
1930 3607 2081 3645 statuere
2093 3635 2103 3651 ,
2115 3618 2187 3653 quc²
2202 3614 2300 3640 crant

1352 3659 1386 3693 in
1415 3657 1490 3700 lege
1519 3656 1665 3705 Moyfi;
1691 3669 1808 3704 caque
1829 3657 2094 3704 obstringerent
2116 3658 2157 3694 ad
2175 3666 2299 3693 corum

1350 3707 1614 3744 observantiam
1633 3707 1850 3742 auetoritare
1864 3707 2040 3756 Principis
2054 3735 2062 3749 ‚
2079 3709 2126 3744 ita
2147 3706 2301 3743 statuen-

1351 3759 1398 3794 tis
1412 3783 1420 3798 ,
1445 3767 1514 3790 non
1532 3757 1750 3792 auetoritatc
1769 3759 1899 3793 veteris
1917 3759 2004 3802 legis
2017 3785 2025 3793 .
2052 3759 2301 3806 Quemadmo-

1352 3809 1438 3843 dum
1454 3806 1533 3841 licet
1552 3807 1614 3841 uni
1630 3807 1721 3853 Regi
1737 3808 1770 3842 in
1788 3806 1850 3841 suo
1866 3810 1992 3853 Regno
2010 3808 2159 3845 statuere
2174 3815 2304 3857 legem,

1713 3858 1743 3893 Α
1763 3869 1780 3890 «Ί
1800 3870 1816 3890 «Ἰ
1850 3867 1867 3890 2
2174 3876 2254 3909 qua:

2328 1133 2439 1163 Solutio
2452 1142 2534 1173 argu*-

2327 1182 2490 1202 mentorum

2325 1220 2422 1248 prtmae
2462 1212 2538 1250 Opi-

2325 1259 2418 1279 monis
2430 1268 2439 1278 .

2362 1339 2394 1368 In
2439 1341 2541 1375 Christi

2322 1387 2416 1407 nlorte
2490 1392 2546 1414 non

2329 1417 2382 1445 fuit
2408 1427 2543 1452 evacuata

2331 1456 2518 1488 circumcisio
2531 1480 2541 1496 ‚

2332 1493 2378 1524 scd
2395 1496 2521 1528 relaxata
2535 1520 2544 1529 .

2388 1736 2546 1774 Explicatio

2336 1774 2414 1802 verbi
2450 1777 2547 1807 Salva-

2337 1814 2404 1841 totis
2449 1817 2546 1855 Consu-

2336 1855 2507 1892 matumest.

2336 2496 2488 2535 Singularis
2499 2504 2552 2528 exa

2337 2537 2454 2574 plicatio
2472 2538 2549 2568 verbi

2338 2574 2439 2605 Christi
2493 2586 2549 2605 non

2337 2614 2407 2642 veni
2428 2615 2549 2653 legent-³

2332 2652 2440 2692 solvere
2498 2653 2550 2690 sed

2337 2691 2490 2729 adimplere
2502 2711 2511 2719 .

2341 3132 2385 3160 De
2418 3131 2548 3166 judicaria

2341 3169 2488 3200 cessatione
2502 3191 2509 3199 .

2341 3509 2452 3540 Poiient
2472 3512 2552 3540 Prin-

2340 3550 2555 3588 cipesChrriiia..

2342 3590 2371 3617 ni
2418 3590 2551 3617 mandare

2342 3626 2459 3656 subditis
2483 3630 2552 3654 cort]

2344 3674 2375 3694 ut
2412 3669 2553 3694 ltrvarcnt

2342 3704 2556 3741 qumdamjutlr-

2342 3741 2426 3769 ciali-1
2486 3743 2527 3781 ch·

2343 3781 2473 3809 Mos-tica.-
2487 3800 2496 3807 .
