2628 4011
63 1341 110 1372 'Ad
127 1343 185 1373 haee
205 1346 263 1376 res-

60 1382 265 1420 pdderBonav.

61 1427 93 1446 2.
119 1420 180 1458 dist.
218 1432 265 1454 ι..

59 1466 118 1486 nrt-
153 1469 177 1488 t.
197 1472 224 1498 q.
240 1473 265 1490 ι.

59 1496 115 1525 Sed
129 1497 193 1527 vide
217 1510 266 1530 ex-

60 1534 266 1571 positionem-2.

62 1573 263 1616 Magia-Lych.

55 2910 121 2939 Hoc
160 2917 259 2950 putant

57 2949 200 2987 probabi.e
212 2953 260 2979 Bo-

55 2997 125 3016 nav.
140 2994 174 3017 Θ·
186 2989 259 3026 ‘Ric-

54 3027 136 3054 hard.
147 3030 174 3055 8<
188 3028 205 3056 si
218 3028 265 3056 dt·-

54 3073 119 3092 cant
149 3075 263 3094 eontra-

53 3105 126 3131 riam
141 3113 257 3136 ουιιιιο-

56 3150 122 3169 nem
132 3142 182 3170 esse

55 3183 261 3217 communiori,

56 3226 260 3255 neganttamen

55 3265 170 3294 peccare
181 3268 261 3286 veni-

55 3294 134 3323 aliter
144 3296 260 3334 potuisse

58 3341 93 3361 ex
138 3335 261 3375 Surrcpt.

56 3371 132 3398 ione.
157 3373 221 3403 Hoc

54 3411 130 3437 enim
155 3421 260 3454 genere

54 3455 159 3484 peccati
200 3460 262 3489 pec.

54 3495 99 3514 ται
130 3487 218 3517 bomo

55 3532 169 3563 propter
181 3535 257 3556 natu-

52 3571 90 3590 rae
115 3567 257 3601 corrupti-

52 3609 139 3629 onem
152 3624 161 3631 .
173 3605 202 3631 ln
211 3613 258 3633 na.

669 120 827 167 Tamus
856 121 933 167 Ill.
959 123 1086 167 Part·
1119 120 1178 167 II.
1203 122 1393 194 Qaestio
1410 123 1669 172 LXXXIX.
1694 126 1882 174 Amul.

316 188 350 225 id
367 199 436 224 non
449 190 653 236 patiebatur
667 188 783 225 secum
815 189 908 226 illam
928 189 1140 224 itznocentiae
1156 191 1260 226 teeti-

314 238 481 276 tudinem
495 266 504 274 .

417 288 586 324 Praeterea
600 312 612 327 ,
639 286 816 334 Qandiu
844 288 936 323 vires
963 286 1167 335 superiores
1177 290 1256 326 ani-

315 351 381 375 mae
396 336 530 374 suntad
558 339 674 372 Deum
699 336 876 379 ordinatae
894 364 904 378 ‚
929 339 1025 374 nulla
1048 336 1114 374 effe
1138 339 1255 386 potest

314 388 554 436 obiiquitasin
570 386 801 422 inferioribus
814 388 952 427 viribus
968 414 977 423 .
993 392 1088 425 Nam
1113 401 1255 437 manen,

314 450 350 475 te
364 438 575 481 innocentia:
587 437 679 483 statu
694 464 705 480 ,
718 449 789 473 non
804 438 851 473 est
864 439 897 472 in
910 439 1138 475 inferioribus
1148 440 1255 475 deor-

312 489 474 530 dinati0,
495 486 555 522 nisi
570 487 687 534 primo
712 488 804 524 sitin
831 488 1076 536 superioribus
1101 515 1111 525 .
1136 491 1255 535 Igitur

313 551 375 585 per
386 537 542 587 primum
556 548 743 584 peccatum
762 541 926 587 oportuit
942 540 1123 576 induetam
1150 540 1254 577 fuisse

310 588 618 626 deordinationem
632 589 666 624 in
684 590 824 625 viribus
839 589 1080 637 superioribus
1101 604 1112 632 ;
1138 593 1254 627 omnis

309 650 428 675 autem
440 635 622 683 ejusmodi
637 639 865 676 deordinatio
891 642 1038 677 mortale
1063 653 1251 688 peceatum

308 688 481 724 extitisset
499 713 508 723 .

409 739 787 780 Contra,1nnoeentiae
801 741 1010 784 reStitudini
1022 742 1134 788 magis
1146 754 1252 788 repu-

307 799 396 835 gnat
411 789 559 826 mortale
573 802 761 835 peccatum
777 818 787 833 ,
810 805 918 838 quam
934 792 1074 831 veniale
1090 817 1100 826 .
1127 793 1251 828 Potuit

307 838 425 877 Adam
439 850 510 875 non
523 839 687 878 obstante
699 842 759 877 fibi
774 844 884 878 indita
897 841 1109 878 reffltudine
1124 854 1251 889 pecca·

308 900 346 926 re
361 891 505 926 mortali
522 902 669 936 peccato
686 906 697 933 ;
720 904 807 937 ergo
821 895 932 929 multo
949 895 1062 938 magis
1086 893 1156 928 labi
1182 905 1250 940 po..

307 942 376 977 tuit
392 942 429 976 in
444 942 578 977 veniale
593 968 605 983 ,
620 940 711 978 salva
725 943 786 979 sibi
801 943 1004 979 innocentia
1028 970 1040 978 .
1073 943 1249 988 Alioquin

307 991 492 1029 videretur
507 992 623 1028 minus
639 1004 841 1039 repugnare
858 993 1063 1029 reetitudini
1078 994 1248 1030 innocen-

305 1042 364 1078 τίω
377 1051 565 1090 peceatum
581 1044 718 1079 veniale
735 1071 745 1085 ,
759 1057 867 1091 quam
881 1045 1052 1086 mortale,
1069 1043 1090 1079 si
1106 1055 1250 1080 utrum·

305 1105 378 1143 que
390 1091 499 1138 ipsam
513 1094 656 1140 penitus
673 1095 905 1130 excluderet.

353 1167 356 1169 Δ
379 1143 540 1180 :Rursus
558 1170 567 1185 ‚
591 1144 650 1180 Ab
665 1156 828 1182 extremo
853 1147 887 1180 in
901 1155 1101 1181 extremum
1116 1158 1186 1181 non
1209 1144 1250 1182 fit

302 1193 473 1232 transitus
487 1195 546 1230 nifi
563 1207 623 1240 per
636 1198 809 1236 medinm3
826 1206 1012 1244 peccatum
1029 1196 1165 1231 veniale
1177 1209 1251 1231 me-

303 1243 399 1280 dium
418 1255 515 1285 tenet
532 1246 621 1280 inter
636 1245 863 1290 justitiam&
880 1258 1065 1295 peccatum
1084 1249 1246 1282 mortale.

391 1293 577 1344 ‚Denique
608 1304 779 1345 probatur
805 1300 851 1333 ita
875 1296 1026 1334 eveniffe
1049 1297 1092 1333 de
1128 1298 1248 1334 fabio.

306 1347 577 1384 Nam-scribens
599 1349 826 1394 Augustinus
841 1347 1021 1399 Xl.super
1033 1346 1249 1395 Gen.cap.5.

305 1397 397 1434 Non
411 1397 720 1444 estarbirrandum
735 1427 744 1439 ,
772 1403 890 1447 inquit
907 1428 918 1443 ,
937 1399 1030 1447 quod
1041 1399 1120 1446 effer
1142 1399 1252 1435 homi-

304 1459 380 1484 nem
398 1450 597 1496 ‹ieje-Harax
611 1459 747 1486 tentata
761 1478 770 1491 ‚
787 1451 850 1494 mfi
859 1448 1068 1499 praecepsset
1081 1463 1118 1484 m
1134 1452 1252 1485 anima

304 1499 455 1537 hamis-:is
465 1501 622 1547 qua-dam
645 1501 750 1536 elusio
760 1503 1033 1548 comprimenda:
1059 1501 1166 1535 elatio
1187 1513 1251 1536 au-

299 1562 369 1587 tem
387 1550 625 1598 dejeetioncm
652 1554 848 1594 praecedens
865 1578 876 1595 ‚
905 1566 984 1600 quae
1012 1551 1102 1587 faeta
1128 1550 1176 1587 est
1191 1563 1253 1598 per

301 1614 491 1649 peccatum
520 1603 667 1637 mortale
686 1629 696 1644 ‚
718 1602 783 1638 esse
801 1616 869 1638 non
884 1605 1001 1651 potuit
1022 1602 1083 1637 nis·
1110 1603 1250 1637 veniale

299 1664 501 1698 peccatum.
518 1652 674 1687 Videtur
686 1654 788 1688 etiam
803 1656 836 1689 in
850 1656 921 1690 Eva
941 1652 1041 1689 fuisse
1054 1653 1182 1696 aliquis
1198 1654 1253 1687 in-

299 1701 482 1738 fidelitatis
500 1713 620 1737 motus
638 1704 672 1737 in
699 1703 768 1737 boe
789 1705 887 1750 quod
905 1705 946 1739 de
960 1704 1076 1738 verbis
1103 1702 1252 1738 Domini

297 1753 480 1789 dubitavit
496 1754 615 1788 dicens
627 1753 670 1787 ad
688 1753 880 1799 serpentem
898 1754 1042 1800 nesorte
1058 1763 1255 1788 mortomar

299 1803 397 1839 Gen.
416 1814 447 1850 3,
476 1804 575 1850 quod
589 1805 712 1850 utique
728 1805 863 1840 veniale
889 1805 922 1838 in
937 1803 1006 1851 ipsa
1022 1801 1112 1844 fuit,
1139 1801 1253 1849 prius-

297 1863 405 1899 quam
424 1854 621 1890 moraliter
637 1866 699 1902 per
716 1855 990 1898 inobedientiam
1005 1863 1166 1902 peccaret
1185 1877 1195 1887 .

402 1903 618 1951 Respondeo
634 1931 644 1947 ‚
672 1904 822 1953 Propter
851 1915 1062 1951 argumenta
1082 1914 1252 1951 partem,

301 1956 504 2000 negativum
524 1953 703 1992 suadentia
719 1983 730 1998 ,
760 1957 905 2003 quidam
934 1957 1128 2003 opinantur
1152 1954 1252 1990 Ada-

300 2016 398 2041 mum
414 2005 490 2052 ipso
506 2006 541 2041 in
561 2006 776 2043 innocentiae
794 2007 884 2042 statu
911 2007 1098 2042 venialiter
1125 2015 1249 2052 pecca·

297 2066 337 2091 re
347 2057 491 2099 minime
504 2055 655 2102 potuisse
669 2083 680 2100 ,
703 2058 875 2105 siquidem
887 2058 967 2092 talis
992 2058 1098 2103 culpe
1114 2067 1183 2090 non
1197 2053 1247 2089 est

298 2104 470 2161 summam
494 2117 725 2154 corrumpere
745 2108 998 2145 reffitudinem
1016 2133 1027 2149 ,
1050 2118 1120 2153 qua
1137 2106 1248 2140 homo

299 2169 343 2192 eo
356 2158 390 2193 in
407 2157 499 2193 statu
513 2156 694 2194 felicitatis
711 2158 881 2206 praeditus
894 2170 968 2194 erat
985 2184 996 2200 ,
1025 2156 1082 2192 sed
1105 2167 1247 2192 tantum

297 2209 412 2256 eulpae
441 2208 631 2251 mortalis3
657 2212 744 2256 quia
769 2221 855 2254 ergo
884 2219 1117 2256 quacumque
1144 2207 1250 2242 deor-

296 2257 477 2297 dinatione
493 2258 602 2294 homo
626 2261 670 2296 ab
700 2262 801 2307 apice
817 2262 947 2295 innatae
978 2258 1047 2293 suae
1064 2256 1251 2294 reetitndt-

297 2310 353 2345 nis
369 2308 577 2350 excidisset,
605 2309 800 2346 necessario
817 2310 934 2357 'culpa
960 2308 1078 2343 omnis
1108 2308 1157 2343 illi
1178 2306 1249 2342 fuit

298 2361 457 2397 mortalis
472 2387 480 2394 .

401 2411 524 2447 Nobis
537 2408 612 2445 haec
639 2409 809 2447 sententia
831 2423 902 2448 non
930 2413 1128 2458 probatur.
1151 2404 1249 2443 Nam

299 2458 446 2505 justitiae
462 2461 648 2505 originalis
665 2461 799 2498 donum
817 2475 886 2498 non
904 2460 1150 2508 conjungebat
1168 2470 1250 2506 per·

297 2509 426 2546 feEIius
443 2513 570 2548 ultimo
583 2511 670 2554 fini,
692 2523 731 2546 ac
747 2513 883 2559 praestet
898 2524 992 2548 nunc
1006 2512 1136 2549 viatori
1149 2520 1250 2556 quae·

299 2573 457 2607 cumque
475 2563 585 2607 gratia
614 2574 756 2606 gratum
775 2563 928 2599 faciens:
953 2562 1007 2598 sed
1024 2574 1105 2599 cum
1133 2560 1251 2605 gratia

297 2623 529 2659 quacumque
547 2611 788 2648 sanetificame
806 2625 900 2648 nunc
930 2613 1017 2649 stare
1049 2611 1165 2660 potest
1190 2622 1247 2645 ve.

298 2663 405 2700 niale,
420 2663 528 2698 etism
544 2663 574 2697 in
590 2663 956 2710 perfeffiffimis‚unde
968 2665 1114 2711 joans.
1129 2672 1250 2707 cap.t.

297 2713 340 2751 si
357 2712 556 2748 dixerimus
568 2716 661 2760 quod
671 2723 853 2758 peccatum
878 2725 945 2749 non
974 2713 1141 2749 habemus
1158 2739 1167 2753 ‚
1193 2723 1251 2747 ηας

295 2762 601 2812 ipsbsseducimur
621 2775 631 2803 ;
657 2765 816 2809 igitur&
832 2764 948 2802 Adam
981 2766 1096 2811 potuit
1124 2773 1249 2810 pecca-

297 2814 384 2850 visse
397 2814 591 2850 venialiter
605 2816 693 2850 citra
720 2816 933 2852 innocentiae
958 2814 1019 2862 sue
1051 2815 1251 2850 detrimen-

297 2877 375 2903 tum
395 2891 405 2900 .

395 2916 534 2953 Deinde
547 2944 557 2959 ,
569 2914 813 2963 Supponendo
829 2927 938 2954 unum
953 2929 1106 2958 certum,
1118 2928 1245 2964 nempe

297 2969 415 3004 afturn
440 2969 597 3018 aliquem
632 2980 675 3002 ex
700 2977 827 3012 genere
853 2994 862 3008 ,
899 2980 938 3004 ur
965 2970 1116 3004 verbum
1149 2967 1245 3002 oiio-

299 3020 372 3055 sum
388 3045 397 3060 ‚
428 3029 489 3053 aut
507 3018 594 3065 quid
611 3018 720 3053 simile
735 3041 744 3056 ‚
768 3016 834 3051 effe
846 3030 1035 3063 peccatum
1066 3018 1207 3053 veniale
1229 3030 1241 3058 ;

298 3071 413 3116 Atqui
430 3069 545 3105 Adam
568 3069 686 3116 potuit
709 3069 742 3102 in
764 3066 941 3110 eiusmodi
967 3070 1084 3104 aetum
1108 3069 1241 3104 εκίτι,

299 3120 410 3155 otiose
438 3119 620 3167 loquendo
643 3130 724 3153 cum
747 3118 821 3152 Eva
855 3145 865 3160 ‚
900 3121 954 3155 vel
975 3132 1054 3154 cum
1080 3118 1240 3152 Diabolo

299 3170 522 3206 inhabitante
550 3170 744 3215 serpentem
775 3196 782 3203 .
817 3171 910 3214 Ergo
936 3181 1022 3205 tnnc
1051 3169 1239 3203 venialiter

300 3221 473 3267 peccasset
488 3247 497 3255 .
527 3220 644 3256 Αξὶιις
661 3220 752 3252 enim
768 3219 810 3254 de
824 3219 856 3254 se
872 3221 1020 3255 venialis
1035 3230 1104 3254 non
1120 3216 1237 3254 subest

299 3283 446 3316 peccato
457 3272 596 3308 mortali
613 3297 623 3311 ‚
648 3269 705 3305 nili
726 3270 828 3305 cadat
851 3268 952 3317 super
967 3269 1082 3315 ipsum
1101 3268 1236 3316 specia-

299 3322 330 3357 le
344 3333 562 3367 praeceptum
580 3347 588 3356 .
611 3323 704 3357 Cum
723 3319 846 3365 itaque
859 3321 998 3356 nullum
1016 3330 1234 3372 preceptum

299 3371 419 3406 datum
436 3371 473 3406 sit
487 3371 576 3410 Adae
589 3368 725 3406 vitandi
743 3371 892 3406 verbum
908 3371 1063 3407 otiosum
1096 3382 1142 3406 ex
1173 3381 1233 3405 ne-

300 3421 451 3457 cessitate
466 3421 582 3456 salutis
597 3445 606 3454 .
635 3423 745 3457 Tunc
760 3422 854 3457 enim
875 3423 973 3457 Deus
990 3422 1032 3456 ad
1047 3421 1151 3456 nimis
1164 3420 1235 3462 dif-

301 3471 394 3507 ficile
416 3469 654 3506 obstrinxisset
678 3473 852 3508 viatorem
878 3498 889 3514 ,
918 3472 940 3507 si
958 3469 1101 3518 juffiffet
1117 3481 1234 3506 eum..

300 3521 434 3567 semper
447 3520 561 3556 facere
582 3520 680 3567 quoti
707 3523 832 3558 melius
849 3522 896 3557 est
912 3549 921 3564 ,
944 3523 998 3558 vel
1019 3523 1167 3556 utilius:
1201 3520 1232 3555 8<

299 3572 415 3606 vitare
431 3570 577 3606 subinde
595 3598 605 3613 ,
634 3581 743 3617 atque
767 3572 940 3608 abstinere
953 3584 969 3606 a
985 3581 1234 3618 quocumque,

53 3646 115 3667 tura
131 3651 198 3678 ergo
213 3644 255 3671 ''n-
293 3621 394 3672 quod
411 3620 683 3667 quomodolibet
694 3621 789 3659 'foret
801 3623 1056 3668 impedimento
1069 3623 1115 3664 ei,
1132 3620 1232 3667 quod

54 3675 256 3709 annulorum
298 3672 423 3707 utilius
462 3670 511 3706 est
539 3697 550 3707 .
592 3670 789 3717 Ergosaiva
831 3673 1034 3708 innocentia
1061 3669 1232 3719 potuisset

54 3715 153 3745 habere
164 3728 256 3750 non...

54 3757 145 3791 potuit
156 3774 166 3784 .

294 3722 410 3761 Adam
427 3721 610 3757 venialiter
623 3733 728 3768 pecca
736 3733 790 3758 re.

395 3774 634 3820 Qtpropter
649 3771 818 3814 dicimus,
831 3773 1010 3811 Adamum
1026 3772 1156 3809 nedum
1171 3784 1233 3821 po,

2100 145 2122 187 3
2141 144 2194 187 25

1330 190 1433 226 tuisse
1446 194 1545 227 exire
1562 195 1596 227 in
1611 192 1730 227 aetum
1756 195 1979 229 eontrarium
2006 197 2135 231 divinis
2165 211 2262 232 mam

1327 241 1418 285 datis
1435 268 1447 288 ‚
1474 253 1511 276 ut
1528 243 1570 277 de
1584 240 1680 277 faeto
1695 241 1807 277 fecisse
1823 244 1988 284 constat3
2017 260 2138 280 verum
2156 250 2263 286 etiarn

1326 301 1494 330 exercere
1509 293 1625 328 aetum
1647 303 1716 326 non
1742 294 1963 328 contrarium
1990 296 2112 332 divino
2140 310 2265 343 pratee.

1329 352 1424 388 p103
1448 341 1503 388 sed
1517 344 1638 379 utilem
1658 341 1690 376 δε
1707 354 1955 390 opportunum
1971 344 2148 382 serrandae
2162 348 2263 381 :wili-

1326 391 1503 426 dinationi
1532 390 1728 428 necessariae
1751 393 1793 427 ad
1821 392 2139 439 consequutionem
2167 396 2262 441 finis,

1322 439 1430 486 juxta
1443 441 1534 478 dieta
1552 454 1624 478 arc.
1644 442 1951 491 1.q.praecede·nt.is
1968 470 1978 480 .

1423 492 1481 530 Ad
1510 504 1746 538 atgumenta.
1779 493 1835 528 Ad
1865 496 2015 540 primum
2044 495 2260 539 respondeo,

1323 541 1479 577 Mortale
1499 555 1682 590 peccatum
1709 569 1720 583 ,
1749 546 1780 579 S<
1796 544 1916 590 quoad
1935 546 2163 581 intensionem
2180 573 2188 586 ,
2224 548 2256 581 ἃ

1321 592 1444 638 quoad
1469 594 1702 629 necessitatem
1727 596 1807 642 plus
1841 606 2018 642 repugnat
2054 596 2260 633 rebiiueiiii

1321 641 1432 677 status
1455 643 1666 680 innocent'a:
1690 671 1699 685 ,
1721 657 1828 691 quam
1854 651 1958 687 eulpa
1976 672 1983 683 ,
2007 645 2040 680 8<
2067 648 2138 682 obli
2158 649 2258 692 uitas

1322 694 1476 730 venialis
1493 707 1504 728 ε
1533 695 1565 729 8(
1590 697 1719 731 nedum
1745 695 1948 731 reetitudini
1977 696 2179 737 habituali,
2202 696 2257 732 sed

1321 743 1429 778 etiam
1458 744 1588 780 afftuali
1615 757 1625 781 z
1664 749 1742 793 Ηςε
1771 746 1862 781 enim
1887 747 2035 781 venialis
2059 748 2258 794 obliquitas

1321 793 1421 836 haud
1448 796 1663 842 corrupisset
1689 797 1856 835 summam
1882 796 2132 832 testitudinem
2158 798 2259 834 babi-

1319 845 1467 887 tualem,
1481 856 1569 880 tunc
1585 847 1716 882 viatori
1732 845 1951 891 poffibilem3
1976 848 2036 883 cui
2063 858 2178 884 tamen
2208 850 2261 883 in-

1320 895 1573 940 compoffibilis
1586 897 1889 932 eratinordinatio
1910 898 2047 944 peccati
2074 899 2233 934 mortalis
2250 924 2259 934 .

1320 944 1530 990 Exemplum
1553 956 1564 979 ε
1582 957 1663 981 cum
1679 946 1894 982 certitudine
1911 947 2114 984 intelleetus
2126 949 2169 985 de
2196 951 2259 985 ali·

1316 1005 1390 1041 qua
1408 991 1633 1030 conclusione
1656 1022 1668 1037 ‚
1698 996 1786 1031 stare
1809 997 1921 1043 porest
1950 1000 2073 1044 opinio
2098 1000 2141 1034 dc
2167 1001 2260 1041 alia3

1318 1045 1386 1090 hec
1400 1044 1536 1090 quippe
1550 1045 1649 1081 simul
1662 1046 1729 1082 effe
1746 1058 1816 1082 non
1831 1059 2005 1092 repugnat
2020 1061 2031 1088 ;
2060 1049 2092 1083 8<
2113 1049 2262 1087 fortaffis

1320 1108 1364 1131 ne
1378 1094 1668 1142 aetualiquidem
1694 1095 1899 1132 reetitudini
1921 1100 2143 1146 repugnabat
2167 1101 2263 1137 obli-

1318 1146 1441 1193 quitas
1453 1146 1632 1187 venialis;
1659 1146 1967 1194 quemadmodum
1985 1148 2019 1183 8(
2035 1160 2129 1184 nunc
2141 1151 2261 1187 assum

1319 1196 1476 1232 maxime
1519 1197 1744 1233 meritorium
1781 1197 1957 1243 valdeque
1993 1200 2262 1237 excellentem.»

1320 1245 1492 1294 consequi
1507 1246 1618 1295 potest
1631 1249 1749 1296 aliqua
1763 1249 1875 1294 gloria
1889 1260 1979 1286 vana
1996 1275 2007 1290 ,
2030 1261 2102 1295 que
2129 1252 2260 1286 veniali

1321 1300 1434 1345 culpae
1447 1299 1642 1345 deputetur
1660 1325 1669 1334 .
1701 1303 1779 1338 Nec
1792 1298 1969 1346 ejusmodi
1987 1300 2122 1335 veniale
2138 1313 2262 1349 pecca-

1319 1359 1397 1385 tum
1412 1350 1554 1385 tolleret
1570 1353 1738 1387 meritum
1751 1348 1831 1396 ejus
1848 1349 1949 1386 aetus
1967 1375 1976 1385 .

1418 1401 1477 1438 Ad
1505 1399 1700 1438 seeundum
1719 1401 1867 1438 dicimus
1883 1427 1894 1443 ,
1920 1403 2006 1437 Non
2021 1413 2188 1449 oportere
2200 1416 2264 1440 ve-

1320 1451 1423 1487 nialis
1437 1452 1544 1500 culpe
1561 1465 1709 1489 mortem
1724 1451 1791 1488 esse
1804 1462 1941 1499 poenam
1961 1477 1971 1492 ,
1995 1463 2078 1488 curn
2096 1452 2265 1491 sufficien-

1320 1509 1374 1536 ter
1394 1503 1494 1549 poslit
1522 1516 1587 1552 pro
1603 1516 1646 1540 eo
1673 1502 1832 1550 satisfieri
1862 1513 1922 1550 per
1951 1503 2114 1548 aliquam
2142 1504 2265 1552 displi-

1318 1554 1472 1588 centiam
1488 1580 1499 1595 ‚
1517 1555 1571 1589 vel
1589 1567 1651 1602 per
1663 1554 1752 1601 quid
1769 1553 1863 1589 aliud
1880 1551 2081 1598 ejusmodi.
2115 1556 2182 1590 Vel
2203 1568 2266 1603 ρ’)-

1321 1602 1388 1638 test
1405 1602 1474 1638 dici
1491 1606 1642 1645 ‚veniali
1659 1605 1807 1652 proprie
1822 1615 1958 1651 poenam
1974 1615 2042 1638 non
2056 1604 2266 1651 correspon-

1319 1653 1426 1696 dere,
1454 1653 1511 1689 sed
1529 1667 1666 1690 tanturn
1682 1655 1870 1690 venialiter
1894 1654 2098 1690 obnoxium
2123 1654 2266 1691 debito-

1321 1716 1396 1740 rem
1409 1702 1475 1740 effe
1487 1705 1749 1752 representandi
1764 1704 1884 1741 aestum
1902 1705 2097 1741 voluntatis
2128 1705 2263 1742 ferven-

1321 1757 1478 1796 dorem,
1505 1767 1545 1790 ac
1562 1755 1693 1802 prium
1724 1767 1799 1801 quo
1815 1757 1955 1791 fervore
1985 1757 2134 1791 venialia
2165 1770 2263 1803 quae·

1319 1818 1391 1851 que
1403 1805 1640 1841 absumuntur
1659 1833 1667 1847 ,
1696 1807 1835 1840 utdicit
1850 1804 1994 1852 Magist.
2018 1815 2089 1843 art.
2112 1807 2261 1850 sraeced.

1318 1857 1516 1899 allegatus.
1545 1858 1625 1893 Nec
1650 1853 1815 1891 obfuisset
1843 1856 2055 1891 innocentia:
2082 1858 2170 1894 Adoe
2200 1858 2260 1893 lta-

1317 1905 1430 1943 buiffe
1448 1918 1584 1950 poenam
1600 1906 1757 1942 debitam
1776 1907 1904 1942 veniali
1923 1932 1934 1948 ‚
1958 1917 2075 1952 preter
2086 1917 2233 1943 mortem
2249 1935 2258 1944 .

1418 1957 1475 1997 Ad
1494 1959 1639 1993 tertium
1659 1956 1857 2004 respondeo
1871 1983 1882 1999 ‚
1909 1957 2142 1993 concedendo
2157 1983 2166 1998 ‚
2195 1959 2259 1995 in„

1313 2007 1545 2044 inferioribus
1563 2009 1685 2051 anima:
1699 2009 1838 2053 vitibus
1856 2007 2001 2055 reperiri
2019 2020 2087 2043 non
2107 2010 2260 2055 potuisse

1313 2059 1423 2094 ullam
1438 2058 1746 2096 deordinationem
1762 2086 1772 2101 ,
1785 2059 1850 2095 nisi
1864 2058 1898 2093 in
1914 2057 2159 2106 superioribus
2172 2071 2262 2104 prae-

1315 2108 1449 2149 fuiffet3
1465 2121 1620 2147 attamen
1635 2111 1786 2146 dicimus
1799 2121 1867 2144 non
1883 2120 2141 2156 quamcunque
2154 2109 2263 2155 deor·

1315 2160 1536 2198 dinationem
1555 2161 1701 2197 virtutis
1716 2159 1909 2207 superioris
1927 2186 1936 2200 ‚
1957 2159 2261 2197 existimandam..

1314 2211 1383 2247 effe
1404 2224 1592 2258 peccatum
1615 2214 1797 2251 mortale3
1829 2222 1909 2246 nam
1935 2210 2023 2246 levis
2054 2221 2172 2247 motus
2200 2225 2261 2260 per

1312 2262 1574 2309 surreptionem
1598 2264 1640 2298 de
1652 2264 1824 2308 opinione
1838 2261 1955 2306 aliqua
1981 2262 2073 2295 circa
2090 2263 2261 2299 articulos

1314 2312 1400 2348 fidei
1418 2339 1427 2354 ‚
1450 2313 1498 2347 est
1515 2313 1741 2348 deordinatio
1760 2323 1865 2358 penes
1882 2312 2086 2358 portionem
2104 2311 2262 2361 superio-

1314 2375 1413 2402 rem3
1441 2362 1508 2398 esse
1525 2364 1652 2398 etenim
1671 2361 1786 2409 potest
1812 2363 1905 2395 circa
1931 2362 2000 2395 tale
2013 2361 2234 2408 objeetum„
2251 2390 2263 2407 ‚

1314 2413 1412 2460 quod
1426 2412 1639 2449 considerari
1655 2424 1726 2448 non
1743 2410 1856 2459 potest
1871 2437 1881 2452 ,
1915 2411 1977 2446 nist
2000 2425 2061 2459 per
2087 2413 2261 2449 virtutem

1315 2465 1533 2509 superiorem
1547 2490 1559 2506 ,
1573 2475 1613 2499 ut
1628 2463 1745 2499 Deum
1760 2461 1826 2498 esse
1841 2463 1996 2497 Trinum
2012 2464 2042 2498 8<
2061 2464 2208 2504 Unum3
2226 2466 2262 2500 8<

1314 2515 1550 2551 nihilominus
1566 2527 1637 2551 non
1655 2515 1806 2560 quilibet
1839 2510 2017 2557 ejusmodi
2040 2524 2157 2550 motus
2174 2515 2262 2550 levis

1314 2565 1363 2603 est
1377 2575 1564 2612 peceatum
1582 2566 1764 2606 mortale3
1793 2563 1960 2610 quamvis
1991 2575 2113 2599 revera
2140 2567 2174 2601 in
2205 2565 2262 2601 su-

1314 2617 1445 2664 periori
1464 2615 1599 2651 virrute
1614 2615 1654 2651 stt
1673 2617 1820 2660 gravius
1837 2625 2023 2660 peccatum
2042 2640 2054 2656 ,
2073 2626 2113 2649 ac
2134 2618 2156 2652 si
2177 2628 2260 2652 eve-

1315 2666 1413 2703 nisset
1427 2667 1518 2701 circa
1535 2666 1721 2703 inferiores
1736 2667 1860 2701 animae
1876 2667 1971 2700 vires
1986 2691 1994 2699 .

1415 2717 1473 2753 Ad
1515 2718 1668 2764 primum
1695 2719 1729 2752 in
1773 2714 1955 2762 oppositum
1992 2713 2227 2761 respondetur
2248 2747 2258 2762 ‚

1317 2769 1511 2803 Peccatum
1525 2769 1671 2802 mortale
1684 2766 1842 2814 eousque
1859 2767 2057 2810 integritati
2071 2769 2172 2812 primi
2192 2769 2257 2804 sta-

1316 2829 1373 2853 tus
1385 2818 1584 2866 opponitur
1602 2844 1612 2859 ‚
1640 2828 1679 2853 ut
1705 2817 1815 2866 ipsam
1835 2815 2023 2859 destruat3
2052 2818 2152 2863 quod
2179 2832 2257 2865 pec.

1314 2879 1433 2903 catum
1448 2869 1590 2904 veniale
1602 2867 1738 2904 efficere
1754 2880 1823 2904 non
1838 2869 1983 2915 potuit:
2011 2869 2095 2913 quia
2113 2882 2202 2905 vero
2216 2872 2258 2906 si-

1313 2920 1387 2955 mul
1405 2918 1491 2954 stare
1521 2931 1731 2964 nequeunt,
1758 2929 1989 2966 quaecunque
2014 2919 2257 2964 deordinatio,

1313 2971 1345 3005 ἃ
1367 2970 1470 3017 primi
1492 2969 1605 3005 status
1635 2971 1823 3015 integritas
1841 2995 1850 3010 ‚
1883 2969 1964 3004 ideo
1991 2971 2126 3016 primus
2150 2970 2257 3006 ltotro

1310 3021 1460 3055 omnino
1490 3020 1678 3057 xenialiter
1704 3031 1850 3067 peccare
1874 3032 1944 3055 non
1971 3020 2113 3067 potuit,
2144 3023 2257 3068 prius-

1311 3083 1422 3118 quam
1438 3072 1635 3108 mortaliter
1645 3081 1807 3119 peccaret
1823 3096 1830 3104 .

1414 3124 1492 3158 Nos
1507 3120 1663 3157 dicimus
1680 3117 1864 3156 ostendisse
1883 3119 1985 3165 supra
2000 3147 2012 3165 ‚
2040 3121 2128 3154 citra
2144 3122 2253 3158 detri-

1312 3181 1472 3206 mentum
1489 3170 1597 3208 status
1616 3173 1651 3207 in
1668 3183 1745 3217 quo
1764 3170 1879 3208 Adam
1895 3171 2061 3205 conditus
2078 3170 2142 3206 fuit
2158 3199 2169 3215 ,
2191 3186 2252 3207 ve-

1311 3221 1453 3256 nialiter
1465 3220 1578 3265 ipsum
1594 3233 1739 3270 peccare
1755 3219 1905 3268 potuisse
1919 3245 1928 3253 .
1958 3225 2104 3257 Donum
2123 3225 2252 3260 enim„

1310 3269 1457 3318 justitiae
1474 3271 1662 3318 originalis
1675 3298 1686 3313 ,
1713 3273 1746 3307 id
1759 3271 1873 3306 cinon
1892 3271 2071 3317 prestabat
2087 3299 2096 3312 ,
2125 3275 2176 3308 wi
2189 3287 2252 3310 nse

1310 3333 1552 3368 quaecumque
1568 3325 1679 3366 gratia
1698 3321 1879 3358 exceliens
1895 3322 2029 3365 eflicit,
2055 3333 2094 3357 ut
2111 3326 2255 3361 etianL,

1313 3374 1450 3407 eximiae
1468 3370 1665 3410 sanfiitatis
1683 3373 1748 3409 tiri
1775 3373 1962 3408 venialiter
1980 3383 2128 3419 peccare
2154 3387 2257 3412 nort..

1311 3423 1438 3469 poffint
1465 3449 1474 3458 .
1517 3425 1595 3460 Nec
1625 3424 1828 3461 innocentia
1855 3423 2077 3460 immobilius
2112 3426 2254 3462 ridetur

1313 3471 1470 3519 junxisse
1489 3473 1668 3511 Adamum
1691 3475 1819 3515 ultimo
1833 3472 1894 3508 fini
1913 3501 1922 3515 ‚
1946 3487 1986 3510 ac
2008 3475 2115 3511 faciat
2141 3477 2255 3522 gratia

1315 3523 1516 3559 s-iniiflcssns
1553 3526 1587 3560 in
1630 3526 1713 3561 viris
1737 3523 2020 3571 praestantisiimae
2059 3525 2255 3563 sanctitatis

1317 3575 1486 3620 Denique
1507 3573 1631 3611 falsum
1648 3575 1697 3613 est
1714 3601 1722 3615 ‚
1736 3576 1930 3622 quamlibet
1947 3576 2256 3613 ‹leordinationem

1314 3623 1711 3671 csse-incompoffibilem
1726 3624 1926 3661 rcffirudini
1954 3626 2062 3662 status
2085 3628 2257 3662 innocen-

1315 3675 1374 3708 tiae
1390 3697 1402 3716 ,
1427 3675 1512 3718 quia
1528 3688 1596 3712 non
1610 3687 1851 3724 quaecumque
1877 3677 1960 3711 talis
1991 3678 2190 3722 imputatur
2211 3679 2255 3713 ad

1314 3735 1503 3773 peccatum
1519 3726 1670 3764 moruile
1684 3753 1694 3768 ,
1719 3725 1964 3772 inexpositum
1985 3727 2032 3761 est
2051 3726 2151 3773 supra
2171 3753 2180 3761 .

1414 3775 1630 3813 Adtertium
1647 3778 1695 3814 cst
1727 3776 1904 3824 responsio
1934 3778 2037 3813 talis:
2068 3778 2123 3812 illa
2144 3779 2252 3813 elatio

2119 3839 2199 3872 qua·v

2297 494 2339 522 Ad
2357 495 2410 523 hoc
2436 505 2495 524 res-

2296 539 2401 567 pcndct
2415 534 2496 561 Alcn.

2293 570 2321 596 sit
2335 572 2493 600 lo,.ci1..‘'ed

2287 617 2497 644 preteritum-3

2291 648 2366 682 quod
2393 648 2496 684 hyper.

2289 684 2373 712 helim
2386 687 2497 723 quamdi

2295 725 2495 760 probandam.-

2290 761 2340 789 sibi
2354 762 2494 801 prm-igere

2291 800 2418 828 videatur

2291 847 2475 876 quaecumque

2288 875 2395 911 subijeit
2407 894 2417 910 ‚
2428 886 2497 914 pra:-

2286 912 2357 942 clusa
2371 923 2386 941 a
2400 915 2494 943 Dotffo

2291 961 2320 980 re
2335 951 2410 980 fuiffe
2424 962 2494 981 con-

2292 990 2372 1018 stabit
2405 991 2495 1019 coufi-

2292 1027 2401 1057 deranti
2420 1029 2495 1059 sens-51

2294 1067 2471 1097 verborum„

2296 1104 2376 1142 ipsius
2389 1127 2396 1131 .
2413 1106 2496 1135 Hunc

2296 1143 2417 1180 sequitur
2429 1147 2498 1174 Ric-

2294 1181 2394 1211 hardus
2409 1193 2498 1212 tum.-

2296 1221 2354 1253 ait3
2368 1224 2499 1250 Innocen-

2296 1258 2366 1287 tiam
2378 1258 2448 1288 sumi

2296 1296 2370 1334 posse
2414 1308 2499 1336 prout

2295 1334 2360 1363 dicit
2371 1336 2501 1368 immuni.

2293 1382 2381 1403 tatem
2394 1375 2427 1403 ab
2440 1387 2502 1405 cm-

2296 1414 2322 1441 ni
2361 1424 2478 1451 peccato
2490 1435 2502 1451 ,

2296 1453 2323 1479 ἃ
2336 1461 2422 1490 prout
2431 1455 2500 1483 dicit

2295 1501 2503 1521 immunitatem

2298 1529 2311 1557 :i
2325 1530 2383 1558 solo
2397 1541 2503 1560 mortn-

2297 1567 2317 1596 li
2332 1587 2342 1603 ,
2368 1570 2394 1597 &
2407 1571 2500 1608 primo

2300 1608 2388 1636 modo
2411 1609 2501 1643 inquit

2299 1646 2366 1674 stare
2408 1657 2501 1677 non-

2300 1684 2389 1719 potest
2402 1689 2501 1713 venia—

2298 1723 2324 1751 le
2339 1734 2401 1751 cum
2418 1725 2500 1754 itla-,

2297 1762 2344 1791 sed
2380 1763 2500 1791 secundo

2297 1800 2384 1828 modo
2398 1819 2407 1828 .
2428 1803 2479 1830 Vbi

2293 1848 2387 1867 autem
2445 1840 2501 1868 hrc

2293 1878 2430 1906 distmfflo
2439 1878 2499 1907 frm-

2290 1916 2371 1944 detur
2384 1917 2500 1955 inexpli—

2291 1963 2386 1983 catum
2399 1957 2452 1988 cii.

2296 2143 2418 2182 Idipsum
2453 2146 2481 2175 in

2294 2184 2474 2214 Sententia.»

2297 2221 2374 2260 Mtg.
2387 2224 2500 2253 Ricard.

2297 2258 2352 2287 loe.
2384 2270 2431 2289 cit:
2459 2264 2501 2291 Ad

2296 2298 2460 2328 ultimum)

2293 2743 2319 2771 S·
2331 2743 2438 2787 Tohoin.
2452 2750 2489 2773 ad.

2292 2786 2490 2824 tqutumprin.

2293 2823 2378 2857 crpnle
