2628 4026
106 1118 307 1158 ›pelio-uqa.

131 1407 173 1441 Q
189 1404 307 1434 Misceri,

103 1452 122 1482 q
134 1452 162 1478 4·
170 1446 251 1475 §.sed
259 1443 306 1473 di-

107 1490 150 1510 Cel
166 1499 175 1509 ο

104 2118 198 2161 ΞΛΜ.
211 2127 258 2154 30·
269 2131 302 2158 4.

95 2157 162 2186 exst.
177 2166 226 2194 ις.

421 77 998 179 ΞΙΞΚΤΙΟΠΒΠΞ
1069 144 1154 179 Vll.

448 243 583 279 Utrum
597 244 710 281 omnis
726 256 812 291 pena
828 242 864 279 fir
878 254 1021 293 propter
1035 244 1191 290 aliquam

732 296 875 343 culpam
892 310 904 330 ·.

342 389 484 432 vertor
495 395 577 431 locis
592 396 629 429 in
641 396 801 478 margine
816 398 873 431 cit.
908 398 950 433 S.
984 394 1106 430 Thom.
1135 405 1164 429 t.
1191 405 1225 429 2.
1256 405 1291 440 q·

748 456 782 489 7-
797 456 869 484 art.
886 458 920 492 7.

346 541 639 628 REspondeo
653 544 886 592 supponendo
899 542 1057 593 exposita
1077 557 1103 581 ι.
1120 551 1157 589 p·
1175 556 1207 591 q.
1226 544 1288 587 48.

468 604 586 638 art,5.
620 608 748 642 nempe
774 596 906 630 malum
933 608 1037 632 omne
1062 592 1290 634 intellefma-

346 644 433 678 lium
449 656 692 680 creaturarum
706 672 717 688 ,
747 644 814 681 esse
826 657 884 680 aut
905 646 1035 681 malum
1060 645 1174 689 culpae
1194 669 1204 684 ,
1224 654 1290 678 aut

347 705 439 741 pene
456 721 463 729 .
486 696 580 730 Cum
604 696 697 729 enim
714 705 838 729 n:‹tura
860 695 1113 730 intelleRualis
1141 693 1289 739 praedita

347 743 390 779 sit
405 755 481 779 tum
494 743 775 789 affeEtionejusti
793 767 805 786 ‚
818 755 894 780 tum
911 743 1097 779 affeffione
1109 744 1290 778 commodi

348 806 412 841 per
423 795 528 840 cuine
545 797 676 830 malum
691 795 854 838 privatur
868 796 961 829 bono
976 793 1212 828 convenienti
1228 793 1292 835 illi,

349 844 546 879 secundum
560 843 655 889 quod
672 844 866 878 inclinatur
891 844 934 879 ad
962 846 1095 880 bonum
1122 840 1229 888 justi3
1258 853 1292 877 at

349 906 412 940 per
425 906 552 942 pgnam
597 891 805 928 destituitur
829 895 926 930 bono
955 893 1165 934 commodi,
1192 894 1291 938 quod

348 945 482 980 bonum
511 943 670 979 excludit
693 955 782 990 pena
801 970 810 985 ‚
838 945 982 993 eoquod
1018 942 1293 980 disconveniens

347 992 471 1035 fitilli,
499 1004 537 1028 ut
557 994 748 1029 inclinaiur
761 993 805 1028 ad
821 1006 879 1031 ea.
905 1008 978 1043 qne
1002 995 1292 1030 fibiconvenien-

347 1043 396 1077 tia
414 1043 494 1080 sunt
508 1042 616 1088 juxta
631 1054 710 1078 com
722 1045 815 1080 modi
843 1043 1066 1082 affestionem
1081 1071 1090 1080 .

449 1096 698 1131 Veruntamen
716 1106 886 1141 penarum
905 1098 973 1142 alie
989 1095 1068 1132 sunt
1091 1094 1294 1144 praeceden-

349 1151 440 1186 tium
468 1146 653 1190 culparum
679 1146 886 1193 ordinative
912 1160 925 1187 3
953 1148 1022 1195 ³¹59
1046 1158 1130 1183 vero
1160 1145 1293 1180 satisfa-

350 1199 463 1245 &orie
476 1223 485 1233 .
502 1199 539 1233 Et
555 1196 597 1231 de
611 1194 667 1231 his
681 1195 838 1232 dubitari
856 1209 927 1232 non
952 1200 1091 1244 potest,
1120 1196 1188 1231 sme
1216 1197 1294 1231 cul·

349 1263 394 1298 pa
412 1246 776 1297 precedentireperiri
789 1260 858 1283 non
873 1248 994 1293 pofl'e3
1021 1260 1058 1284 ut
1085 1259 1168 1283 cum
1197 1257 1291 1282 unus

349 1301 411 1337 sua
432 1300 555 1346 sponte
576 1298 653 1332 vult
670 1309 732 1342 pro
745 1298 816 1333 alio
832 1297 1033 1334 satisfacere
1045 1326 1054 1339 ‚
1067 1300 1099 1335 8(
1116 1296 1293 1343 represen-

349 1362 425 1387 tare
443 1361 567 1397 penam
581 1360 690 1393 quarn
704 1346 873 1383 sustinere
887 1350 978 1384 alius
993 1349 1160 1388 deberet,
1189 1349 1222 1382 8(
1242 1348 1295 1381 ia·

348 1401 510 1436 tisfacere
527 1410 592 1443 pro
605 1398 725 1435 debito
739 1399 885 1433 alterius
903 1412 914 1439 3
939 1398 1083 1446 eoquod
1099 1408 1222 1432 omnes
1251 1397 1300 1432 fi-

349 1463 429 1487 mus
443 1452 599 1486 membra
625 1448 731 1483 unius
757 1449 934 1497 Corporis
951 1476 964 1492 ‚
989 1448 1098 1495 cujus
1125 1447 1294 1483 Christus

350 1500 401 1540 est
415 1511 524 1538 canut
539 1527 547 1536 .

456 1550 714 1589 Genusautem
728 1549 815 1584 illud
828 1561 919 1596 pene
934 1573 946 1591 ‚
969 1550 1042 1597 que
1057 1550 1175 1595 privat
1196 1550 1295 1584 bono

351 1601 556 1641 commodi,
583 1600 616 1634 8(
633 1611 696 1645 per
725 1598 757 1633 se
782 1601 930 1639 patienti
960 1601 1202 1634 involuntaria
1231 1598 1294 1642 est,

349 1656 480 1700 utique
498 1652 639 1697 culpam
658 1647 816 1695 suponit,
834 1662 939 1695 quam
960 1649 1126 1684 ordinare
1142 1649 1295 1685 intendit

341 1703 462 1753 judex
481 1728 492 1743 ‚
509 1699 701 1736 secundum
720 1699 836 1744 legem
852 1700 1013 1747 infligens
1026 1711 1150 1746 penam
1167 1727 1174 1735 .
1204 1702 1296 1735 Cul-

345 1766 391 1802 pa
407 1764 496 1788 vero
518 1753 551 1791 in
573 1750 780 1784 hominibus
797 1777 807 1793 ‚
829 1762 891 1786 aut
915 1751 963 1786 est
988 1750 1174 1796 originalis
1192 1777 1199 1787 ,
1231 1762 1294 1785 aut

344 1803 493 1840 aflualis
510 1828 518 1837 .
536 1800 666 1835 Prioris
691 1811 781 1845 pena
810 1800 858 1836 est
881 1801 1037 1848 privatio
1063 1798 1194 1848 justitie
1220 1802 1296 1836 ori.

345 1853 475 1901 ginalis
494 1848 744 1898 ,quaejustitia
772 1854 916 1886 arcebat
942 1861 1091 1884 mortem
1123 1853 1295 1886 faciebat·-

341 1917 416 1951 que
433 1916 473 1940 ut
486 1904 647 1937 homines
673 1900 839 1947 alioquin
874 1900 1064 1940 morituri,
1094 1912 1162 1935 non
1194 1903 1290 1937 vide·

340 1964 421 1993 rent
448 1964 597 1991 mortem
625 1951 848 1996 aliquando,
882 1952 915 1987 8(
939 1951 1023 1985 alias
1055 1952 1291 1997 poenalitates,

342 2016 426 2054 quae
453 2004 569 2051 paffim
601 1999 875 2047 consequuntur
902 2000 996 2037 filios
1026 2000 1106 2051 Adcg
1135 2003 1168 2037 in
1200 2002 1291 2039 stazu

342 2055 519 2104 presentis
537 2051 765 2088 mortalitatis
782 2078 792 2089 .

452 2106 552 2155 Qia
570 2113 688 2136 autem
711 2114 801 2148 pena
822 2128 832 2144 ,
849 2112 889 2136 ut
906 2102 1088 2145 tetigimus
1102 2130 1112 2143 ,
1141 2102 1188 2138 est
1218 2116 1293 2139 ma-

342 2158 469 2196 lumin
490 2151 730 2189 elteStualium
755 2162 997 2188 creaturarum
1013 2179 1022 2192 ,
1050 2154 1196 2197 privans
1233 2166 1293 2190 eas

341 2212 438 2246 buno
465 2202 702 2242 conveniente
731 2201 907 2239 affeeuoni
934 2204 1134 2244 commodi3
1174 2207 1292 2242 bona-v

350 2259 488 2295 homini
504 2254 769 2292 convenientia,
786 2254 839 2288 vel
853 2250 931 2286 sunt
951 2255 1090 2300 propria
1106 2256 1197 2289 bona
1209 2282 1222 2297 ,
1235 2259 1291 2293 vel

344 2305 597 2346 indifferentia,
615 2303 646 2337 3(
662 2303 788 2348 prioris
802 2302 939 2346 generis
955 2306 1045 2337 bona
1075 2303 1230 2347 speetanr
1249 2308 1293 2342 ad

343 2363 498 2395 animam
523 2357 556 2390 8<
574 2362 706 2399 corpus
721 2377 732 2393 ,
759 2351 962 2399 posterioris
981 2363 1067 2387 vero
1084 2351 1163 2388 sunt
1176 2367 1294 2392 exter-

343 2423 386 2447 na
404 2436 415 2452 ,
429 2420 468 2443 ut
485 2404 621 2441 divitiae
636 2428 646 2443 ,
659 2401 815 2436 honores
836 2425 848 2444 ‚
864 2400 998 2438 sanitas
1012 2408 1210 2449 corporalis
1227 2433 1237 2447 ‚
1257 2409 1292 2443 3<

347 2461 414 2495 alia
430 2459 462 2492 id
477 2464 589 2501 genus
608 2477 617 2487 .
649 2453 800 2489 Evenire
830 2454 957 2499 itaque
973 2453 1088 2499 potest
1108 2481 1117 2495 ,
1147 2468 1186 2491 ut
1210 2459 1294 2504 quis

343 2510 503 2559 paviatur
518 2505 775 2540 detrimentum
806 2503 840 2538 in
865 2503 967 2538 bonis
996 2503 1294 2551 indifferentibus,

346 2572 388 2596 ut
405 2558 560 2594 salvetur
577 2552 693 2599 majus
724 2555 856 2588 bonum
879 2566 890 2593 3
920 2552 1039 2600 sicque
1068 2555 1218 2593 libenter
1233 2572 1294 2607 pe-

355 2611 462 2656 cunio!²
490 2605 752 2652 impenduntur
767 2603 809 2638 ad
829 2603 1033 2639 salvandam
1049 2610 1213 2652 corporis
1242 2611 1290 2645 in.

347 2660 590 2695 columitatem
610 2682 620 2696 ,
635 2656 832 2690 libertatem
863 2654 934 2689 &c.
960 2666 1062 2701 poena
1085 2668 1172 2707 ergo
1195 2660 1292 2695 illata

345 2710 452 2748 bonis
466 2705 774 2745 indifferentibus,
803 2705 886 2740 facit
902 2702 947 2738 ad
975 2703 1146 2743 servanda
1172 2712 1293 2760 potio-

347 2773 386 2797 τι
401 2761 491 2795 bona
509 2771 520 2798 3
549 2759 580 2792 8(
598 2755 730 2791 amiffio
750 2756 998 2802 temporalium
1027 2758 1227 2801 bonorum,
1254 2763 1290 2798 8(

352 2812 432 2857 vite
447 2809 610 2855 corporis
626 2831 638 2848 ‚
667 2805 850 2841 reaiffime
867 2805 1085 2852 impenditur
1101 2821 1166 2856 pro
1182 2810 1292 2849 salute

349 2871 482 2897 aterna
511 2858 633 2893 animae
657 2857 690 2891 8(
720 2857 829 2900 gloria
842 2855 935 2897 Dei,
963 2868 1004 2892 ut
1017 2859 1132 2895 elucet
1149 2862 1183 2896 in
1203 2861 1293 2899 San-

348 2911 415 2947 &is
435 2909 661 2955 Martyribus
678 2934 688 2948 ,
717 2907 749 2941 8<
775 2906 1022 2951 persecutione
1047 2907 1201 2959 Ecclesie
1229 2913 1293 2948 sub

349 2960 582 3005 Principibus
611 2957 789 3003 Tyr-annis
819 2960 1032 2994 conantibus
1055 2961 1225 3000 inducere
1252 2963 1294 3000 fi-

347 3011 446 3046 deles
460 3009 501 3043 ad
518 3008 823 3044 cultumi'naniurn
853 3007 1052 3044 idolorum.
1084 3014 1230 3057 Quibus
1258 3017 1292 3051 in

348 3061 488 3096 casibus
514 3058 727 3095 detrimenta
741 3057 875 3103 quibus
887 3059 1094 3094 afficiuntur
1123 3073 1193 3098 non
1212 3065 1292 3101 sunt

351 3111 558 3158 simpliciter
572 3109 703 3144 malum
728 3107 761 3143 8(
780 3119 879 3155 Γωηει
898 3135 908 3150 ,
938 3109 993 3144 sed
1021 3113 1132 3154 magis
1160 3114 1292 3150 babent

349 3162 523 3197 rationem
555 3158 737 3197 medicina:
768 3185 778 3199 ‚
818 3157 852 3192 &
892 3161 1093 3196 mediorum
1127 3190 1135 3200 ,
1160 3167 1295 3209 quibus

354 3214 473 3247 utitur
487 3211 587 3247 Deus
605 3211 640 3247 in
652 3208 850 3257 profeetum
866 3209 1059 3248 eleetorum
1075 3210 1219 3250 suorum
1233 3241 1243 3254 .

979 77 1160 121 Summae
1192 73 1368 122 Ioannis
1407 77 1538 123 Dum·
1567 77 1682 123 Scoti

1483 144 2001 186 ARTlCULUS
2055 143 2198 180 Vlll.

1395 222 1530 258 Utrum
1546 221 1675 268 aliquis
1689 224 1860 270 puniatur
1877 233 1939 268 pro
1957 231 2105 269 peccato
2117 219 2264 255 alterius
2276 246 2284 254 .

1372 320 1475 366 Mag.
1496 322 1624 367 adili.
1641 335 1698 369 3³·
1712 332 1788 370 cap.
1806 324 1848 359 Et
1872 321 1952 356 licet
1968 319 2013 362 ὠ·
2044 318 2188 354 duobus
2212 317 2308 365 seqq.

1563 373 1608 407 S.
1631 373 1750 408 Thom.
1774 385 1801 408 t.
1818 372 1964 417 2.q.87,
1984 378 2057 406 art.
2077 369 2109 404 8.

1416 465 1419 467 ·
1460 448 1494 481 T
1508 448 1588 482 licet
1605 450 1762 492 peccatis
1777 456 1960 494 parentum
1979 469 1990 485 ,
2016 445 2075 480 nili
2096 444 2184 481 Adae
2202 471 2214 486 ‚
2230 459 2309 492 pat·-

1474 498 1550 531 vuli
1567 509 1635 531 non
1648 500 1870 542 obligentur,
1905 506 1975 529 non
1999 496 2048 530 est
2074 507 2191 531 tamen
2220 495 2311 530 diffi-

1368 549 1515 581 tendum
1529 558 1671 590 peccata
1696 558 1884 594 parentum
1909 548 1942 578 in
1970 542 2061 580 filios
2082 546 2306 587 redundare,

1369 597 1458 631 ficut
1475 595 1652 632 Dominus
1678 599 1713 632 in
1732 597 1858 633 Exodo
1885 596 1930 630 ad
1956 595 2106 643 Moysen
2133 598 2180 631 ait
2198 623 2209 638 ‚
2232 597 2306 641 Ego

1358 645 1442 693 firm
1460 646 1557 681 Deus
1571 644 1671 683 sortis
1687 674 1695 688 ‚
1711 646 1850 685 zelotes,
1862 646 2003 693 visitans
2015 648 2226 694 iniquitates
2236 645 2305 681 Pa-

1370 706 1467 732 trum
1481 695 1616 739 insilias
1627 696 1735 745 fsque
1751 700 1788 732 in
1800 698 1946 732 tertiam
1958 720 1968 735 ‚
1991 696 2035 736 &¹
2056 706 2304 744 quaram-nge-

1371 749 1585 783 nerationem
1599 747 1655 784 his
1667 750 1729 796 qui
1739 747 1888 783 oderant
1903 758 1955 781 me
1966 769 1976 780 .
1991 747 2056 782 His
2073 749 2189 783 verbis
2201 758 2304 794 aper-

1371 810 1405 833 te
1422 797 1619 832 instnuatnr
1632 823 1644 838 ,
1669 798 1767 844 quod
1796 800 1894 841 Deus
1921 795 2034 833 reddit
2067 809 2211 845 peccata
2242 797 2303 832 Pa.

1368 858 1464 883 trum
1481 847 1584 893 super
1603 847 1695 884 filios
1712 849 1834 883 tertios
1849 875 1860 891 ,
1891 848 1924 883 8(
1939 857 2114 889 quartos:
2138 848 2222 882 huic
2240 859 2304 882 au-

1373 911 1444 934 tem
1459 897 1600 932 videtur
1617 898 1794 933 adversari
1814 925 1823 939 ‚
1847 898 1944 944 quod
1960 896 2140 934 Dominus
2165 899 2215 933 ait
2239 898 2302 933 in..

1372 948 1562 985 Ezechiele
1578 973 1586 982 .
1611 948 1776 1001 Qride,(³
1799 948 1889 996 quod
1903 951 2000 983 inter
2022 959 2080 983 vos
2100 948 2304 997 parabolam

1371 1000 1518 1035 vertitis
1542 1000 1580 1033 in
1598 1007 1662 1046 pro
1672 994 1829 1036 {verbim
1855 999 1950 1045 istud
1960 1025 1971 1040 ,
1991 997 2144 1035 dicentes
2158 1027 2165 1035 .
2187 1007 2307 1045 patres

1370 1049 1596 1086 comederunt
1609 1060 1716 1087 uvam
1733 1051 1911 1088 accerbam
1927 1076 1938 1092 ,
1960 1048 2005 1090 (ἓν
2025 1047 2309 1092 ἅεηῑεςβίἰονιυη

1371 1097 1615 1145 obfffupefcunt
1627 1098 1647 1138 ἓ
1672 1105 1770 1139 Vivo
1781 1112 1841 1148 ego
1855 1101 1943 1135 dicit
1956 1101 2140 1136 ‘Dominus
2153 1126 2162 1139 ‚
2180 1098 2214 1144 st
2234 1101 2305 1133 erit
2344 1104 2362 1132 1

1374 1152 1470 1186 vobis
1484 1150 1582 1186 ultra
1592 1152 1759 1196 parabola
1771 1150 1841 1188 haec
1854 1153 1891 1186 in
1899 1151 2126 1198 proverbium
2138 1152 2174 1186 in
2185 1147 2217 1193 Is
2223 1148 2308 1184 rael.

1374 1203 1464 1237 Ecce
1475 1212 1583 1245 amnes
1597 1205 1718 1237 «mimae
1742 1214 1822 1238 meae
1832 1200 1920 1249 sunt
1935 1228 1944 1242 ‚
1974 1209 2016 1237 ut
2038 1203 2156 1236 anima
2176 1202 2309 1247 patris,

1373 1253 1426 1286 ita
1444 1250 1642 1295 animafiln'
1656 1265 1730 1287 mea
1745 1254 1791 1301 est
1809 1266 1816 1288 t
1833 1255 1876 1292 ἐφ’
1889 1252 2004 1287 anima
2020 1263 2095 1298 qux
2103 1250 2310 1298 peda-verit

1373 1299 1446 1347 ipsa
1462 1304 1634 1336 morietur
1648 1328 1656 1336 .
1688 1303 1798 1339 Filius
1825 1314 1889 1338 non
1907 1303 2062 1350 portabit
2082 1301 2310 1348 iniquitatem

1377 1352 1529 1392 Patris,
1556 1351 1599 1388 (θ’
1638 1353 1757 1388 “Pater
1778 1366 1841 1388 uon
1869 1354 2025 1399 portabit
2052 1352 2310 1398 iniquitarem„

1365 1398 1455 1443 filii:
1463 1400 1619 1446 jus-“litia
1638 1401 1729 1447 justi
1742 1403 1852 1450 fiaeper
1875 1413 1953 1436 eum
1978 1405 2046 1436 erit
2076 1402 2120 1441 (ir
2148 1403 2310 1448 impietas

1371 1452 1474 1496 impii
1497 1453 1564 1485 erit
1593 1448 1709 1498 super
1749 1464 1827 1487 eum
1853 1478 1860 1486 .
1903 1451 1972 1486 His
2012 1451 2128 1485 verbis
2169 1452 2310 1486 videtur

1373 1498 1476 1538 Dfus
1492 1501 1672 1544 corrieere
1684 1512 1744 1547 per
1763 1500 1974 1548 Prophetam
1989 1499 2088 1546 quod
2106 1501 2196 1535 male
2207 1500 2308 1534 dixe-

1374 1555 1417 1586 rit
1434 1553 1467 1585 in
1482 1551 1619 1596 lege‚s1
1640 1552 1730 1586 enim
1752 1562 1895 1599 peccata
1925 1560 2109 1598 parentum
2134 1550 2248 1585 reddit
2275 1551 2311 1583 in

1375 1603 1513 1636 tertiam
1550 1604 1583 1637 8(
1610 1612 1773 1647 quartam
1803 1603 2065 1649 generationem
2095 1625 2105 1640 ,
2133 1598 2310 1646 injustitia

1373 1651 1521 1686 videtur
1537 1653 1604 1687 Dei
1623 1650 1691 1687 effe
1709 1679 1718 1693 ,
1731 1664 1768 1687 ut
1784 1655 1875 1688 alius
1891 1662 2036 1698 peccet,
2063 1650 2098 1685 8(
2125 1652 2214 1686 alius
2240 1661 2306 1698 pu-

1373 1704 1491 1737 niatur
1506 1728 1514 1736 .
1532 1701 1733 1751 Qomodo
1746 1704 1837 1738 enim
1849 1701 1987 1748 justum
2003 1700 2084 1742 eise,
2098 1702 2207 1738 alium
2225 1712 2306 1748 pec-

1375 1764 1454 1788 care
1468 1778 1478 1793 ‚
1493 1753 1523 1786 8(
1540 1756 1650 1787 alium
1678 1764 1819 1797 peccata
1839 1751 1962 1788 luere?

1476 1803 1546 1838 Sed
1561 1828 1572 1844 ,
1589 1813 1628 1836 ut
1643 1803 1692 1837 ait
1719 1803 1964 1851 Hieronymus
1987 1815 2029 1837 ne
2045 1802 2104 1838 lex
2120 1828 2131 1844 ‚
2159 1802 2194 1837 8(
2210 1801 2299 1836 Pro·

1373 1852 1487 1898 phetae
1505 1880 1515 1895 ,
1533 1852 1619 1887 idest
1636 1877 1645 1893 ,
1671 1852 1818 1888 Exodus
1835 1882 1842 1893 ‚
1869 1855 1901 1889 8(
1919 1852 2112 1895 Ezechiel,
2139 1853 2212 1887 imo
2239 1848 2311 1899 ipse

1379 1906 1501 1944 Deus,
1527 1905 1589 1951 qui
1607 1903 1639 1937 8(
1654 1901 1712 1937 hic
1731 1930 1740 1944 ,
1761 1904 1795 1939 &
1817 1905 1864 1940 ibi
1877 1905 2022 1939 locutus
2034 1902 2081 1938 est
2096 1929 2107 1944 ,
2120 1903 2155 1937 in
2172 1900 2311 1936 senten-

1375 1954 1435 1989 tiis
1464 1953 1667 1993 discrerare
1695 1953 1885 1989 videantur
1911 1980 1923 1996 ,
1945 1953 2172 1990 attendamus
2203 1951 2310 1988 finem

1372 2004 1468 2039 illius
1491 2004 1714 2039 ιιυξὶοτῐτειῑίε
1743 2004 1882 2039 Exodi*
1907 2004 2004 2039 dieto
2023 2006 2116 2039 enirn
2134 2030 2146 2045 ,
2180 2000 2312 2051 ‘’Rfddo

1371 2055 1579 2101 iniquitates
1586 2063 1731 2102 petrum
1742 2056 1779 2088 in
1781 2053 1900 2097 filios:
1916 2054 2012 2089 addit
2028 2081 2039 2096 ,
2068 2054 2141 2089 His
2157 2057 2219 2098 qui
2233 2052 2312 2088 ode-

1373 2114 1521 2140 runtme
1543 2131 1553 2144 ‚
1593 2116 1654 2151 per
1684 2104 1781 2150 quod
1823 2104 2003 2140 evidenter
2029 2103 2213 2150 ostendit,
2237 2114 2310 2138 non

1371 2155 1451 2189 ideo
1466 2156 1584 2200 puniri
1600 2152 1692 2192 filios
1708 2155 1791 2202 quia
1820 2162 2060 2201 peccaverunt
2079 2164 2197 2201 patres
2215 2180 2225 2194 ,
2251 2152 2309 2188 sed

1370 2205 1452 2250 quia
1471 2206 1520 2239 eis
1538 2205 1668 2240 similes
1694 2205 1851 2251 quodam
1875 2205 2096 2241 haereditario
2118 2204 2214 2238 malo
2235 2205 2310 2238 De·

1369 2266 1429 2289 um
1445 2255 1612 2290 oderunt.
1633 2256 1718 2290 illud
1732 2266 1818 2300 ergo
1829 2256 1930 2302 quod
1942 2256 1976 2289 in
1989 2254 2107 2290 exodo
2124 2255 2308 2289 Dominus

1369 2304 1455 2339 dicit
1469 2305 1555 2340 ficut
1573 2306 1817 2351 Hieronymus
1833 2306 2032 2345 tradit‚non
2047 2304 2081 2338 id
2095 2303 2190 2338 sonat
2205 2303 2308 2350 quod

1371 2355 1474 2390 multi
1496 2354 1717 2391 existimant:
1743 2366 1807 2390 nec
1819 2355 1867 2391 est
1882 2355 1988 2390 limile
2001 2354 2087 2389 huic
2113 2355 2307 2399 proverbio

1369 2413 1491 2452 patres
1507 2403 1728 2441 comederunt
1739 2416 1849 2441 uvam
1862 2403 2022 2442 acerbam
2031 2403 2094 2443 &c
2112 2404 2202 2440 lllud
2216 2405 2312 2439 enim

1372 2456 1484 2490 Exodi
1507 2456 1756 2502 Hieronymus
1785 2456 1890 2504 super
1928 2455 2016 2491 illud
2052 2454 2246 2492 Ezechiel.
2267 2455 2312 2490 Et

1371 2505 1601 2548 Augustinus
1619 2505 1720 2553 super
1735 2506 1946 2543 Ps2120Deus
1963 2505 2106 2542 laudem
2128 2517 2241 2540 meam
2270 2516 2312 2540 ne

1373 2558 1552 2591 tacueris:
1576 2556 1619 2590 de
1635 2557 1734 2592 Filiis
1750 2568 1893 2603 peccata
1922 2569 2062 2604 patrum
2087 2556 2313 2591 imitantibus

1371 2606 1619 2652 accipiendum
1634 2607 1797 2643 censent:
1826 2607 1930 2656 super
1941 2619 2034 2653 quos
2048 2605 2181 2642 dicitur
2210 2606 2312 2641 Deus

1370 2656 1516 2692 reddere
1550 2669 1694 2704 peccata
1721 2668 1862 2704 patrum
1880 2685 1889 2700 ‚
1916 2658 2001 2705 quia
2031 2658 2135 2705 punit
2158 2669 2241 2697 eos,
2269 2668 2313 2692 eo

1367 2708 1468 2753 quod
1481 2708 1667 2742 imitantur
1682 2719 1827 2754 peccata
1841 2720 1981 2756 patrum
1995 2719 2087 2749 ‚non
2098 2707 2184 2753 quia
2198 2717 2312 2755 patres

1371 2768 1613 2804 peccaverunt
1633 2784 1641 2793 .
1658 2762 1742 2796 Non
1761 2759 1883 2804 itaque
1896 2760 2044 2804 corrigit
2059 2759 2158 2794 Deus
2181 2759 2215 2794 in
2231 2758 2312 2793 Pro„

1374 2811 1479 2854 pheta
1499 2836 1509 2850 ,
1525 2808 1624 2854 quod
1641 2819 1721 2844 ante
1741 2808 1876 2846 dixerat
1890 2811 1923 2846 in
1938 2812 2013 2853 lette
2029 2822 2038 2845 :
2052 2808 2108 2844 sed
2121 2807 2311 2855 quomodo

1371 2858 1651 2903 intelligendum
1682 2859 1747 2901 sit,
1764 2862 1904 2909 aperit.
1942 2861 2050 2897 Unde
2076 2860 2109 2893 8(
2140 2860 2218 2895 illos
2242 2859 2310 2905 qui

2338 570 2430 600 Exodi
2441 579 2490 601 zo.

2338 785 2477 818 Ezechiel.
2494 789 2539 817 18.

2392 828 2485 865 Legen
2492 827 2540 856 dus

2338 865 2366 894 S·
2379 865 2459 894 Tho.
2471 875 2540 904 pra-:-

2339 903 2397 932 sens
2428 903 2542 941 quaefitfi

2339 944 2464 1010 {3333}
2478 951 2540 1010 Ρῗῖἐ

2343 1019 2371 1046 3(
2381 999 2491 1048 Bonas.
2503 1027 2534 1048 z·

2343 1056 2419 1094 dist-3
2427 1064 2440 1091 3
2447 1064 2531 1094 ‘m

2365 1113 2374 1123 ι
2393 1106 2403 1124 1

2393 1133 2542 1163 Durandus

2345 1171 2451 1201 ibidem
2463 1173 2540 1207 Mag.

2344 1202 2540 1241 Richard.d1st.

2341 1248 2444 1278 eadem
2454 1255 2542 1278 art-1.

2342 1296 2436 1354 {leit-s-
2450 1335 2544 1364 2.p.q=

2345 1372 2543 1400 105tm.3-art.

2344 1413 2370 1432 1·

2343 1441 2478 1484 Yai'ques.
2489 1451 2539 1479 pa-

2342 1488 2409 1508 riter·
2428 1480 2537 1517 optime

2342 1526 2402 1545 rem
2425 1526 2542 1547 totam..-

2345 1555 2467 1584 discutit.
2482 1564 2491 1582 t
2503 1565 2542 1583 -ι,

2346 1592 2445 1630 disput.
2477 1602 2485 1621 t
2494 1601 2505 1627 3
2514 1602 2543 1625 ς.

2346 1630 2489 1659 videndus
2497 1630 2544 1659 de-

2346 1669 2543 1714 njqueValen-

2343 1706 2542 1784 {¹ss.‘};s3’;.⁶·³·

2353 1833 2540 1864 Hieron-tom.

2346 1881 2375 1908 5.
2406 1873 2542 1912 explana-

2344 1911 2420 1941 tione
2438 1912 2477 1940 ad
2510 1913 2539 1940 8.

2345 1958 2430 1985 caput
2467 1951 2541 1979 Eze-

2345 1988 2441 2020 “bsec-

2346 2477 2468 2508 Hieron.
2495 2485 2544 2514 31·

2347 2528 2374 2546 c.
2385 2516 2414 2545 t'n
2426 2526 2492 2560 torn.
2513 2518 2542 2544 8.

2347 2563 2525 2587 enarratione

2348 2593 2382 2622 ad
2395 2592 2466 2622 Psal.
2481 2594 2550 2622 108.

2347 2633 2376 2660 in
2389 2632 2543 2669 expolitio-

2348 2679 2383 2698 ne
2397 2669 2498 2698 versus.
2510 2671 2543 2698 In

2350 2707 2542 2736 memoriam-³

2353 2747 2450 2774 redeat
2485 2745 2542 2775 ini-

2351 2783 2475 2822 quitatar
2486 2784 2543 2812 Pa-

2343 2830 2423 2852 rrum
2434 2823 2507 2859 ejur-

1371 2920 1480 2956 prave
1495 2910 1763 2954 intelligebant,
1785 2912 1925 2959 arguit,
1949 2912 2013 2960 qui
2029 2909 2216 2953 dicebant,
2239 2909 2312 2946 Pa·
2358 2914 2360 2918 ’

1371 2967 1442 2994 tres
1453 2970 1541 2994 come
1548 2959 1677 2995 derunt
1687 2959 1764 2999 &c.

1470 3011 1729 3046 Verumtamen
1747 3012 1768 3048 st
1794 3012 1837 3048 de
1862 3011 2101 3048 imitatoribus
2135 3011 2312 3046 malorum

1372 3059 1462 3095 illud
1480 3061 1659 3108 accipitur
1670 3074 1781 3109 quare
1797 3063 1937 3099 tertiam
1950 3090 1961 3105 ‚
1978 3062 2010 3098 8(
2025 3071 2188 3108 quartam
2205 3072 2312 3108 gene·

1371 3121 1543 3147 rationem
1555 3121 1692 3147 tantum
1708 3114 2025 3154 commemoravit,
2049 3123 2131 3147 cum
2158 3113 2191 3147 in
2218 3122 2312 3157 qua-

1373 3161 1458 3196 libet
1473 3164 1702 3209 generatione
1719 3165 1766 3199 rei
1780 3174 1971 3199 teneantur
1988 3189 1999 3205 ,
2015 3164 2079 3209 qui
2092 3172 2311 3209 peccatapa·

1355 3222 1466 3246 -trum
1482 3213 1682 3248 imitantur?
1700 3214 1728 3248 3<
1747 3226 1859 3260 quare
1870 3223 1987 3260 patres
1998 3213 2309 3254 commemoravit,

1372 3273 1454 3296 cum
1472 3264 1504 3297 8<
1532 3264 1579 3298 illi
1608 3275 1731 3298 ornnes
1756 3265 1837 3299 mali
1863 3263 1927 3298 sint
1943 3290 1952 3304 ,
1978 3264 2039 3308 qui
2061 3263 2311 3309 quorumlibet

1373 3312 1548 3348 malorum
1563 3325 1707 3360 peccata
1731 3314 1940 3349 imitantur?
1976 3313 2034 3348 scd
2073 3312 2154 3349 ideo
2185 3313 2310 3349 Patres

1375 3361 1576 3408 specialiter
1604 3365 1798 3398 nominavit
1828 3365 1913 3409 quia
1944 3364 2098 3399 maxime
2123 3375 2242 3411 patres
2267 3363 2311 3399 fi-

1354 3433 1358 3436 -
1379 3412 1418 3446 lii
1443 3414 1572 3448 imitari
1597 3413 1709 3448 solent
1724 3441 1732 3456 ‚
1754 3427 1848 3459 quos
1866 3416 2042 3461 praecipue
2070 3415 2223 3460 diligunt
2238 3442 2249 3451 .
2265 3416 2309 3450 Et

1381 3465 1521 3498 tertiam
1539 3490 1548 3505 ,
1570 3465 1601 3498 8(
1629 3476 1796 3508 quartam
1817 3466 2084 3510 generationem
2109 3465 2191 3500 ideo
2210 3476 2313 3500 com-

1381 3515 1591 3548 memoravit
1611 3541 1621 3555 ,
1633 3516 1718 3560 quia
1733 3514 1840 3549 solent
1855 3526 2018 3560 parentes
2030 3515 2207 3552 interdum
2234 3526 2312 3550 tan·

1380 3561 1440 3598 diu
1466 3565 1586 3599 vivere
1601 3592 1613 3610 ‚
1629 3566 1739 3599 donec
1753 3566 1844 3601 filios
1860 3568 1988 3602 tertios
2000 3593 2010 3608 ,
2037 3568 2069 3602 ἃ
2083 3577 2234 3612 quartos
2250 3566 2313 3600 ha-

1378 3613 1504 3650 beant:
1520 3617 1582 3661 qui
1599 3627 1736 3663 patrum
1754 3616 1963 3662 iniqttitates
1979 3617 2144 3652 videntes
2160 3643 2169 3658 ,
2187 3627 2312 3652 eorum

1377 3663 1570 3711 impietatis
1586 3666 1739 3701 haeredes
1758 3679 1818 3713 per
1831 3667 2064 3702 imitationem
2081 3668 2287 3704 efficiuntur
2304 3691 2314 3701 .

1378 3716 1588 3751 Secundum
1607 3716 1702 3750 hunc
1718 3720 1862 3752 morium
1880 3716 1972 3753 reete
1986 3718 2201 3764 intelligitur
2214 3717 2258 3754 ad
2278 3718 2319 3752 li-

1381 3776 1492 3800 tei-,tm
1509 3793 1517 3809 ‚
1540 3766 1638 3812 qnod
1654 3769 1686 3802 in
1706 3768 1830 3803 Exodo
1844 3767 1976 3803 thoitus
1996 3795 2003 3800 -
2131 3770 2276 3818 (LUAE-

2346 2989 2547 3030 solutioGi-eg.

2348 3030 2399 3059 lib·
2423 3039 2469 3065 ¹⁴·
2481 3038 2540 3068 cap.

2346 3068 2443 3101 nor-al.
2456 3078 2490 3101 ιι
2498 3084 2510 3096 .
