2592 4011
59 144 224 181 ffediojnsti.

54 185 74 217 ξε
84 185 120 213 est
133 188 228 214 amici.

53 220 109 288 ‘³⁰¹⁹'
124 232 226 290 ‘2:3¹
261 225 450 264 direrneffe
465 227 606 263 duabus
617 225 867 262 affefflonibus
883 254 894 270 ‚
924 238 1034 273 atque
1048 238 1200 274 utraque

55 304 160 328 licentia
173 316 183 327 ι

841 107 998 156 Tomus
1028 110 1106 158 m.
1140 109 1332 159 Secunda
1362 114 1562 160 Secundae
1582 147 1596 160 .

361 177 419 217 Ad
445 179 590 212 tertium
616 175 834 216 respondet),
863 181 1086 213 voluntatem
1112 190 1151 224 pr
1164 192 1199 211 e-

261 281 438 323 attingere
452 275 569 314 Deum
584 275 815 318 immediate3
843 278 874 312 3(
895 279 1041 313 alteram
1056 278 1200 323 quidem

262 328 335 369 esse
347 328 491 375 justitia
505 325 727 363 affefflonem
744 353 752 367 ‚
775 339 846 373 qua
858 340 918 374 per
939 328 1059 364 achim
1082 329 1207 365 amici„

263 383 320 417 tiae
332 379 444 417 tendit
458 379 492 413 iu
508 381 623 417 Deum
639 377 841 414 immediate
857 405 866 419 ‚
888 391 928 414 ut
942 379 992 415 est
1005 381 1138 414 bonum
1165 379 1201 413 in

264 431 329 471 se=;
356 431 500 467 alteram
517 439 605 464 vero
628 424 851 465 affeetionem
876 430 1081 471 commodi,
1103 438 1206 476 qua-a

263 493 326 531 per
338 480 460 516 astum.
470 477 767 527 concupiscentia:
778 479 890 515 tendit
904 478 1066 516 inDeum
1080 481 1125 515 im
1133 493 1203 516 me·

264 533 383 570 diate,
410 540 448 565 ut
464 528 658 568 estbonum
674 527 757 565 huic
776 543 788 571 3
812 531 845 566 8(
862 542 1061 578 utrumque
1083 530 1202 566 a&um

265 582 339 619 esse
354 577 454 628 posse
470 580 672 615 ordinatum
691 607 703 626 ,
731 580 936 626 habereque
956 581 1121 619 habitum
1151 581 1204 616 in·

267 634 456 669 clinantem
470 630 510 666 ad
525 629 637 676 ipsum
654 656 664 672 ,
685 628 1072 678 etiamThcologicum
1087 658 1097 672 ‚
1115 633 1202 677 quia

265 679 507 727 respicientem
524 682 641 718 Deum
655 681 856 718 immediate
874 693 940 726 pro
952 682 1101 729 objefio
1121 706 1131 716 .
1159 687 1207 723 At

266 731 469 769 intelleftus
487 734 629 768 minime
642 732 749 779 pollet
780 732 833 767 his
861 728 1139 775 affeffionibtis3
1164 743 1211 766 eo

268 781 370 828 quod
388 795 459 819 non
489 783 550 824 sit,
573 783 633 819 nisi
656 794 725 819 una
752 783 909 829 potentia
934 795 1017 818 nata
1047 782 1209 820 habere>

267 831 387 868 efiium
404 836 636 881 attingentem
665 834 808 875 Deum,
831 845 911 880 qure
935 834 983 870 est
1006 832 1207 880 intelligen-

265 883 340 923 tia3
368 895 407 918 ea
419 896 540 921 autern
557 882 767 920 sufficienter
779 883 962 929 perficitur
980 896 1052 919 uno
1076 882 1206 918 habitu

267 932 437 970 tendente
453 937 486 971 in
500 946 638 977 verum,
648 932 979 972 cuiassentiendum
989 933 1038 983 est
1056 945 1207 985 propter

264 983 519 1022 revelationem
532 1010 544 1020 .

366 1036 490 1084 Atque
501 1050 544 1074 ex
558 1036 614 1070 his
643 1046 736 1083 paret
761 1034 936 1080 responsio
962 1037 1005 1072 ad
1029 1034 1208 1082 0ὺῇεᾶῑο-

266 1097 346 1122 nem
359 1085 404 1121 de
421 1088 584 1125 partibus
601 1085 764 1133 imaginis
780 1100 794 1128 ς
813 1088 896 1135 quia
928 1087 1008 1123 iicet
1035 1088 1095 1122 {int
1126 1085 1208 1120 duze

266 1146 385 1183 partes
405 1136 570 1183 imaginis
586 1148 691 1179 penes
706 1137 949 1176 anaeticum,
976 1151 1045 1173 una
1059 1147 1146 1172 vero
1171 1136 1209 1168 in

266 1186 484 1227 voluntate3
507 1188 539 1222 id
559 1186 722 1231 profefto
750 1199 820 1223 non
840 1190 959 1222 evenit
977 1199 1020 1222 ex
1041 1199 1084 1223 eo
1107 1183 1209 1231 quod

263 1235 469 1272 imeneekus
480 1237 616 1282 duplici
630 1237 706 1272 retu
720 1238 841 1273 elicito
858 1238 1008 1284 attingat
1021 1235 1209 1282 objeeium

267 1286 491 1324 voluntatis:
519 1288 689 1324 memoria
711 1290 804 1324 enim
836 1290 916 1323 licet
941 1288 1071 1324 habeat
1099 1285 1213 1321 aetio-

264 1348 345 1376 nem
377 1336 419 1373 de
446 1350 576 1386 genere
600 1337 771 1380 aetionis,
794 1351 864 1374 non
889 1338 1001 1384 potest
1028 1349 1146 1373 tamen
1172 1336 1208 1370 in

265 1387 444 1425 afilionem
477 1389 521 1425 de
550 1400 678 1437 genere
702 1390 884 1434 qualitatis
911 1414 921 1428 ,
959 1401 1029 1432 qua
1057 1389 1210 1432 attingat

266 1441 388 1476 Deum
417 1463 431 1481 ‚
469 1438 524 1475 sed
568 1439 675 1474 solius
704 1440 948 1483 intelligentia:
969 1438 1019 1474 est
1045 1438 1213 1473 hancha-

265 1489 348 1526 brre
389 1491 590 1531 actionem,
618 1500 698 1534 qua:¹
725 1489 771 1525 est
801 1490 967 1534 operatio
1009 1490 1101 1523 circa
1140 1487 1211 1522 tale

267 1538 482 1587 offatim,
508 1540 541 1576 8(
568 1551 633 1586 pro
654 1550 755 1575 tanto
781 1542 815 1574 in
846 1540 1026 1576 intelleetu
1048 1537 1095 1574 est
1119 1538 1212 1572 ratio

263 1591 460 1639 patientis,
486 1592 543 1626 cui
557 1593 729 1635 competit
758 1591 849 1625 aelio
877 1590 920 1625 de
947 1601 1075 1636 genere
1101 1588 1213 1624 afi'tio-

263 1642 319 1681 nis
347 1652 385 1675 ut
423 1641 575 1687 pro-luci
601 1665 612 1681 ‚
658 1652 738 1687 quae
773 1640 847 1675 duo
885 1640 1126 1683 representant
1174 1638 1211 1672 in

265 1690 395 1729 divinis
410 1692 547 1728 Patrem
563 1717 575 1733 ,
603 1689 637 1725 8(
655 1691 777 1725 filium
798 1704 808 1722 :
831 1693 864 1725 in
880 1690 1068 1726 voluntate
1094 1699 1212 1724 autem

265 1752 339 1779 non
366 1740 416 1777 est
442 1742 525 1778 talis
555 1739 645 1775 ratio
670 1740 876 1787 originandi
897 1741 1129 1780 naturaliter,
1153 1737 1211 1773 sed

265 1794 406 1834 libere,
435 1794 469 1830 8(
508 1792 724 1837 inquantum
751 1791 860 1827 habet
893 1792 1067 1827 rationem
1093 1789 1211 1833 Origi-

265 1841 384 1881 nantis
400 1868 413 1883 ,
435 1840 550 1891 potest
565 1840 649 1887 poni
662 1843 883 1878 voluntatem
900 1852 1113 1876 concurrere
1126 1850 1211 1874 curn

267 1894 437 1930 memoria
451 1919 461 1934 ,
486 1902 523 1927 ut
540 1890 675 1926 dietum
697 1891 762 1928 fuit
785 1901 970 1940 1.p.q.93.
989 1891 1103 1927 art.8.

375 1941 644 1990 Respondentes
669 1953 755 1987 ergo
782 1942 824 1977 ad
842 1954 1099 1988 argumentum
1127 1938 1212 1973 dici-

267 2004 348 2030 mus
365 2019 377 2034 ‚
404 2005 466 2029 eos
483 1992 630 2028 habitus
654 2003 724 2027 non
741 1991 1018 2038 correspondent
1049 1989 1210 2039 partibus

267 2045 435 2090 imaginis
453 2070 465 2086 ‚
491 2041 564 2078 esse
592 2052 710 2081 tamen
740 2043 829 2079 duas
854 2043 986 2090 precise
1010 2041 1185 2090 potentias
1201 2067 1212 2082 ,

268 2104 421 2141 quarum
432 2092 481 2129 est
497 2093 673 2138 attingere
688 2093 808 2128 Deum
819 2094 1023 2129 immediate
1038 2104 1100 2139 per
1112 2090 1213 2125 acius

270 2145 411 2182 elicitos
425 2169 436 2184 ‚
468 2155 516 2179 eae
530 2154 651 2178 autem
667 2141 747 2179 sunt
765 2143 971 2179 intelleetus
987 2171 997 2186 ,
1025 2143 1088 2190 qui
1108 2153 1145 2176 ut
1161 2140 1213 2175 in-

270 2193 457 2231 distinfftus
497 2205 558 2240 per
582 2194 728 2229 unIcum
757 2194 873 2230 afium
902 2195 1063 2230 elicitum
1088 2192 1213 2228 imme-

269 2245 364 2282 diate
377 2244 522 2287 attingit
536 2243 653 2279 Deum
671 2243 849 2279 credendo
866 2270 876 2285 ‚
914 2244 947 2279 8(
961 2245 1131 2279 voluntas
1150 2268 1159 2282 ‚
1172 2253 1212 2278 ut

269 2295 416 2344 praedita
430 2292 677 2329 affeaionibus
689 2291 836 2340 justitiae
851 2294 883 2329 31
898 2293 1077 2330 commodi
1091 2303 1214 2327 aman-

268 2346 342 2388 do,
367 2347 400 2382 8(
416 2344 586 2392 sperando
606 2369 617 2380 .
977 2371 980 2374 ,

375 2395 431 2431 Ad
452 2395 616 2431 ultimum
632 2395 788 2432 dicimus
802 2393 925 2432 falsum
953 2395 1100 2429 omnino
1124 2393 1212 2436 esse,

269 2444 630 2490 defidcriumvamare
659 2447 829 2482 rationem
857 2445 1039 2481 formalem
1062 2445 1213 2492 objeai,

268 2498 355 2541 quia
370 2496 529 2531 conditio
544 2499 600 2533 illa
614 2523 625 2539 ,
646 2500 701 2531 vel
719 2495 986 2532 circumstantia
1003 2496 1062 2531 cui
1076 2509 1145 2532 non
1162 2494 1212 2530 est

271 2547 433 2584 conditio
449 2545 581 2592 objeSti
597 2559 656 2592 per
681 2545 713 2582 se
733 2561 744 2585 ι
769 2549 840 2582 imo
862 2548 943 2582 talis
962 2546 1126 2581 conditio
1148 2557 1211 2592 po-

267 2595 332 2631 test
349 2597 431 2631 addi
448 2595 552 2642 super
566 2597 747 2642 objefiium
768 2624 776 2638 ‚
809 2597 917 2632 stante
935 2597 1074 2632 formali
1101 2597 1211 2632 ratio·-

266 2659 310 2682 ne
325 2646 461 2692 objeffl
481 2673 491 2687 ,
515 2648 613 2694 quod
630 2649 740 2694 magis
756 2646 805 2682 cst
819 2646 1043 2692 perspicuum
1061 2648 1095 2682 in
1111 2648 1211 2683 habi-

268 2708 308 2732 tu
322 2696 431 2738 fidci3
467 2709 535 2732 non
549 2700 639 2733 enim
655 2697 833 2733 credendo
861 2700 976 2732 Deum
998 2696 1066 2732 effe
1086 2698 1210 2734 Salva-

265 2757 383 2782 torem
400 2774 411 2789 ,
441 2750 473 2784 8(
497 2748 776 2784 beat³ficarorem
795 2749 953 2782 omnium
983 2748 1210 2790 bonosum-J,

264 2795 383 2832 habeo
397 2798 491 2833 aliud
505 2797 687 2845 objectum
709 2799 907 2833 formaliter
919 2811 935 2831 a
957 2799 1035 2832 Deo
1054 2825 1064 2839 ‚
1076 2800 1119 2833 de
1133 2810 1208 2845 quo

264 2848 373 2883 credo
387 2847 452 2883 esse
466 2861 576 2884 unum
598 2850 630 2882 8(
653 2850 787 2883 trinum
806 2875 815 2890 ‚
840 2860 1041 2895 caeterique
1064 2848 1107 2884 de
1134 2847 1208 2894 ipso

265 2899 436 2934 credenda
455 2925 462 2938 ,
479 2898 534 2933 sed
552 2912 613 2945 per
627 2899 688 2933 ista
703 2910 840 2934 tantum
855 2910 1022 2945 comparo
1036 2909 1205 2935 aeternum

263 2949 304 2983 ad
319 2949 464 2995 aliquod
479 2951 727 2996 temporaleaea
742 2961 859 2984 autem
876 2951 1099 2996 comparatio
1110 2949 1207 2985 aliud

265 3010 335 3033 non
353 3000 542 3044 importat,
566 3012 673 3046 quam
699 2999 893 3045 respeffltim
924 3002 1071 3034 rationis
1098 3025 1108 3035 .
1136 2999 1206 3034 lta-

261 3061 334 3096 que
347 3049 539 3085 desiderare
555 3050 643 3084 mihi
659 3062 728 3086 non
743 3050 825 3084 dicit
841 3049 900 3083 nili
921 3048 1116 3095 respefftum
1141 3061 1207 3083 vo·

263 3099 425 3136 luntatis.
443 3103 536 3135 Nam
553 3103 669 3136 omnis
683 3101 841 3145 potentia
855 3101 1020 3136 collativa
1035 3101 1126 3135 valet
1140 3101 1208 3135 ob-

259 3148 393 3196 jeaum
414 3151 518 3186 suum
535 3150 576 3184 ad
595 3151 689 3186 aliud
707 3162 914 3193 comparare
933 3176 944 3191 ‚
977 3151 1010 3185 8(
1031 3151 1063 3185 in
1089 3161 1132 3186 eo
1157 3151 1204 3185 ita

260 3210 471 3247 comparato
497 3199 643 3235 causare
676 3199 870 3246 respetfftum
912 3201 1057 3237 rationis
1083 3227 1095 3243 ‚
1138 3201 1204 3247 qui

260 3261 448 3297 propterea
462 3261 530 3285 non
547 3250 633 3287 inest
647 3252 708 3287 nist
726 3263 769 3286 ex
785 3252 864 3287 aaa
878 3252 1046 3297 potentiae
1061 3262 1204 3297 compa-

261 3301 373 3335 rantis
391 3325 401 3340 ,
429 3312 498 3336 non
513 3314 598 3336 vero
624 3314 668 3337 ex
711 3313 837 3336 natura
864 3304 936 3338 rei:
963 3300 1088 3336 eodem
1117 3311 1203 3347 ergo

261 3349 371 3385 modo
389 3376 399 3391 ‚
425 3361 500 3395 quo
514 3351 715 3387 intellefius
732 3351 874 3388 causare
891 3350 1003 3398 potest
1022 3352 1117 3387 hunc
1147 3362 1204 3385 ra-

258 3400 368 3435 tionis
399 3398 595 3446 respefflum
622 3413 683 3444 per
714 3404 1016 3448 comparationem
1045 3427 1056 3442 ,
1087 3402 1134 3435 ita
1163 3400 1199 3435 8<

259 3451 431 3485 voluntas
446 3473 456 3490 ‚
483 3451 545 3495 qui
560 3451 626 3485 dici
641 3452 754 3497 potest
772 3452 947 3496 terpestas
963 3452 1200 3495 appetitivum

260 3501 295 3535 8(
320 3497 496 3544 ejusmodi
525 3499 688 3536 causatur
727 3503 761 3536 in
789 3501 937 3547 objcfflo
976 3501 1102 3537 visibili
1138 3512 1200 3546 per

261 3549 377 3585 accium
394 3549 475 3583 usus
493 3576 501 3590 ‚
526 3562 639 3597 quum
669 3549 800 3586 scilicet
817 3553 983 3588 voluntas
998 3554 1118 3598 aliquo
1131 3552 1199 3586 uti.

260 3610 347 3638 tur;
371 3599 402 3634 3(
418 3599 497 3634 talis
513 3600 581 3634 dici
595 3600 706 3646 potest
723 3601 859 3637 causari
889 3605 922 3637 in
954 3606 1033 3638 Deo
1048 3626 1059 3641 ,
1084 3614 1200 3647 quan-

258 3649 307 3684 do
323 3649 505 3685 voloillud
523 3649 847 3687 bonvminfinitum
876 3655 910 3687 in
943 3653 975 3688 se
991 3680 999 3693 ‚
1025 3650 1090 3687 effe
1114 3653 1199 3687 mihi

257 3701 417 3738 bonum;
442 3701 527 3747 quia
548 3702 714 3736 voluntas
730 3713 913 3749 comparat
927 3703 1012 3738 illud
1030 3703 1199 3737 bonum..

255 3747 440 3794 objec'iuin
455 3751 495 3785 ad
513 3750 608 3785 aliud
622 3752 777 3797 quadam
794 3754 1062 3801 comparatione
1076 3779 1086 3794 ‚
1117 3763 1200 3799 quae

235 3812 308 3839 non
325 3801 371 3836 est
385 3802 418 3835 in
439 3814 482 3836 co
497 3811 539 3837 ex
561 3813 685 3838 natura
704 3804 752 3838 rci
769 3829 779 3838 .

1367 179 1497 214 Vltima
1522 181 1685 216 instantia
1713 181 1876 227 procedit
1898 194 2020 220 contra
2031 137 2081 220 id
2105 188 2203 233 quod

1263 229 1382 266 statim
1393 229 1528 267 distum
1547 229 1625 271 est3
1651 229 1846 277 respondeo
1861 235 1982 280 itaque
2011 235 2055 270 fic
2077 249 2086 271 :
2117 235 2202 273 Non

1262 283 1382 318 omnis
1399 282 1620 329 comparatio
1646 279 1781 326 objeffl
1802 294 1863 328 per
1902 286 2126 323 voluntatem
2159 289 2205 325 ad

1264 331 1360 367 aliud
1371 329 1555 376 objeetum
1571 357 1582 373 ‚
1607 330 1655 366 est
1668 333 1892 378 comparatio
1907 359 1919 375 ‚
1943 347 2026 380 quae
2039 336 2088 371 est
2103 336 2206 378 uss15'3

1263 381 1322 417 sed
1337 393 1423 417 tune
1452 382 1488 417 id
1510 382 1687 426 contingit
1706 407 1717 422 ,
1743 383 1888 427 quando
1911 393 2139 431 comparatur
2164 398 2203 425 ut

1266 433 1385 467 minus
1400 433 1534 468 bonurn
1547 432 1753 467 ordinatum
1772 431 1814 466 ad
1833 432 1930 467 aliud
1961 444 2133 481 tanquam
2161 438 2206 474 ad

1265 480 1382 527 majus
1399 484 1531 517 bonum
1556 480 1847 531 consequendum
1877 494 1937 526 per
1962 485 2048 519 illud
2069 511 2082 519 .
2111 490 2206 537 Q

1268 532 1568 578 proculabsunta
1598 545 1634 568 re
1650 531 1839 581 praeienti;
1870 532 2049 570 Voluntas
2080 539 2207 575 enim..

1266 594 1445 630 comparat
1458 583 1542 619 illud
1556 594 1594 617 ut
1608 582 1890 619 superexcedens
1915 584 2048 619 bonum
2072 587 2114 621 ad
2144 589 2208 622 mi-

1265 644 1334 669 nus
1346 635 1479 669 bonum
1499 632 1748 681 perinfinitam
1760 631 1962 669 distantiam
1980 636 2038 670 cui
2053 635 2208 673 liberali.

1264 693 1319 718 ter
1336 683 1568 725 conceditur,
1592 694 1764 731 tanquam
1793 683 2050 729 perficiendum
2079 688 2123 721 ab
2149 700 2204 726 eo.

1266 736 1360 780 Quae
1377 733 1427 771 est
1445 735 1669 781 comparatio
1681 745 1750 769 non
1777 730 1862 769 usus
1888 731 1944 770 sed
1968 735 2209 782 liberalitatis,

1264 784 1308 819 de
1325 795 1397 831 qua
1412 785 1574 833 loquitur
1587 785 1777 822 Avicenna
1793 783 1829 820 6.
1845 784 2010 834 Metaph.
2027 796 2100 836 cap.
2115 788 2183 827 ultr

1423 884 1931 925 ARTICVLVS
1981 886 2047 929 Vl.

1362 981 1496 1019 Vtrum
1514 983 1590 1029 spes
1604 984 1643 1020 lit
1655 985 1768 1019 virtus
1781 984 1948 1023 distineia
1963 988 2008 1024 ab
2033 990 2109 1027 aliis

1489 1034 1692 1073 virtutibus
1718 1032 1956 1085 Theologicis
1972 1064 1982 1075 .

1314 1132 1453 1170 vneror
1469 1145 1501 1181 3.
1515 1134 1601 1171 difi.
1623 1135 1731 1182 26.q.
1748 1138 1824 1173 Vn.
1851 1144 1890 1181 5.
1907 1137 1965 1174 Ad
1992 1139 2161 1185 quaestlo-

1403 1195 1485 1221 nem
1497 1210 1507 1221 .
1520 1187 1562 1222 S.
1585 1185 1706 1223 Thom.
1722 1197 1759 1224 2.
1777 1197 1811 1226 2.
1826 1199 1858 1234 q.
1881 1199 1935 1235 17.
1951 1200 2021 1226 art.
2036 1191 2074 1228 6.

1390 1281 1513 1321 idetur
1543 1285 1619 1333 spes
1644 1300 1715 1325 non
1735 1288 1803 1326 effe
1825 1291 1943 1326 virtus
1969 1290 2131 1328 distincta
2164 1292 2211 1328 ab

1400 1336 1479 1371 aliis
1498 1337 1696 1376 virtutibus
1713 1341 1950 1386 Theologicis
1966 1367 1976 1379 .
1990 1341 2127 1379 Erenim
2155 1355 2211 1377 ra-

1264 1388 1318 1423 tio
1336 1387 1510 1422 naturalis
1526 1386 1633 1424 dic-iat
1651 1392 1893 1437 pluralitatem
1918 1393 1984 1428 ess‘e
2011 1393 2211 1434 vitandam,

1266 1438 1327 1472 ubi
1344 1448 1413 1471 non
1429 1448 1573 1484 apparet
1587 1440 1770 1477 necessitas
1788 1442 1941 1488 ponendi
1958 1445 2212 1488 pluralitatem:

1265 1487 1362 1522 nulla
1377 1497 1497 1523 autem
1512 1489 1708 1526 necessitate
1724 1493 1888 1536 cogimur
1915 1492 2116 1531 adstruendi
2143 1503 2213 1528 ter-

1265 1539 1350 1572 tiam
1364 1537 1534 1573 virtutem
1551 1540 1810 1587 Theologicam
1829 1554 1848 1576 a
1877 1542 1946 1579 fide
1975 1544 2006 1581 8(
2035 1543 2213 1579 charitate

1266 1587 1465 1624 distinetam
1478 1612 1490 1624 .
1508 1587 1677 1626 Probatio
1691 1593 1836 1628 minoris
1852 1605 1897 1627 ex
1913 1604 2010 1638 parte
2043 1595 2214 1629 volunta.

1265 1639 1311 1673 tis
1327 1652 1338 1679 ;
1365 1639 1533 1675 voluntas
1545 1641 1669 1677 eadem
1685 1643 1815 1678 virtute
1832 1637 2043 1682 sufficienter
2058 1642 2215 1690 disponi-

1266 1700 1325 1725 tur
1339 1688 1383 1723 ad
1395 1688 1487 1726 velle
1500 1691 1704 1728 ordinatum
1719 1720 1729 1735 ,
1753 1694 1785 1729 8(
1804 1692 1890 1729 nolle
1899 1693 2103 1729 ordinatum
2120 1719 2126 1727 .
2143 1691 2215 1730 Ne.

1266 1739 1345 1786 quit
1373 1742 1463 1776 enim
1489 1737 1557 1777 effe
1583 1741 1789 1780 ordinatum
1813 1742 1902 1780 nolle
1927 1770 1939 1786 ,
1963 1744 2023 1780 nisi
2052 1743 2216 1789 respectu

1268 1788 1349 1834 ejus
1366 1814 1376 1829 ,
1405 1789 1512 1836 cujus
1528 1791 1741 1839 oppofitiest
1755 1793 1959 1829 ordinatum
1992 1792 2082 1831 velle
2102 1819 2116 1832 .
2148 1797 2217 1831 Eo-

1267 1840 1347 1876 dem
1366 1841 1470 1877 etiam
1485 1840 1688 1889 disponitur
1701 1843 1744 1879 ad
1756 1844 1946 1879 amandum
1971 1845 2104 1880 bonum
2127 1857 2218 1892 prae-

1270 1890 1371 1932 sens,
1392 1891 1426 1929 8(
1453 1891 1719 1930 desiderandum
1748 1895 1880 1931 bonum
1910 1892 2033 1931 absens
2063 1908 2073 1936 ;
2101 1907 2218 1932 nam...

1269 1940 1392 1977 eodem
1413 1941 1526 1978 tendit
1541 1943 1676 1990 aliquid
1688 1946 1722 1980 in
1739 1946 1929 1981 terminum
1955 1957 2023 1980 non
2038 1945 2225 1988 habitum,'

1270 2003 1309 2028 ac
1329 1991 1481 2037 quiescit
1498 1994 1534 2029 iu
1548 1992 1699 2039 habito,
1735 1992 1836 2039 iuxta
1851 1996 1937 2031 illud
1957 1994 2220 2041 Augustinum.

1269 2056 1305 2090 9.
1328 2041 1372 2076 de
1400 2042 1532 2080 Trinr't.
1555 2053 1633 2093 cap.
1659 2044 1732 2082 ult.
1758 2046 1961 2094 Appetitur
1980 2046 2157 2083 inhiantis
2171 2046 2223 2093 fit

1271 2103 1371 2128 amor
1375 2093 1535 2140 fruentis
1549 2121 1559 2131 .

1374 2143 1551 2180 Praeterea
1568 2170 1579 2186 ‚
1603 2144 1761 2193 (estque
1774 2146 1941 2193 probatio
1955 2145 2107 2183 secunda
2126 2147 2223 2184 illius

1272 2195 1640 2240 minorisJAmicitia
1666 2197 1838 2244 acquisita
1865 2195 1993 2234 sufficit
2023 2197 2064 2234 ad
2086 2209 2225 2234 omnm

1271 2244 1365 2280 velle
1381 2246 1587 2281 ordinatum
1611 2247 1708 2283 circa
1730 2248 1907 2289 amicum3
1937 2248 2047 2293 idque
2071 2260 2143 2284 tam
2176 2247 2223 2283 ad

1272 2293 1563 2336 velledesiderii,
1587 2308 1695 2342 quam
1710 2296 1753 2332 ad
1783 2297 1873 2334 velle
1900 2299 2000 2345 quod
2026 2298 2075 2334 est
2104 2310 2221 2334 amare

1274 2343 1425 2393 praesens
1439 2372 1449 2387 ‚
1468 2356 1580 2392 quam
1595 2347 1701 2382 etiarn
1718 2347 1761 2383 ad
1771 2347 1860 2384 mlle
1885 2348 1984 2395 quod
2006 2349 2054 2385 est
2077 2350 2222 2396 opposi-

1274 2408 1351 2431 tum
1367 2398 1481 2432 amico
1498 2407 1507 2430 :
1526 2394 1584 2430 sed
1598 2408 1669 2432 non
1684 2396 1732 2433 est
1747 2399 1864 2435 minus
1878 2398 2048 2435 sufficiens
2065 2401 2222 2438 amicitia

1275 2445 1388 2482 infusa
1407 2471 1416 2486 ,
1444 2455 1619 2492 quantum
1636 2447 1678 2482 ad
1694 2449 1958 2485 multitudinem
1971 2449 2222 2494 Obie-Horum.

1274 2508 1383 2543 quam
1398 2497 1552 2532 amicitia
1567 2497 1737 2544 acquisita
1752 2524 1762 2539 ,
1786 2509 1869 2533 cum
1884 2498 2038 2535 charitas
2055 2511 2118 2546 per
2145 2500 2221 2534 lati-

1274 2546 1433 2583 tudinem
1448 2547 1617 2583 extendat
1637 2547 1670 2583 se
1682 2547 1726 2583 ad
1738 2550 1857 2584 omnia
1872 2548 2060 2594 diligibilia
2077 2562 2120 2586 ex
2135 2549 2221 2585 cha·

1276 2609 1380 2634 ritate
1398 2625 1408 2634 .

1379 2649 1574 2687 Praeterea,
1604 2646 1720 2685 Astus
1743 2647 1813 2696 spei
1838 2675 1848 2691 ,
1882 2650 1944 2695 qui
1970 2648 2018 2685 est
2041 2651 2222 2698 experiare

1276 2698 1424 2734 includit
1436 2697 1688 2734 certitudinem
1706 2726 1716 2739 ,
1739 2712 1820 2746 quae
1832 2701 1982 2747 pertinet
2010 2699 2053 2734 ad
2084 2702 2223 2738 intelle-

1277 2748 1372 2784 fium
1389 2751 1417 2785 8<
1436 2748 1564 2784 fidem:
1591 2750 1743 2784 includit
1754 2751 1859 2785 etiam
1875 2749 2103 2791 desiderium,
2119 2754 2222 2798 idque

1275 2799 1316 2833 ad
1334 2801 1556 2835 voluntatem
1575 2801 1754 2846 pertinet,
1777 2799 1876 2844 quod
1894 2799 2103 2836 desiderium
2133 2803 2153 2837 fi
2182 2803 2222 2838 fit

1276 2850 1500 2885 meritorium
1517 2876 1527 2890 ,
1550 2849 1681 2896 spectat
1694 2849 1738 2885 ad
1750 2849 1958 2886 charitatem
1974 2876 1985 2892 ,
2009 2863 2080 2898 que
2094 2852 2223 2888 volun-

1275 2909 1384 2935 tatem
1404 2898 1563 2945 perficit.
1579 2901 1681 2936 Sicut
1699 2901 1810 2945 igitur
1822 2901 2024 2947 expediatio
2040 2902 2220 2938 meritoria

1275 2950 1429 2985 involuit
1445 2950 1693 2986 certitudinem
1709 2950 1911 2987 intelleetus
1925 2977 1936 2993 ,
1956 2952 1987 2987 8<
2007 2950 2219 2989 desiderium

1276 3001 1476 3036 voluntatis
1488 3001 1662 3036 ordinatae
1680 3027 1690 3042 ,
1718 3002 1764 3036 ita
1785 3000 1860 3049 spes
1876 3013 1913 3036 ut
1933 3002 2047 3036 virtus
2065 3003 2219 3048 pern-512

1275 3061 1339 3095 per
1355 3050 1536 3095 quandam
1550 3053 1843 3096 aggregationem
1862 3052 2046 3087 involuere
2075 3053 2218 3089 videtur

1275 3100 1381 3136 fidem
1398 3100 1683 3141 &charitatcm3
1713 3101 1761 3138 est
1782 3103 1901 3149 itaque
1916 3101 1990 3148 spes
2012 3103 2113 3137 tertii
2144 3105 2218 3138 vir-

1274 3161 1332 3185 tus
1350 3177 1359 3192 ‚
1383 3163 1453 3186 non
1479 3152 1624 3198 quidem
1650 3150 1844 3187 formaliter
1870 3177 1881 3192 ,
1912 3163 1976 3186 nec
2003 3151 2219 3197 simpliciter,

1277 3200 1332 3235 sed
1352 3199 1545 3237 secundum
1560 3201 1659 3249 quod
1677 3212 1847 3249 aggregat
1874 3200 2072 3238 formaliter
2097 3205 2130 3238 in
2155 3202 2222 3242 se„

1276 3252 1363 3287 duas
1377 3252 1545 3288 virtutes.

1381 3303 1549 3338 Ptoeterea
1567 3330 1578 3345 ,
1607 3302 1697 3348 Spes
1712 3301 1760 3337 ita
1772 3303 2035 3338 convenitcum
2055 3302 2123 3338 fide
2141 3326 2153 3344 ,
2178 3313 2217 3338 ut

1276 3365 1347 3389 non
1365 3351 1532 3388 videatur
1544 3354 1608 3388 alia
1629 3354 1743 3387 virtus
1758 3354 1802 3387 ab
1822 3353 1880 3388 illa
1895 3377 1904 3387 .
1925 3354 2093 3389 Probatio
2106 3379 2116 3394 ‚
2146 3365 2219 3389 non

1275 3403 1323 3439 est
1338 3405 1427 3439 alius
1440 3403 1585 3439 habitus
1613 3402 1807 3439 formaliter
1831 3404 2058 3449 particularis
2078 3404 2110 3438 8<
2140 3404 2221 3438 uni·

1276 3453 1424 3488 ver-salis
1441 3481 1451 3496 ‚
1476 3455 1527 3488 uti
1543 3454 1592 3489 cst
1618 3453 1762 3488 evidens
1787 3454 1822 3488 in
1844 3455 2011 3489 omnibus
2033 3453 2220 3489 habitibus

1278 3504 1601 3540 intellelqualibus:
1621 3503 1721 3539 Fides
1739 3504 1787 3539 est
1805 3503 1962 3550 respeflu
1990 3501 2220 3544 universalia

1281 3554 1365 3589 Fide
1381 3555 1472 3589 enim
1486 3564 1589 3589 teneo
1600 3565 1742 3589 omnem
1758 3552 1893 3598 justum
1909 3553 1974 3588 effe
1994 3552 2220 3595 salvandum,

1276 3603 1297 3638 ii
1316 3604 1348 3638 in
1363 3602 1499 3649 justitia
1515 3603 1715 3639 decesserit:
1735 3603 1767 3637 ἃ
1786 3603 1959 3648 spe-teneo
1972 3616 2026 3639 me
2049 3601 2220 3647 justum-2

1276 3655 1309 3687 in
1325 3655 1481 3690 termino
1497 3655 1580 3688 vitae
1597 3654 1669 3688 fore
1696 3651 1900 3690 salvandum
1918 3680 1929 3695 ‚
1955 3665 2024 3689 non
2038 3653 2086 3690 cst
2112 3654 2221 3699 igitur

1276 3703 1347 3753 spei
1362 3704 1506 3738 habitus
1523 3705 1611 3739 alius
1626 3716 1643 3738 a
1661 3703 1730 3737 fide
1746 3729 1754 3738 .

1363 3752 1629 3797 vConfirmatur
1642 3781 1650 3789 .
1672 3752 1873 3801 Desperans
1889 3764 1958 3788 non
1972 3752 2105 3788 dicitur
2118 3750 2229 3788 odisse

2118 3802 2176 3837 scd

2238 167 2269 195 In
2284 167 2433 196 defideran.

2239 205 2279 232 do
2306 209 2436 234 bonaur„

2237 242 2375 271 infinitum
2386 253 2436 271 no.

2238 279 2279 308 bis
2302 291 2350 318 per
2382 280 2437 320 spei

2242 328 2374 347 virtutem
2399 323 2438 350 06

2238 357 2275 384 est
2309 357 2367 385 usus
2390 363 2436 392 led

2240 393 2388 426 liberalitas
2398 416 2408 427 .
