2628 4011
48 1521 117 1551 Non
149 1523 249 1552 viden·

48 1570 92 1589 tur
132 1562 250 1590 Doctori

59 1600 249 1637 multiplican-

49 1637 77 1666 di
89 1638 198 1667 habitu<
209 1640 248 1668 ci-

49 1685 91 1705 tra
105 1677 249 1706 necestita-

48 1723 107 1743 tem
122 1733 131 1748 ‚
151 1715 194 1744 sed
207 1716 250 1743 vi-

51 1753 250 1784 dendael‘oncii

69 1801 248 1821 commenta-

48 1831 137 1858 tiones
148 1849 158 1857 .
169 1832 203 1858 Et
214 1833 247 1860 B.

46 1870 154 1897 Bonav.
177 1868 247 1899 locis

48 1908 98 1934 cit.
110 1906 135 1934 in
158 1916 246 1947 marg.

49 1953 107 1973 art.
134 1956 248 1987 upra.

48 1982 140 2023 quaest.

45 2576 221 2608 Munditia„

45 2615 136 2643 cordi<
152 2617 178 2644 in
187 2625 245 2656 quo

44 2652 169 2683 confina:
181 2675 191 2686 .

36 2992 149 3026 Iustitia
183 2997 241 3025 vir-

42 3040 85 3060 tus
106 3033 132 3060 in
154 3035 240 3065 tribus

64 3069 239 3103 beatitudini.

44 3105 93 3136 bus
111 3109 240 3150 fignifica·

45 3152 89 3175 ωῐ
100 3162 111 3174 ο

728 101 889 152 Tomus
904 99 989 149 III.
1020 103 1150 150 Pam·
1177 103 1606 176 II.Qaest.LXIX.
1635 110 1740 158 Art.
1771 111 1811 158 Ῑ.
2096 126 2202 187 225}

451 233 586 383 Q
621 229 939 355 ωε
1001 236 1244 358 ST

1300 237 1540 349 Ι“.
1665 240 2105 366 LXIX

618 408 678 462 D
717 406 763 459 E
815 405 880 485 ..Β
917 407 964 486 Ε,
991 408 1052 461 ,Α
1089 407 1844 498 T<1¹T„u-,D-21-N.-1⁸ssfu
1872 404 1978 497 43,’

518 536 605 576 IN
656 536 1072 589 QyATVOR
1126 533 1636 578 ARTICVLOS
1694 543 2033 586 DIVISA.

822 648 967 687 Deinde
978 646 1266 696 considerandum
1283 647 1331 695 est
1344 646 1388 684 de
1406 648 1703 687 Beatitudinilam
1718 679 1726 688 .

392 754 486 791 ET
535 755 806 796 CIRCA
857 758 1018 795 HOC
1085 757 1645 806 QVAERVNTVR
1713 763 2158 814 QVATVOR„

594 867 628 903 1-
722 869 857 905 Vtrum
874 866 1118 904 beatitudines
1142 880 1160 902 a
1186 867 1289 905 donis
1305 882 1322 911 ,⁴
1342 870 1376 906 ἃ
1406 869 1607 908 virtutibus
1623 872 1918 920 distinguantur.

592 918 646 953 11.

594 967 665 1003 lll.

721 971 776 1005 De
795 981 944 1006 numero
956 969 1225 1006 beatitudinum
1240 997 1250 1007 .

721 920 776 954 De
788 920 946 966 praemiis
958 920 1224 954 beatitudinum
1242 931 1364 957 utrum
1381 922 1582 969 pertineant
1600 924 1644 959 ad
1658 924 1749 961 hanc
1762 927 1878 963 vitam
1895 951 1907 963 .

589 1019 661 1056 lv.
716 1022 771 1055 De
783 1020 1033 1057 convenientia
1047 1022 1279 1069 proemiorum
1296 1033 1380 1071 quae
1395 1024 1446 1059 eis
1462 1022 1719 1062 attribuuntur
1741 1051 1753 1062 .

468 1128 971 1169 ARTICVLVS
1026 1128 1060 1168 I.

285 1228 422 1271 Vtrum
433 1229 678 1273 beatitudines
692 1228 960 1316 dgstinguantur
987 1245 1005 1269 a
1032 1233 1236 1273 virtutibus

663 1282 697 1318 8<
739 1283 818 1318 onis
849 1306 859 1318 .

333 1385 466 1424 Ποΐὲον
479 1398 512 1433 3.
529 1383 611 1429 dist.
630 1394 687 1429 34.
712 1390 752 1423 ir.
769 1384 835 1420 l-lis
864 1384 1057 1421 intelleffis
1071 1397 1106 1423 n.
1129 1386 1186 1424 18.

476 1438 520 1473 S.
540 1433 661 1470 Thom.
685 1447 716 1473 ι.
736 1446 770 1470 2.
786 1447 819 1482 q.
842 1434 900 1483 69.
921 1446 993 1474 art.
1018 1448 1048 1472 1.

539 1533 897 1573 EATlTVDlNFS
911 1548 1124 1573 enumerans
1138 1538 1237 1575 Mat-

292 1535 515 1763 B
551 1586 664 1622 thaeus
689 1595 762 1634 cap.
789 1597 822 1631 5.
855 1587 1044 1623 offlonario
1086 1601 1237 1624 numero

551 1637 735 1672 concludit
749 1662 759 1672 .
773 1639 910 1673 Verum
926 1637 1040 1672 Lucas
1051 1648 1125 1687 cap.
1141 1639 1176 1674 6.
1193 1639 1236 1674 ad

548 1695 706 1732 quatuor
717 1687 932 1729 reducit‚sed
948 1688 983 1722 in
997 1688 1065 1724 illis
1077 1690 1160 1725 οᾶἶο
1177 1691 1241 1738 ἰῆς

561 1747 723 1783 quatuor
740 1735 819 1771 sunt
836 1763 847 1779 ,
877 1738 911 1771 ἃ
931 1738 965 1772 in
990 1740 1236 1782 quatuoristis

284 1789 447 1824 iiiaeoao
464 1816 476 1831 ,
497 1788 547 1825 ait
567 1787 780 1822 Ambrosius
806 1787 840 1822 in
863 1793 1108 1824 commentario
1124 1790 1236 1838 super

282 1841 415 1878 Lucam
429 1866 438 1875 .
457 1841 572 1875 Porro
583 1839 731 1885 quaefito
759 1836 1012 1883 respondentes
1025 1866 1036 1881 ,
1063 1841 1234 1882 dicimus,

283 1891 347 1926 has
360 1890 604 1926 beatitudines
619 1900 689 1924 non
706 1889 899 1935 importare
915 1890 1059 1925 habitus
1075 1890 1234 1928 diversos

280 1943 327 1977 ab
343 1941 526 1978 habitibus
543 1942 746 1980 virtutum,
775 1939 830 1975 sed
850 1941 963 1984 magis
990 1940 1056 1976 effe
1087 1942 1234 1978 habitus

278 1991 457 2040 ejusdem,
471 1992 534 2028 etsi
547 1992 625 2028 aliis
642 1990 850 2027 nominibus
866 1992 1090 2037 appellentur
1103 2019 1114 2034 ‚
1131 1995 1163 2029 8(
1179 1996 1234 2029 in-

280 2043 424 2079 terdum
454 2045 563 2079 etiam
592 2042 843 2088 exprimantur
869 2042 1006 2089 species
1051 2055 1233 2081 contenta:

278 2093 347 2130 sub
362 2092 561 2140 septenario
574 2094 753 2129 virtutum
767 2118 776 2127 .

381 2146 422 2180 Et
433 2145 581 2190 quidem
594 2144 683 2179 duas
705 2144 945 2188 temperantiae
973 2143 1105 2191 species
1136 2147 1229 2181 inter

279 2195 524 2232 beatitudines
541 2204 724 2231 enumerat
737 2195 906 2231 Salvator
920 2221 930 2236 ,
955 2207 1082 2240 nempe
1110 2195 1228 2232 humi-

277 2245 442 2288 litatem,
467 2258 548 2293 quae
565 2246 772 2280 moderatur
786 2246 881 2280 circa
898 2246 1056 2286 primum
1074 2246 1229 2282 denela-

280 2296 349 2331 bile
364 2323 374 2337 ‚
397 2297 459 2342 qui
476 2297 524 2332 est
538 2297 644 2332 honor
658 2306 739 2330 cum
755 2297 801 2330 ait
819 2297 924 2332 Beati
939 2296 1227 2342 pauperesfsiri‘

280 2355 322 2382 tu
334 2372 343 2382 .
357 2347 433 2383 Vbi
447 2347 490 2383 de
503 2347 674 2383 sententia
688 2344 883 2389 Augustini
897 2347 991 2382 rthe
1020 2347 1232 2393 intelligun-

279 2408 340 2433 tur
354 2410 528 2445 pauperes
542 2397 649 2446 spritu
675 2398 806 2443 probi,
835 2409 875 2432 ac
899 2399 1066 2433 timentes
1098 2399 1232 2442 Deum,

281 2460 356 2484 non
373 2448 543 2486 habentes
560 2448 748 2484 inflantem
766 2448 926 2494 spiritum
958 2474 966 2484 .
994 2448 1113 2483 Aliam
1141 2459 1232 2485 tem·

281 2500 452 2546 perantia:
475 2499 622 2547 speciem
655 2499 899 2535 moderantem
928 2500 1136 2545 voluptates
1167 2501 1232 2536 in..

283 2551 496 2592 communi,
521 2550 694 2598 exprimit
710 2550 798 2585 illud
832 2551 937 2587 Beata·
961 2551 1089 2586 mundo
1114 2551 1231 2588 corde.

285 2599 468 2635 Munditia
484 2601 621 2648 quippe
635 2599 753 2635 cordis
765 2599 812 2635 est
827 2601 1034 2637 immunitas
1062 2613 1231 2637 vozunta·

284 2652 332 2686 tis
344 2652 389 2686 ab
405 2651 501 2686 omni
525 2650 727 2685 inordinata
752 2648 964 2692 affeffione,
993 2653 1048 2687 vel
1075 2652 1230 2689 dele-Sta-

282 2703 382 2737 tione
396 2727 405 2742 ,
431 2712 507 2736 tum
523 2701 643 2748 quoad
659 2697 817 2747 seipsum
836 2728 846 2743 ,
871 2711 948 2735 tum
968 2704 1229 2750 rationeappe·

279 2753 417 2788 tituum
434 2750 680 2788 sensitivorum
693 2777 705 2793 ,
726 2753 862 2797 quibus
879 2753 1050 2790 voluntas
1077 2753 1226 2800 conjun,

277 2803 380 2848 gitur
399 2829 409 2843 ,
439 2801 561 2849 eisque
575 2814 657 2837 nata
669 2803 721 2837 est
750 2801 991 2838 condeleehri
1014 2827 1023 2835 .
1039 2803 1227 2842 Fortitudo

276 2855 312 2889 in
332 2851 390 2888 sua
409 2851 521 2900 specie
536 2853 779 2900 perfeffiffima
795 2854 1013 2900 exprimitur
1031 2868 1043 2895 ;
1067 2866 1150 2892 cum
1179 2860 1228 2893 ait

277 2905 445 2942 Salvator
461 2918 473 2946 ;
504 2905 683 2952 Beatiqus·
717 2904 998 2952 persecutionem
1033 2909 1230 2951 patiuntur

274 2963 418 3003 propter
431 2954 608 3001 iustitiam
624 2981 633 2991 .

382 3004 546 3053 Jufzttta
573 3004 794 3051 significatur
820 3009 854 3043 in
891 3011 1010 3046 tribus
1040 3006 1227 3053 speciebus

277 3055 359 3103 ejus
375 3080 384 3090 .
401 3057 480 3093 Vna
493 3069 573 3104 quae
587 3057 688 3093 estin
714 3059 1014 3096 communicando
1043 3059 1226 3106 seipsum,

278 3120 342 3155 per
358 3109 552 3144 amicitiam
567 3135 578 3151 ‚
605 3109 771 3144 innuitur
785 3135 795 3150 ,
809 3121 891 3144 cum
908 3113 951 3146 ait
967 3136 978 3147 .
995 3111 1097 3146 Beati
1110 3112 1224 3147 mitet.

320 3158 460 3195 uamvis
473 3160 566 3195 enim
591 3159 747 3193 amicitia
777 3161 857 3204 plus
883 3160 921 3196 sit
940 3190 948 3203 ‚
981 3173 1088 3207 quim
1119 3163 1226 3198 bene—

277 3210 433 3246 volentia
449 3234 461 3253 ,
482 3209 676 3246 secundum
700 3209 954 3257 Philosophum
972 3211 1128 3248 &lichia
1146 3223 1222 3262 cap.

277 3262 500 3307 2.qnoniam
516 3261 670 3296 amicitia
695 3259 744 3295 cst
769 3272 838 3295 non
863 3264 974 3298 latens
1004 3263 1038 3297 in
1067 3274 1223 3300 contra-2

275 3311 402 3359 pail‘is:
421 3312 453 3346 8(
481 3311 736 3347 benevolentia
767 3313 846 3357 plus
873 3313 910 3347 sit
933 3326 1044 3358 quam
1077 3315 1223 3357 mititas,

274 3362 361 3400 quia
378 3363 480 3397 mites
505 3362 610 3404 sunt,
630 3363 692 3407 qui
720 3373 788 3396 nou
811 3361 996 3398 offendunt
1013 3390 1022 3405 ,
1053 3375 1115 3399 nec
1142 3365 1225 3401 reli-

276 3411 373 3448 stunt
389 3412 424 3446 in
437 3413 557 3453 malo;
589 3412 787 3447 tamenlroc
807 3414 991 3449 minimum
1010 3442 1020 3457 ,
1048 3415 1147 3462 quod
1173 3415 1223 3452 cst

276 3461 377 3506 quali
398 3461 560 3498 infimum
574 3464 608 3497 in
623 3464 778 3498 amicitia
796 3489 806 3505 ‚
831 3466 1000 3511 exprimit
1018 3467 1127 3506 illam,
1149 3479 1223 3513 qua

278 3513 364 3560 quis
380 3513 623 3552 communicat
640 3513 671 3548 sc
685 3515 853 3561 proximo
868 3540 877 3551 .
889 3517 971 3554 Alia
986 3515 1116 3565 species
1141 3530 1222 3558 qua:

1307 1131 1485 1170 dividitur
1499 1135 1534 1171 in
1547 1133 1831 1172 dominationem
1847 1133 1980 1181 justam
1995 1165 2004 1178 ‚
2033 1138 2067 1174 &
2087 1139 2258 1177 obedien-

1309 1185 1419 1226 tiam,
1448 1184 1760 1230 significatui-cum
1784 1187 1920 1222 dicitur
1938 1214 1948 1229 ,
1973 1188 2080 1224 Beati
2101 1191 2258 1236 pacifici.

1308 1235 1386 1270 Pax
1398 1236 1562 1283 equidem
1577 1247 1665 1271 tunc
1695 1237 1729 1271 in
1758 1238 1958 1284 Republica
1988 1241 2111 1284 viget,
2142 1252 2258 1287 quum

1309 1285 1502 1322 Praefidens
1517 1286 1612 1323 reete
1627 1285 1659 1322 se
1673 1290 1765 1333 gerit
1782 1288 1816 1323 in
1834 1289 2078 1338 praecipiendo
2094 1316 2104 1331 ,
2123 1292 2155 1327 8<
2175 1291 2260 1328 sub-

1308 1336 1410 1372 ditus
1426 1349 1618 1386 promptus
1634 1337 1683 1374 est
1698 1338 1740 1373 ad
1764 1340 1961 1386 parendum
1982 1339 2088 1387 justis
2114 1345 2261 1379 manda-

1310 1387 1358 1422 tis
1376 1412 1385 1422 .
1402 1389 1525 1424 Tertia
1536 1388 1848 1436 deniquejustitiae
1863 1389 1998 1436 species
2016 1419 2025 1435 ,
2046 1405 2118 1440 que
2144 1394 2261 1431 versa-

1309 1449 1370 1473 tur
1387 1439 1479 1474 circa
1495 1442 1676 1476 exteriora
1691 1443 1991 1478 communicanda
2018 1444 2181 1479 innuitur
2210 1447 2258 1481 ibi

1309 1489 1416 1525 Beati
1432 1489 1675 1537 misericordes
1691 1518 1700 1528 .
1721 1494 1835 1529 Nullo
1851 1495 1943 1530 enim
1959 1496 2029 1530 alio
2047 1494 2194 1539 mod0‚q
2203 1499 2258 1533 uis

1311 1540 1407 1575 valet
1434 1540 1501 1577 esse
1525 1542 1681 1589 perfefiie
1708 1542 1898 1589 dispositus
1932 1545 1966 1581 in
2013 1548 2258 1585 exterioribus

1311 1592 1478 1638 proximo
1507 1594 1836 1637 communicandis,
1861 1596 1922 1630 nisi
1948 1609 2010 1643 per
2049 1599 2257 1636 virtutem-³

1315 1640 1564 1678 misericordiae
1589 1669 1599 1678 .
1627 1643 1829 1682 Misericors
1851 1647 1987 1693 quippe
2011 1652 2257 1687 communicat

1315 1691 1518 1737 indigenti,
1531 1706 1601 1729 non
1616 1704 1655 1728 ut
1667 1696 1711 1729 ab
1727 1709 1768 1731 eo
1781 1697 1983 1744 quidquam
2003 1700 2257 1744 accipiatmam

1310 1743 1466 1779 liberalis
1481 1769 1492 1784 ,
1512 1744 1574 1780 etsi
1597 1748 1839 1781 communicet
1863 1748 2005 1790 amim,
2027 1750 2095 1785 esse
2126 1750 2257 1789 nihilo-

1307 1795 1426 1828 minus
1443 1793 1558 1840 potest
1576 1795 1692 1840 aliqua
1712 1797 1908 1833 liberalitas
1935 1798 2178 1837 misericordia
2203 1804 2257 1839 in-

1308 1843 1442 1884 ferior,
1472 1855 1513 1877 ac
1532 1845 1679 1890 proinde
1706 1856 1913 1894 comparata
1936 1850 2150 1888 liberalitate
2172 1864 2257 1890 cum

1309 1892 1547 1929 misericordia
1565 1918 1579 1937 ‚
1602 1896 1658 1930 illa
1671 1895 1719 1931 est
1735 1898 1977 1944 impetftftior
1992 1898 2126 1946 species
2153 1902 2258 1946 justi.

1306 1945 1386 1981 tiae,
1411 1943 1652 1981 misericordia
1670 1945 1882 1985 liberalitate
1898 1949 2135 1999 praestantior.
2151 1955 2257 1991 Hanc

1307 1992 1583 2040 verojustiriam
1598 2021 1608 2038 ,
1629 2009 1711 2043 quae
1733 2000 1824 2035 circa
1851 2002 2063 2047 temporalia
2092 2015 2260 2040 commu-

1304 2047 1458 2082 nicanda
1485 2046 1646 2083 vers-itur
1669 2074 1680 2090 ‚
1718 2051 1884 2097 expreffit
1911 2053 2082 2089 Salvator
2106 2054 2194 2092 Luc.
2221 2055 2257 2091 8.

1304 2096 1483 2143 eumfacit
1505 2099 1715 2136 convivium
1745 2125 1755 2135 .
1783 2102 1907 2150 Atque
1931 2104 1980 2139 ita
2009 2115 2081 2139 tres
2105 2107 2257 2142 virtutes

1305 2150 1459 2184 menies
1479 2151 1859 2195 exprimunturinse‚
1887 2154 1992 2190 velin
2023 2153 2096 2190 suis
2127 2155 2257 2202 specie.

1303 2200 1423 2235 busin
1437 2203 1710 2238 enumeratione
1736 2203 2000 2242 beatitudinum
2014 2233 2021 2242 .
2045 2208 2259 2254 Praecipuzu,

1301 2249 1612 2297 Theologicarum
1628 2278 1639 2293 ,
1657 2264 1739 2299 quae
1755 2254 1803 2290 est
1819 2255 1973 2291 ebaritas
1989 2281 2001 2299 ‚
2029 2258 2258 2302 significatur

1302 2312 1385 2335 cum
1405 2301 1538 2336 dicitur
1552 2302 1660 2339 Beati
1674 2304 1738 2350 qui
1752 2303 1973 2349 esuriunt&
1993 2307 2125 2353 fitium
2141 2309 2258 2356 jul-Yi-

1304 2352 1415 2392 tiam.
1434 2351 1575 2387 Esurire
1601 2354 1764 2395 profesto
1791 2356 1862 2393 fine
1888 2356 2132 2396 misericordia
2156 2373 2256 2397 non...

1308 2403 1482 2447 cowingir
1498 2429 1509 2444 ,
1531 2402 1587 2438 sed
1603 2403 1748 2441 habitus
1761 2406 1890 2456 dequo
1905 2410 1934 2443 is
1952 2407 2054 2446 aetus
2078 2413 2256 2456 procedit,

1307 2452 1528 2489 charitascst
1545 2467 1554 2490 ς
1573 2457 1804 2502 propriissime
1815 2461 1908 2495 enim
1922 2459 2080 2497 charitas
2110 2465 2177 2498 viae
2204 2464 2253 2499 est

1305 2502 1455 2539 habitus
1471 2531 1480 2545 ‚
1508 2517 1585 2550 quo
1599 2505 1774 2543 esurimus
1790 2508 1962 2555 justitiam
1982 2536 1992 2552 ,
2016 2511 2051 2547 8<
2069 2512 2255 2557 diligimus

1307 2557 1426 2589 Deum
1445 2557 1477 2590 in
1491 2553 1524 2591 se
1538 2582 1547 2598 ‚
1562 2556 1664 2601 quod
1677 2557 1725 2593 est
1740 2571 1821 2595 vera
1841 2560 1980 2606 justitia
2000 2588 2008 2597 .
2027 2564 2131 2606 Spem
2149 2565 2256 2610 figni-

1302 2604 1387 2640 ficat
1405 2606 1719 2652 Evangelistacum
1736 2609 1859 2647 scribit
1875 2626 1885 2646 ι
1906 2613 2013 2648 Beati
2031 2616 2095 2659 qui
2117 2613 2255 2661 lugent:

1301 2656 1422 2691 lufius
1443 2657 1618 2702 siquidem
1644 2658 1695 2695 est
1716 2660 1863 2698 habitus
1886 2662 2109 2700 desiderandi
2132 2666 2167 2701 id
2190 2678 2256 2715 pro

1299 2708 1535 2754 quolugetur
1549 2734 1559 2745 .

1403 2759 1577 2806 ltaquein
1603 2757 1688 2795 0610
1714 2762 2003 2799 beatitudinibus
2024 2763 2105 2800 duae
2132 2768 2255 2816 evpri·

1300 2819 1450 2845 muntur
1469 2810 1619 2846 virtutes
1634 2814 1839 2859 appetitiva:
1855 2814 2116 2860 Theologicae‚
2131 2819 2162 2854 8(
2181 2830 2254 2854 tres

1300 2861 1454 2896 morales
1472 2886 1484 2901 .
1511 2860 1696 2897 Fortitudo
1721 2864 1758 2899 in
1781 2864 1836 2907 se,
1865 2866 1898 2901 8(
1927 2871 2163 2913 temperantia
2190 2871 2256 2906 itt-2

1297 2911 1439 2947 duabus
1459 2911 1646 2959 speciebus
1657 2911 1731 2950 suis
1749 2927 1760 2955 ;
1786 2914 1979 2962 &justitia
1996 2919 2028 2952 in
2043 2919 2163 2954 tribus
2178 2919 2254 2968 spe-

1298 2963 1424 2998 ciebus
1442 2960 1521 3008 ejus
1538 2974 1550 3001 ς
1575 2961 1654 2998 duae
1667 2976 1784 3001 autem
1802 2968 1956 3003 virtutes
1974 2968 2251 3013 intellet‘tuales,

1299 3013 1410 3049 altera
1427 3011 1598 3060 acquisita
1617 3040 1627 3055 ,
1659 3027 1742 3062 quae
1757 3017 1804 3053 est
1821 3018 2009 3065 prudentia
2031 3046 2040 3061 ‚
2064 3020 2173 3056 altera
2200 3025 2254 3058 in-

1299 3063 1376 3099 fusa
1394 3091 1405 3106 ,
1431 3063 1554 3109 estque
1567 3062 1653 3099 fides
1668 3091 1676 3105 ,
1699 3078 1782 3113 qux
1799 3081 1914 3115 neque
1933 3069 1967 3104 in
1994 3068 2025 3104 se
2051 3070 2134 3116 ipsis
2149 3099 2157 3112 ,
2186 3084 2251 3108 nce

1298 3115 1333 3149 in
1347 3127 1466 3150 earum
1481 3113 1668 3162 speciebus
1683 3117 1909 3161 innuuntur,
1941 3119 2022 3155 satis
2039 3120 2171 3156 dantur
2196 3124 2250 3157 in-

1295 3166 1491 3211 telligiper
1516 3167 1755 3211 appetitivas,
1782 3171 1869 3215 quia
1900 3182 1971 3205 non
1993 3169 2040 3205 est
2077 3183 2111 3204 vi
2127 3170 2251 3209 luntas

1297 3217 1431 3262 optime
1445 3215 1610 3263 disposita
1630 3217 1700 3253 fine
1727 3219 1863 3256 virtute
1885 3219 2190 3270 correspondente
2214 3226 2252 3260 in

1296 3267 1486 3301 inteileetu
1505 3292 1515 3301 .

1373 3317 1481 3352 Circa
1500 3327 1570 3351 tres
1584 3315 1771 3364 sequ..=ntes
1783 3322 1956 3357 articulos
1974 3322 2059 3357 nihil
2089 3328 2250 3361 occurrit

1297 3366 1339 3401 ad
1354 3368 1552 3403 notandum
1567 3380 1612 3403 ev<
1645 3370 1803 3406 [nonore
1825 3399 1834 3413 ‚
1863 3373 1920 3410 sed
1944 3373 2151 3410 consulendi
2183 3377 2251 3411 130-

1295 3430 1497 3455 naventura
1511 3417 1569 3454 hic
1586 3418 1617 3452 St
1634 3420 1719 3456 iocis
1734 3425 1797 3459 cit.
1821 3425 1909 3463 item
1938 3425 2144 3463 Richardus
2173 3430 2251 3463 alii-

1295 3479 1366 3516 que
1379 3469 1597 3507 sentcntiarii
1612 3471 1734 3519 passim
1750 3495 1763 3513 .

2052 3846 2200 3890 0*AE-

2293 1535 2490 1565 Misericordia

2293 1576 2495 1606 liberalitato,-

2291 1614 2463 1654 praestantior
2482 1633 2492 1643 .

2293 2309 2492 2342 ΕκΙιῖςσοηῆπ

2291 2350 2320 2377 in
2368 2351 2494 2383 prasenti

2291 2388 2406 2425 qua-sito
2421 2390 2493 2422 eius-

2288 2427 2355 2455 dem
2382 2429 2493 2457 senten·

2288 2468 2332 2494 tiae
2362 2466 2438 2496 fuisse
2462 2470 2496 2497 S.

2288 2504 2435 2534 'rhomam
2462 2510 2492 2536 Sc

2287 2545 2423 2575 Scotum.
