<?xml version="1.0" encoding="UTF-8"?>
<!DOCTYPE html PUBLIC "-//W3C//DTD XHTML 1.0 Transitional//EN"
    "http://www.w3.org/TR/xhtml1/DTD/xhtml1-transitional.dtd">
<html xmlns="http://www.w3.org/1999/xhtml" xml:lang="en" lang="en">
 <head>
  <title>
</title>
<meta http-equiv="Content-Type" content="text/html;charset=utf-8" />
  <meta name='ocr-system' content='tesseract 3.04.00' />
  <meta name='ocr-capabilities' content='ocr_page ocr_carea ocr_par ocr_line ocrx_word'/>
</head>
<body>
  <div class='ocr_page' id='page_1' title='image "./joannisdunsscoti03duns_0258.png"; bbox 0 0 2628 4026; ppageno 0'>
   <div class='ocr_carea' id='block_1_1' title="bbox 139 2486 341 2525">
    <p class='ocr_par' dir='ltr' id='par_1_1' title="bbox 139 2486 341 2525">
     <span class='ocr_line' id='line_1_1' title="bbox 139 2486 341 2525; baseline -0.015 -9"><span class='ocrx_word' id='word_1_1' title='bbox 139 2498 158 2525; x_wconf 68' lang='lat'>4</span> <span class='ocrx_word' id='word_1_2' title='bbox 171 2486 341 2523; x_wconf 73' lang='lat' dir='ltr'>dist.6.q.ro.</span> 
     </span>
    </p>
   </div>
   <div class='ocr_carea' id='block_1_2' title="bbox 148 2977 350 3015">
    <p class='ocr_par' dir='ltr' id='par_1_2' title="bbox 148 2977 350 3015">
     <span class='ocr_line' id='line_1_2' title="bbox 148 2977 350 3015; baseline 0.015 -8"><span class='ocrx_word' id='word_1_3' title='bbox 148 2977 251 3015; x_wconf 55' lang='lat' dir='ltr'>mist-3</span> <span class='ocrx_word' id='word_1_4' title='bbox 261 2985 272 3014; x_wconf 85' lang='lat'>3</span> <span class='ocrx_word' id='word_1_5' title='bbox 282 2981 350 3010; x_wconf 64' lang='grc' dir='ltr'>,τι-ς·</span> 
     </span>
    </p>
   </div>
   <div class='ocr_carea' id='block_1_3' title="bbox 366 121 1320 477">
    <p class='ocr_par' dir='ltr' id='par_1_3' title="bbox 369 121 1321 318">
     <span class='ocr_line' id='line_1_3' title="bbox 454 121 559 167; baseline -0.01 0"><span class='ocrx_word' id='word_1_6' title='bbox 454 122 512 167; x_wconf 83' lang='lat'>23</span> <span class='ocrx_word' id='word_1_7' title='bbox 526 121 559 166; x_wconf 67' lang='lat'>4</span> 
     </span>
     <span class='ocr_line' id='line_1_4' title="bbox 369 175 1315 224; baseline 0 -13"><span class='ocrx_word' id='word_1_8' title='bbox 369 176 518 211; x_wconf 69' lang='lat' dir='ltr'>virtutis</span> <span class='ocrx_word' id='word_1_9' title='bbox 535 175 635 213; x_wconf 66' lang='lat' dir='ltr'>aetus</span> <span class='ocrx_word' id='word_1_10' title='bbox 662 176 802 223; x_wconf 84' lang='lat' dir='ltr'>estipso</span> <span class='ocrx_word' id='word_1_11' title='bbox 816 176 950 213; x_wconf 85' lang='lat' dir='ltr'>habitu</span> <span class='ocrx_word' id='word_1_12' title='bbox 976 178 1124 214; x_wconf 79' lang='lat' dir='ltr'>virtutis</span> <span class='ocrx_word' id='word_1_13' title='bbox 1150 178 1315 224; x_wconf 64' lang='lat' dir='ltr'>praestan-</span> 
     </span>
     <span class='ocr_line' id='line_1_5' title="bbox 369 225 1320 281; baseline 0.005 -22"><span class='ocrx_word' id='word_1_14' title='bbox 369 227 438 260; x_wconf 85' lang='lat' dir='ltr'>tior</span> <span class='ocrx_word' id='word_1_15' title='bbox 451 253 463 268; x_wconf 80' lang='lat'>,</span> <span class='ocrx_word' id='word_1_16' title='bbox 491 227 524 262; x_wconf 70' lang='lat'>3&lt;</span> <span class='ocrx_word' id='word_1_17' title='bbox 543 225 692 264; x_wconf 83' lang='lat' dir='ltr'>subinde</span> <span class='ocrx_word' id='word_1_18' title='bbox 709 229 786 263; x_wconf 86' lang='lat' dir='ltr'>vitii</span> <span class='ocrx_word' id='word_1_19' title='bbox 800 228 901 268; x_wconf 56' lang='lat' dir='ltr'>astus</span> <span class='ocrx_word' id='word_1_20' title='bbox 917 227 965 263; x_wconf 86' lang='lat' dir='ltr'>est</span> <span class='ocrx_word' id='word_1_21' title='bbox 982 227 1059 276; x_wconf 90' lang='lat' dir='ltr'>ipso</span> <span class='ocrx_word' id='word_1_22' title='bbox 1076 230 1167 267; x_wconf 83' lang='lat' dir='ltr'>vitio</span> <span class='ocrx_word' id='word_1_23' title='bbox 1199 227 1320 281; x_wconf 77' lang='lat' dir='ltr'>pejor,</span> 
     </span>
     <span class='ocr_line' id='line_1_6' title="bbox 369 281 593 318; baseline -0.003 -2"><span class='ocrx_word' id='word_1_24' title='bbox 369 283 404 318; x_wconf 68' lang='lat'>8&lt;</span> <span class='ocrx_word' id='word_1_25' title='bbox 418 281 572 316; x_wconf 79' lang='lat' dir='ltr'>deterior</span> <span class='ocrx_word' id='word_1_26' title='bbox 584 304 593 313; x_wconf 91' lang='lat'><strong>.</strong></span> 
     </span>
    </p>

    <p class='ocr_par' dir='ltr' id='par_1_4' title="bbox 366 327 1315 477">
     <span class='ocr_line' id='line_1_7' title="bbox 470 327 1315 376; baseline -0.001 -12"><span class='ocrx_word' id='word_1_27' title='bbox 470 331 522 365; x_wconf 77' lang='lat' dir='ltr'>Re</span> <span class='ocrx_word' id='word_1_28' title='bbox 531 327 684 376; x_wconf 86' lang='lat' dir='ltr'>spondeo</span> <span class='ocrx_word' id='word_1_29' title='bbox 697 327 1090 372; x_wconf 84' lang='lat' dir='ltr'>dicendum,Vitiosum</span> <span class='ocrx_word' id='word_1_30' title='bbox 1103 328 1224 366; x_wconf 65' lang='lat' dir='ltr'>aetum</span> <span class='ocrx_word' id='word_1_31' title='bbox 1238 328 1315 372; x_wconf 91' lang='lat' dir='ltr'>ipso</span> 
     </span>
     <span class='ocr_line' id='line_1_8' title="bbox 369 378 1315 426; baseline 0 -10"><span class='ocrx_word' id='word_1_32' title='bbox 369 379 541 418; x_wconf 80' lang='lat' dir='ltr'>vitioeffe</span> <span class='ocrx_word' id='word_1_33' title='bbox 571 378 729 426; x_wconf 81' lang='lat' dir='ltr'>pejorem</span> <span class='ocrx_word' id='word_1_34' title='bbox 757 381 792 419; x_wconf 79' lang='grc'>8(</span> <span class='ocrx_word' id='word_1_35' title='bbox 817 378 1031 416; x_wconf 82' lang='lat' dir='ltr'>deteriorem</span> <span class='ocrx_word' id='word_1_36' title='bbox 1048 407 1058 421; x_wconf 91' lang='lat'>,</span> <span class='ocrx_word' id='word_1_37' title='bbox 1083 380 1183 415; x_wconf 79' lang='lat' dir='ltr'>sicuti</span> <span class='ocrx_word' id='word_1_38' title='bbox 1213 380 1315 419; x_wconf 71' lang='grc' dir='ltr'>αξὶυε</span> 
     </span>
     <span class='ocr_line' id='line_1_9' title="bbox 366 426 1315 477; baseline -0.005 -8"><span class='ocrx_word' id='word_1_39' title='bbox 366 433 517 469; x_wconf 76' lang='lat' dir='ltr'>virtutis</span> <span class='ocrx_word' id='word_1_40' title='bbox 529 430 577 466; x_wconf 86' lang='lat' dir='ltr'>est</span> <span class='ocrx_word' id='word_1_41' title='bbox 595 433 731 469; x_wconf 82' lang='lat' dir='ltr'>virtute</span> <span class='ocrx_word' id='word_1_42' title='bbox 760 430 1005 465; x_wconf 79' lang='lat' dir='ltr'>honorabilior</span> <span class='ocrx_word' id='word_1_43' title='bbox 1032 432 1064 465; x_wconf 87' lang='grc'>8(</span> <span class='ocrx_word' id='word_1_44' title='bbox 1083 426 1315 477; x_wconf 64' lang='grc' dir='ltr'>ρι’ωίὶειὴέὶοτ.</span> 
     </span>
    </p>
   </div>
   <div class='ocr_carea' id='block_1_4' title="bbox 135 481 1316 579">
    <p class='ocr_par' dir='ltr' id='par_1_5' title="bbox 135 481 1316 579">
     <span class='ocr_line' id='line_1_10' title="bbox 171 481 1316 526; baseline -0.009 0"><span class='ocrx_word' id='word_1_45' title='bbox 171 493 284 526; x_wconf 66' lang='grc' dir='ltr'>ῡοάοτ</span> <span class='ocrx_word' id='word_1_46' title='bbox 306 497 334 526; x_wconf 71' lang='lat' dir='ltr'>fn</span> <span class='ocrx_word' id='word_1_47' title='bbox 368 488 472 521; x_wconf 81' lang='lat' dir='ltr'>Hanc</span> <span class='ocrx_word' id='word_1_48' title='bbox 488 482 702 519; x_wconf 80' lang='lat' dir='ltr'>solutionem</span> <span class='ocrx_word' id='word_1_49' title='bbox 721 483 754 516; x_wconf 90' lang='lat' dir='ltr'>in</span> <span class='ocrx_word' id='word_1_50' title='bbox 772 481 930 514; x_wconf 88' lang='lat' dir='ltr'>terminis</span> <span class='ocrx_word' id='word_1_51' title='bbox 947 481 1050 516; x_wconf 87' lang='lat' dir='ltr'>docet</span> <span class='ocrx_word' id='word_1_52' title='bbox 1068 505 1080 521; x_wconf 84' lang='lat'>,</span> <span class='ocrx_word' id='word_1_53' title='bbox 1109 481 1143 514; x_wconf 71' lang='lat'>3:</span> <span class='ocrx_word' id='word_1_54' title='bbox 1157 481 1316 516; x_wconf 83' lang='lat' dir='ltr'>declarat</span> 
     </span>
     <span class='ocr_line' id='line_1_11' title="bbox 135 531 1314 579; baseline 0.003 -18"><span class='ocrx_word' id='word_1_55' title='bbox 135 535 319 578; x_wconf 59' lang='lat' dir='ltr'>Commequ</span> <span class='ocrx_word' id='word_1_56' title='bbox 369 531 1047 579; x_wconf 62' lang='lat' dir='ltr'>Aristoteles9.metaph.tex.com.19.&amp;</span> <span class='ocrx_word' id='word_1_57' title='bbox 1060 531 1180 575; x_wconf 85' lang='lat' dir='ltr'>quoad</span> <span class='ocrx_word' id='word_1_58' title='bbox 1194 532 1314 567; x_wconf 64' lang='lat' dir='ltr'>aftum</span> 
     </span>
    </p>
   </div>
   <div class='ocr_carea' id='block_1_5' title="bbox 133 583 969 640">
    <p class='ocr_par' dir='ltr' id='par_1_6' title="bbox 133 583 969 640">
     <span class='ocr_line' id='line_1_12' title="bbox 133 583 969 640; baseline 0.02 -41"><span class='ocrx_word' id='word_1_59' title='bbox 133 583 199 640; x_wconf 51' lang='lat'>‘1⁹22-</span> <span class='ocrx_word' id='word_1_60' title='bbox 209 583 336 640; x_wconf 45' lang='lat' dir='ltr'>inaex-</span> <span class='ocrx_word' id='word_1_61' title='bbox 367 586 515 625; x_wconf 56' lang='lat' dir='ltr'>ijms</span> <span class='ocrx_word' id='word_1_62' title='bbox 532 585 623 619; x_wconf 75' lang='lat' dir='ltr'>hanc</span> <span class='ocrx_word' id='word_1_63' title='bbox 639 583 755 618; x_wconf 82' lang='lat' dir='ltr'>innuit</span> <span class='ocrx_word' id='word_1_64' title='bbox 771 583 943 616; x_wconf 82' lang='lat' dir='ltr'>rationem</span> <span class='ocrx_word' id='word_1_65' title='bbox 961 605 969 613; x_wconf 91' lang='lat'><strong><em>.</em></strong></span> 
     </span>
    </p>
   </div>
   <div class='ocr_carea' id='block_1_6' title="bbox 365 580 1330 3710">
    <p class='ocr_par' dir='ltr' id='par_1_7' title="bbox 365 580 1321 2505">
     <span class='ocr_line' id='line_1_13' title="bbox 987 580 1316 630; baseline -0.012 -9"><span class='ocrx_word' id='word_1_66' title='bbox 987 581 1099 630; x_wconf 75' lang='lat' dir='ltr'>Qd</span> <span class='ocrx_word' id='word_1_67' title='bbox 1117 580 1166 620; x_wconf 76' lang='lat' dir='ltr'>est</span> <span class='ocrx_word' id='word_1_68' title='bbox 1181 581 1316 628; x_wconf 68' lang='lat' dir='ltr'>simpli-</span> 
     </span>
     <span class='ocr_line' id='line_1_14' title="bbox 365 631 1314 678; baseline -0.009 -4"><span class='ocrx_word' id='word_1_69' title='bbox 365 640 456 674; x_wconf 86' lang='lat' dir='ltr'>citer</span> <span class='ocrx_word' id='word_1_70' title='bbox 475 637 609 671; x_wconf 89' lang='lat' dir='ltr'>bonum</span> <span class='ocrx_word' id='word_1_71' title='bbox 625 631 673 669; x_wconf 88' lang='lat' dir='ltr'>est</span> <span class='ocrx_word' id='word_1_72' title='bbox 690 631 816 670; x_wconf 83' lang='lat' dir='ltr'>melius</span> <span class='ocrx_word' id='word_1_73' title='bbox 830 631 995 676; x_wconf 88' lang='lat' dir='ltr'>eo,quod</span> <span class='ocrx_word' id='word_1_74' title='bbox 1012 631 1205 667; x_wconf 88' lang='lat' dir='ltr'>secundum</span> <span class='ocrx_word' id='word_1_75' title='bbox 1222 631 1314 678; x_wconf 88' lang='lat' dir='ltr'>quid</span> 
     </span>
     <span class='ocr_line' id='line_1_15' title="bbox 366 682 1314 728; baseline -0.009 -5"><span class='ocrx_word' id='word_1_76' title='bbox 366 689 559 725; x_wconf 78' lang='lat' dir='ltr'>dumtaxat</span> <span class='ocrx_word' id='word_1_77' title='bbox 584 684 631 719; x_wconf 82' lang='lat' dir='ltr'>est</span> <span class='ocrx_word' id='word_1_78' title='bbox 661 685 797 720; x_wconf 89' lang='lat' dir='ltr'>bonum</span> <span class='ocrx_word' id='word_1_79' title='bbox 813 707 824 722; x_wconf 93' lang='lat'><em>‚</em></span> <span class='ocrx_word' id='word_1_80' title='bbox 848 682 1076 728; x_wconf 85' lang='lat' dir='ltr'>mixtumque</span> <span class='ocrx_word' id='word_1_81' title='bbox 1101 691 1182 717; x_wconf 85' lang='lat' dir='ltr'>cum</span> <span class='ocrx_word' id='word_1_82' title='bbox 1207 683 1314 717; x_wconf 81' lang='lat' dir='ltr'>malo.</span> 
     </span>
     <span class='ocr_line' id='line_1_16' title="bbox 367 730 1314 779; baseline -0.01 -5"><span class='ocrx_word' id='word_1_83' title='bbox 367 738 485 778; x_wconf 58' lang='lat' dir='ltr'>Astus</span> <span class='ocrx_word' id='word_1_84' title='bbox 501 736 550 771; x_wconf 82' lang='lat' dir='ltr'>est</span> <span class='ocrx_word' id='word_1_85' title='bbox 567 732 747 779; x_wconf 86' lang='lat' dir='ltr'>ejusmodi</span> <span class='ocrx_word' id='word_1_86' title='bbox 765 730 926 779; x_wconf 69' lang='lat' dir='ltr'>respe&amp;u</span> <span class='ocrx_word' id='word_1_87' title='bbox 945 731 1115 776; x_wconf 86' lang='lat' dir='ltr'>potentiae</span> <span class='ocrx_word' id='word_1_88' title='bbox 1133 730 1314 772; x_wconf 69' lang='lat' dir='ltr'>stuffiosae,</span> 
     </span>
     <span class='ocr_line' id='line_1_17' title="bbox 367 780 1314 830; baseline -0.012 -5"><span class='ocrx_word' id='word_1_89' title='bbox 367 790 547 826; x_wconf 77' lang='lat' dir='ltr'>inclinatae</span> <span class='ocrx_word' id='word_1_90' title='bbox 562 786 733 824; x_wconf 87' lang='lat' dir='ltr'>nimirum</span> <span class='ocrx_word' id='word_1_91' title='bbox 752 793 813 830; x_wconf 86' lang='lat' dir='ltr'>per</span> <span class='ocrx_word' id='word_1_92' title='bbox 829 781 991 820; x_wconf 81' lang='lat' dir='ltr'>habitum</span> <span class='ocrx_word' id='word_1_93' title='bbox 1007 781 1051 816; x_wconf 89' lang='lat' dir='ltr'>ad</span> <span class='ocrx_word' id='word_1_94' title='bbox 1071 782 1220 817; x_wconf 88' lang='lat' dir='ltr'>bonum:</span> <span class='ocrx_word' id='word_1_95' title='bbox 1239 780 1314 829; x_wconf 84' lang='lat' dir='ltr'>ipsa</span> 
     </span>
     <span class='ocr_line' id='line_1_18' title="bbox 369 830 1314 880; baseline -0.011 -4"><span class='ocrx_word' id='word_1_96' title='bbox 369 841 464 877; x_wconf 87' lang='lat' dir='ltr'>enim</span> <span class='ocrx_word' id='word_1_97' title='bbox 481 835 671 873; x_wconf 79' lang='lat' dir='ltr'>secundum</span> <span class='ocrx_word' id='word_1_98' title='bbox 695 834 783 880; x_wconf 80' lang='lat' dir='ltr'>quid</span> <span class='ocrx_word' id='word_1_99' title='bbox 800 833 894 868; x_wconf 89' lang='lat' dir='ltr'>bona</span> <span class='ocrx_word' id='word_1_100' title='bbox 915 830 964 866; x_wconf 86' lang='lat' dir='ltr'>est</span> <span class='ocrx_word' id='word_1_101' title='bbox 991 833 1179 878; x_wconf 87' lang='lat' dir='ltr'>mixtaque</span> <span class='ocrx_word' id='word_1_102' title='bbox 1196 843 1314 868; x_wconf 75' lang='lat' dir='ltr'>cum..-</span> 
     </span>
     <span class='ocr_line' id='line_1_19' title="bbox 369 881 1314 933; baseline -0.01 -9"><span class='ocrx_word' id='word_1_103' title='bbox 369 891 465 929; x_wconf 85' lang='lat' dir='ltr'>malo</span> <span class='ocrx_word' id='word_1_104' title='bbox 482 901 492 928; x_wconf 83' lang='lat'><em>3</em></span> <span class='ocrx_word' id='word_1_105' title='bbox 517 898 602 933; x_wconf 83' lang='lat' dir='ltr'>ergo</span> <span class='ocrx_word' id='word_1_106' title='bbox 615 884 715 920; x_wconf 61' lang='lat' dir='ltr'>astus</span> <span class='ocrx_word' id='word_1_107' title='bbox 729 883 787 932; x_wconf 84' lang='lat' dir='ltr'>ipsi</span> <span class='ocrx_word' id='word_1_108' title='bbox 809 881 1028 930; x_wconf 71' lang='lat' dir='ltr'>perseffione</span> <span class='ocrx_word' id='word_1_109' title='bbox 1040 882 1314 919; x_wconf 75' lang='lat' dir='ltr'>antecellitMi·</span> 
     </span>
     <span class='ocr_line' id='line_1_20' title="bbox 370 930 1314 985; baseline -0.01 -10"><span class='ocrx_word' id='word_1_110' title='bbox 370 954 436 978; x_wconf 88' lang='lat' dir='ltr'>nor</span> <span class='ocrx_word' id='word_1_111' title='bbox 449 951 493 975; x_wconf 78' lang='lat' dir='ltr'>ex</span> <span class='ocrx_word' id='word_1_112' title='bbox 506 950 547 973; x_wconf 95' lang='lat' dir='ltr'>eo</span> <span class='ocrx_word' id='word_1_113' title='bbox 569 945 667 985; x_wconf 81' lang='lat' dir='ltr'>patet</span> <span class='ocrx_word' id='word_1_114' title='bbox 682 962 692 976; x_wconf 90' lang='lat'>,</span> <span class='ocrx_word' id='word_1_115' title='bbox 718 935 802 981; x_wconf 85' lang='lat' dir='ltr'>quia</span> <span class='ocrx_word' id='word_1_116' title='bbox 816 933 975 981; x_wconf 83' lang='lat' dir='ltr'>potentia</span> <span class='ocrx_word' id='word_1_117' title='bbox 993 933 1148 969; x_wconf 84' lang='lat' dir='ltr'>studiosa</span> <span class='ocrx_word' id='word_1_118' title='bbox 1163 961 1174 977; x_wconf 90' lang='lat'><strong><em>,</em></strong></span> <span class='ocrx_word' id='word_1_119' title='bbox 1205 931 1254 979; x_wconf 80' lang='lat' dir='ltr'>est</span> <span class='ocrx_word' id='word_1_120' title='bbox 1270 930 1314 966; x_wconf 86' lang='lat' dir='ltr'>ad</span> 
     </span>
     <span class='ocr_line' id='line_1_21' title="bbox 368 984 1315 1033; baseline -0.012 -4"><span class='ocrx_word' id='word_1_121' title='bbox 368 992 544 1029; x_wconf 82' lang='lat' dir='ltr'>contraria</span> <span class='ocrx_word' id='word_1_122' title='bbox 557 1014 567 1030; x_wconf 94' lang='lat'><em>‚</em></span> <span class='ocrx_word' id='word_1_123' title='bbox 592 998 717 1033; x_wconf 86' lang='lat' dir='ltr'><strong>nempe</strong></span> <span class='ocrx_word' id='word_1_124' title='bbox 730 987 770 1023; x_wconf 81' lang='lat' dir='ltr'>ad</span> <span class='ocrx_word' id='word_1_125' title='bbox 785 987 919 1020; x_wconf 91' lang='lat' dir='ltr'>bonum</span> <span class='ocrx_word' id='word_1_126' title='bbox 936 1009 946 1025; x_wconf 87' lang='lat'>‚</span> <span class='ocrx_word' id='word_1_127' title='bbox 967 984 1000 1020; x_wconf 80' lang='grc'>8(</span> <span class='ocrx_word' id='word_1_128' title='bbox 1016 986 1147 1022; x_wconf 79' lang='lat' dir='ltr'>malum</span> <span class='ocrx_word' id='word_1_129' title='bbox 1162 984 1315 1021; x_wconf 69' lang='lat' dir='ltr'>aetum,</span> 
     </span>
     <span class='ocr_line' id='line_1_22' title="bbox 369 1033 1314 1091; baseline -0.008 -15"><span class='ocrx_word' id='word_1_130' title='bbox 369 1051 496 1091; x_wconf 88' lang='lat' dir='ltr'>potens</span> <span class='ocrx_word' id='word_1_131' title='bbox 509 1039 623 1078; x_wconf 81' lang='lat' dir='ltr'>exire3</span> <span class='ocrx_word' id='word_1_132' title='bbox 636 1049 706 1072; x_wconf 90' lang='lat' dir='ltr'>non</span> <span class='ocrx_word' id='word_1_133' title='bbox 722 1037 767 1073; x_wconf 84' lang='lat' dir='ltr'>fic</span> <span class='ocrx_word' id='word_1_134' title='bbox 781 1046 864 1072; x_wconf 81' lang='lat' dir='ltr'>vero</span> <span class='ocrx_word' id='word_1_135' title='bbox 875 1034 907 1069; x_wconf 84' lang='lat' dir='ltr'>se</span> <span class='ocrx_word' id='word_1_136' title='bbox 920 1033 1027 1071; x_wconf 87' lang='lat' dir='ltr'>habet</span> <span class='ocrx_word' id='word_1_137' title='bbox 1041 1035 1141 1071; x_wconf 68' lang='lat' dir='ltr'>aaus</span> <span class='ocrx_word' id='word_1_138' title='bbox 1153 1035 1314 1076; x_wconf 88' lang='lat' dir='ltr'>virtutis,</span> 
     </span>
     <span class='ocr_line' id='line_1_23' title="bbox 371 1084 1314 1138; baseline -0.006 -12"><span class='ocrx_word' id='word_1_139' title='bbox 371 1095 442 1129; x_wconf 85' lang='lat' dir='ltr'>imo</span> <span class='ocrx_word' id='word_1_140' title='bbox 458 1089 527 1138; x_wconf 84' lang='lat' dir='ltr'>ipse</span> <span class='ocrx_word' id='word_1_141' title='bbox 546 1088 817 1136; x_wconf 89' lang='lat' dir='ltr'>inobliquabilis</span> <span class='ocrx_word' id='word_1_142' title='bbox 830 1084 880 1121; x_wconf 89' lang='lat' dir='ltr'>est</span> <span class='ocrx_word' id='word_1_143' title='bbox 897 1112 908 1120; x_wconf 78' lang='lat'><strong>.</strong></span> <span class='ocrx_word' id='word_1_144' title='bbox 922 1085 1163 1130; x_wconf 82' lang='lat' dir='ltr'>Consimiliter</span> <span class='ocrx_word' id='word_1_145' title='bbox 1179 1087 1314 1123; x_wconf 89' lang='lat' dir='ltr'>malum</span> 
     </span>
     <span class='ocr_line' id='line_1_24' title="bbox 373 1135 1316 1187; baseline -0.013 -6"><span class='ocrx_word' id='word_1_146' title='bbox 373 1142 493 1181; x_wconf 62' lang='lat' dir='ltr'>aestum</span> <span class='ocrx_word' id='word_1_147' title='bbox 508 1138 575 1177; x_wconf 77' lang='lat' dir='ltr'>esse</span> <span class='ocrx_word' id='word_1_148' title='bbox 589 1140 752 1187; x_wconf 80' lang='lat' dir='ltr'>potentia</span> <span class='ocrx_word' id='word_1_149' title='bbox 774 1137 964 1172; x_wconf 76' lang='lat' dir='ltr'>habituata</span> <span class='ocrx_word' id='word_1_150' title='bbox 992 1135 1153 1184; x_wconf 82' lang='lat' dir='ltr'>pejorem</span> <span class='ocrx_word' id='word_1_151' title='bbox 1182 1137 1316 1185; x_wconf 83' lang='lat' dir='ltr'>proba-</span> 
     </span>
     <span class='ocr_line' id='line_1_25' title="bbox 373 1186 1316 1235; baseline -0.012 -5"><span class='ocrx_word' id='word_1_152' title='bbox 373 1205 463 1233; x_wconf 71' lang='grc' dir='ltr'>[ιιι-ς</span> <span class='ocrx_word' id='word_1_153' title='bbox 491 1194 589 1228; x_wconf 84' lang='lat' dir='ltr'>Nam</span> <span class='ocrx_word' id='word_1_154' title='bbox 607 1191 635 1225; x_wconf 88' lang='lat' dir='ltr'>is</span> <span class='ocrx_word' id='word_1_155' title='bbox 653 1189 752 1225; x_wconf 67' lang='lat' dir='ltr'>aetus</span> <span class='ocrx_word' id='word_1_156' title='bbox 767 1186 816 1225; x_wconf 83' lang='lat' dir='ltr'>est</span> <span class='ocrx_word' id='word_1_157' title='bbox 845 1186 1047 1235; x_wconf 79' lang='lat' dir='ltr'>simpliciter</span> <span class='ocrx_word' id='word_1_158' title='bbox 1071 1190 1185 1225; x_wconf 89' lang='lat' dir='ltr'>malus</span> <span class='ocrx_word' id='word_1_159' title='bbox 1203 1214 1213 1230; x_wconf 92' lang='lat'>‚</span> <span class='ocrx_word' id='word_1_160' title='bbox 1241 1196 1316 1221; x_wconf 88' lang='lat' dir='ltr'>non</span> 
     </span>
     <span class='ocr_line' id='line_1_26' title="bbox 371 1234 1317 1287; baseline -0.013 -6"><span class='ocrx_word' id='word_1_161' title='bbox 371 1245 456 1281; x_wconf 81' lang='lat' dir='ltr'>item</span> <span class='ocrx_word' id='word_1_162' title='bbox 472 1241 630 1287; x_wconf 86' lang='lat' dir='ltr'>potentia</span> <span class='ocrx_word' id='word_1_163' title='bbox 646 1266 657 1282; x_wconf 86' lang='lat'><em>‚</em></span> <span class='ocrx_word' id='word_1_164' title='bbox 681 1240 777 1275; x_wconf 90' lang='lat' dir='ltr'>unde</span> <span class='ocrx_word' id='word_1_165' title='bbox 793 1238 868 1274; x_wconf 78' lang='lat' dir='ltr'>exit</span> <span class='ocrx_word' id='word_1_166' title='bbox 883 1263 893 1279; x_wconf 89' lang='lat'>,</span> <span class='ocrx_word' id='word_1_167' title='bbox 917 1240 990 1273; x_wconf 88' lang='lat' dir='ltr'>imo</span> <span class='ocrx_word' id='word_1_168' title='bbox 1020 1241 1180 1286; x_wconf 86' lang='lat' dir='ltr'>potentia</span> <span class='ocrx_word' id='word_1_169' title='bbox 1206 1236 1255 1281; x_wconf 80' lang='lat' dir='ltr'>est</span> <span class='ocrx_word' id='word_1_170' title='bbox 1272 1234 1317 1270; x_wconf 90' lang='lat' dir='ltr'>ad</span> 
     </span>
     <span class='ocr_line' id='line_1_27' title="bbox 375 1286 1318 1339; baseline -0.014 -7"><span class='ocrx_word' id='word_1_171' title='bbox 375 1304 572 1339; x_wconf 85' lang='lat' dir='ltr'>utrumque</span> <span class='ocrx_word' id='word_1_172' title='bbox 589 1292 850 1326; x_wconf 86' lang='lat' dir='ltr'>contrariorum</span> <span class='ocrx_word' id='word_1_173' title='bbox 868 1314 879 1330; x_wconf 91' lang='lat'>,</span> <span class='ocrx_word' id='word_1_174' title='bbox 904 1289 1056 1333; x_wconf 87' lang='lat' dir='ltr'>ideoque</span> <span class='ocrx_word' id='word_1_175' title='bbox 1070 1288 1208 1335; x_wconf 77' lang='lat' dir='ltr'>aliquid</span> <span class='ocrx_word' id='word_1_176' title='bbox 1234 1286 1318 1331; x_wconf 81' lang='lat' dir='ltr'>boni</span> 
     </span>
     <span class='ocr_line' id='line_1_28' title="bbox 375 1336 1319 1394; baseline -0.008 -15"><span class='ocrx_word' id='word_1_177' title='bbox 375 1343 524 1394; x_wconf 81' lang='lat' dir='ltr'>possidet</span> <span class='ocrx_word' id='word_1_178' title='bbox 539 1369 548 1384; x_wconf 88' lang='lat'>‚</span> <span class='ocrx_word' id='word_1_179' title='bbox 575 1341 698 1388; x_wconf 76' lang='lat' dir='ltr'>estque</span> <span class='ocrx_word' id='word_1_180' title='bbox 718 1339 867 1377; x_wconf 83' lang='lat' dir='ltr'>subinde</span> <span class='ocrx_word' id='word_1_181' title='bbox 883 1338 1042 1374; x_wconf 87' lang='lat' dir='ltr'>admixta</span> <span class='ocrx_word' id='word_1_182' title='bbox 1063 1342 1184 1376; x_wconf 66' lang='lat' dir='ltr'>sono:</span> <span class='ocrx_word' id='word_1_183' title='bbox 1216 1336 1319 1384; x_wconf 60' lang='lat' dir='ltr'>asftus</span> 
     </span>
     <span class='ocr_line' id='line_1_29' title="bbox 374 1387 1321 1441; baseline -0.01 -11"><span class='ocrx_word' id='word_1_184' title='bbox 374 1407 462 1441; x_wconf 84' lang='lat' dir='ltr'>ergo</span> <span class='ocrx_word' id='word_1_185' title='bbox 479 1394 591 1429; x_wconf 79' lang='lat' dir='ltr'>malus</span> <span class='ocrx_word' id='word_1_186' title='bbox 606 1419 617 1434; x_wconf 90' lang='lat'>‚</span> <span class='ocrx_word' id='word_1_187' title='bbox 643 1390 688 1427; x_wconf 83' lang='lat' dir='ltr'>est</span> <span class='ocrx_word' id='word_1_188' title='bbox 705 1390 862 1437; x_wconf 84' lang='lat' dir='ltr'>potentia</span> <span class='ocrx_word' id='word_1_189' title='bbox 877 1388 920 1422; x_wconf 87' lang='lat' dir='ltr'>ad</span> <span class='ocrx_word' id='word_1_190' title='bbox 934 1392 1063 1427; x_wconf 81' lang='lat' dir='ltr'>malum</span> <span class='ocrx_word' id='word_1_191' title='bbox 1077 1389 1252 1429; x_wconf 78' lang='lat' dir='ltr'>deterior,</span> <span class='ocrx_word' id='word_1_192' title='bbox 1265 1387 1321 1422; x_wconf 81' lang='lat' dir='ltr'>uti</span> 
     </span>
     <span class='ocr_line' id='line_1_30' title="bbox 373 1437 1320 1494; baseline -0.012 -12"><span class='ocrx_word' id='word_1_193' title='bbox 373 1445 481 1494; x_wconf 83' lang='lat' dir='ltr'>pejus</span> <span class='ocrx_word' id='word_1_194' title='bbox 506 1443 553 1480; x_wconf 86' lang='lat' dir='ltr'>est</span> <span class='ocrx_word' id='word_1_195' title='bbox 567 1443 610 1478; x_wconf 80' lang='lat' dir='ltr'>de</span> <span class='ocrx_word' id='word_1_196' title='bbox 638 1441 734 1477; x_wconf 68' lang='lat' dir='ltr'>fa&amp;o</span> <span class='ocrx_word' id='word_1_197' title='bbox 768 1451 964 1490; x_wconf 67' lang='lat' dir='ltr'>aegrotare,</span> <span class='ocrx_word' id='word_1_198' title='bbox 995 1452 1104 1491; x_wconf 86' lang='lat' dir='ltr'>quam</span> <span class='ocrx_word' id='word_1_199' title='bbox 1127 1438 1224 1489; x_wconf 85' lang='lat' dir='ltr'>posse</span> <span class='ocrx_word' id='word_1_200' title='bbox 1242 1437 1320 1485; x_wconf 72' lang='lat' dir='ltr'>fieri</span> 
     </span>
     <span class='ocr_line' id='line_1_31' title="bbox 373 1496 1136 1545; baseline -0.007 -12"><span class='ocrx_word' id='word_1_201' title='bbox 373 1507 508 1545; x_wconf 79' lang='lat' dir='ltr'>aegrum</span> <span class='ocrx_word' id='word_1_202' title='bbox 528 1521 538 1532; x_wconf 81' lang='grc'><strong>.</strong></span> <span class='ocrx_word' id='word_1_203' title='bbox 832 1514 838 1516; x_wconf 88' lang='grc'><strong>-</strong></span> <span class='ocrx_word' id='word_1_204' title='bbox 1010 1497 1015 1500; x_wconf 82' lang='grc'><em>“</em></span> <span class='ocrx_word' id='word_1_205' title='bbox 1132 1496 1136 1501; x_wconf 89' lang='grc'><strong>’</strong></span> 
     </span>
     <span class='ocr_line' id='line_1_32' title="bbox 478 1541 1320 1589; baseline -0.005 -9"><span class='ocrx_word' id='word_1_206' title='bbox 478 1546 699 1581; x_wconf 76' lang='lat' dir='ltr'>probaverat</span> <span class='ocrx_word' id='word_1_207' title='bbox 731 1545 837 1579; x_wconf 81' lang='lat' dir='ltr'>etlam</span> <span class='ocrx_word' id='word_1_208' title='bbox 854 1550 927 1580; x_wconf 81' lang='lat' dir='ltr'>tex.</span> <span class='ocrx_word' id='word_1_209' title='bbox 947 1551 1001 1586; x_wconf 78' lang='grc' dir='ltr'>ις.</span> <span class='ocrx_word' id='word_1_210' title='bbox 1017 1542 1061 1583; x_wconf 73' lang='lat'>&amp;¹</span> <span class='ocrx_word' id='word_1_211' title='bbox 1084 1541 1140 1578; x_wconf 89' lang='lat'>16.</span> <span class='ocrx_word' id='word_1_212' title='bbox 1153 1541 1320 1589; x_wconf 78' lang='lat' dir='ltr'>pluribus</span> 
     </span>
     <span class='ocr_line' id='line_1_33' title="bbox 376 1592 1319 1642; baseline -0.012 -8"><span class='ocrx_word' id='word_1_213' title='bbox 376 1598 575 1634; x_wconf 78' lang='lat' dir='ltr'>rationibus</span> <span class='ocrx_word' id='word_1_214' title='bbox 591 1597 706 1631; x_wconf 66' lang='lat' dir='ltr'>aftum</span> <span class='ocrx_word' id='word_1_215' title='bbox 720 1594 788 1628; x_wconf 76' lang='lat' dir='ltr'>esse</span> <span class='ocrx_word' id='word_1_216' title='bbox 805 1594 962 1639; x_wconf 83' lang='lat' dir='ltr'>potentia</span> <span class='ocrx_word' id='word_1_217' title='bbox 978 1593 1058 1642; x_wconf 82' lang='lat' dir='ltr'>(ex</span> <span class='ocrx_word' id='word_1_218' title='bbox 1071 1592 1178 1638; x_wconf 86' lang='lat' dir='ltr'>cujus</span> <span class='ocrx_word' id='word_1_219' title='bbox 1195 1600 1319 1638; x_wconf 61' lang='lat' dir='ltr'>parte.)</span> 
     </span>
     <span class='ocr_line' id='line_1_34' title="bbox 375 1642 1318 1692; baseline -0.008 -8"><span class='ocrx_word' id='word_1_220' title='bbox 375 1648 408 1684; x_wconf 88' lang='lat' dir='ltr'>se</span> <span class='ocrx_word' id='word_1_221' title='bbox 422 1657 517 1683; x_wconf 86' lang='lat' dir='ltr'>tenet</span> <span class='ocrx_word' id='word_1_222' title='bbox 532 1646 708 1690; x_wconf 82' lang='lat' dir='ltr'>habitus)</span> <span class='ocrx_word' id='word_1_223' title='bbox 722 1642 915 1681; x_wconf 80' lang='lat' dir='ltr'>substantia</span> <span class='ocrx_word' id='word_1_224' title='bbox 930 1644 962 1678; x_wconf 77' lang='lat'>3&lt;</span> <span class='ocrx_word' id='word_1_225' title='bbox 990 1643 1318 1692; x_wconf 59' lang='lat' dir='ltr'>perfefilioneprio-</span> 
     </span>
     <span class='ocr_line' id='line_1_35' title="bbox 376 1691 1318 1742; baseline -0.01 -9"><span class='ocrx_word' id='word_1_226' title='bbox 376 1710 448 1734; x_wconf 90' lang='lat' dir='ltr'>rem</span> <span class='ocrx_word' id='word_1_227' title='bbox 463 1724 471 1735; x_wconf 86' lang='lat'><em>.</em></span> <span class='ocrx_word' id='word_1_228' title='bbox 493 1699 573 1735; x_wconf 82' lang='lat' dir='ltr'>Una</span> <span class='ocrx_word' id='word_1_229' title='bbox 593 1708 714 1732; x_wconf 84' lang='lat' dir='ltr'>earum</span> <span class='ocrx_word' id='word_1_230' title='bbox 733 1696 911 1730; x_wconf 87' lang='lat' dir='ltr'>rationum</span> <span class='ocrx_word' id='word_1_231' title='bbox 925 1691 975 1728; x_wconf 85' lang='lat' dir='ltr'>est</span> <span class='ocrx_word' id='word_1_232' title='bbox 992 1694 1078 1729; x_wconf 83' lang='lat' dir='ltr'>ista:</span> <span class='ocrx_word' id='word_1_233' title='bbox 1102 1692 1215 1742; x_wconf 85' lang='lat' dir='ltr'>Qod</span> <span class='ocrx_word' id='word_1_234' title='bbox 1234 1703 1318 1737; x_wconf 82' lang='lat' dir='ltr'>pro-</span> 
     </span>
     <span class='ocr_line' id='line_1_36' title="bbox 375 1742 1319 1795; baseline -0.008 -11"><span class='ocrx_word' id='word_1_235' title='bbox 375 1748 539 1795; x_wconf 62' lang='lat' dir='ltr'>gretlirur</span> <span class='ocrx_word' id='word_1_236' title='bbox 555 1747 596 1781; x_wconf 93' lang='lat' dir='ltr'>ad</span> <span class='ocrx_word' id='word_1_237' title='bbox 611 1746 717 1785; x_wconf 86' lang='lat' dir='ltr'>finem</span> <span class='ocrx_word' id='word_1_238' title='bbox 735 1772 747 1788; x_wconf 91' lang='lat'><strong><em>,</em></strong></span> <span class='ocrx_word' id='word_1_239' title='bbox 772 1743 1008 1791; x_wconf 66' lang='lat' dir='ltr'>progreditur</span> <span class='ocrx_word' id='word_1_240' title='bbox 1026 1745 1068 1780; x_wconf 86' lang='lat' dir='ltr'>ad</span> <span class='ocrx_word' id='word_1_241' title='bbox 1099 1742 1319 1793; x_wconf 53' lang='lat' dir='ltr'>quoddam„</span> 
     </span>
     <span class='ocr_line' id='line_1_37' title="bbox 375 1792 1317 1847; baseline -0.006 -14"><span class='ocrx_word' id='word_1_242' title='bbox 375 1800 591 1847; x_wconf 87' lang='lat' dir='ltr'>principium</span> <span class='ocrx_word' id='word_1_243' title='bbox 610 1821 622 1841; x_wconf 90' lang='lat'><strong>‚</strong></span> <span class='ocrx_word' id='word_1_244' title='bbox 642 1809 723 1832; x_wconf 89' lang='lat' dir='ltr'>cum</span> <span class='ocrx_word' id='word_1_245' title='bbox 740 1795 818 1831; x_wconf 83' lang='lat' dir='ltr'>finis</span> <span class='ocrx_word' id='word_1_246' title='bbox 833 1794 870 1829; x_wconf 83' lang='lat' dir='ltr'>sit</span> <span class='ocrx_word' id='word_1_247' title='bbox 884 1795 1100 1841; x_wconf 84' lang='lat' dir='ltr'>principium</span> <span class='ocrx_word' id='word_1_248' title='bbox 1113 1797 1147 1832; x_wconf 68' lang='grc' dir='ltr'>ἃ</span> <span class='ocrx_word' id='word_1_249' title='bbox 1179 1792 1317 1838; x_wconf 72' lang='lat' dir='ltr'>causa...</span> 
     </span>
     <span class='ocr_line' id='line_1_38' title="bbox 373 1843 1318 1897; baseline -0.01 -11"><span class='ocrx_word' id='word_1_250' title='bbox 373 1852 409 1886; x_wconf 89' lang='lat'>&amp;</span> <span class='ocrx_word' id='word_1_251' title='bbox 427 1850 580 1897; x_wconf 83' lang='lat' dir='ltr'>primum</span> <span class='ocrx_word' id='word_1_252' title='bbox 595 1849 628 1884; x_wconf 90' lang='lat' dir='ltr'>in</span> <span class='ocrx_word' id='word_1_253' title='bbox 646 1847 864 1883; x_wconf 87' lang='lat' dir='ltr'>intentione:</span> <span class='ocrx_word' id='word_1_254' title='bbox 882 1844 950 1881; x_wconf 83' lang='lat' dir='ltr'>Sed</span> <span class='ocrx_word' id='word_1_255' title='bbox 963 1846 1064 1896; x_wconf 55' lang='grc' dir='ltr'>εξὶμβ</span> <span class='ocrx_word' id='word_1_256' title='bbox 1093 1846 1142 1882; x_wconf 81' lang='lat' dir='ltr'>est</span> <span class='ocrx_word' id='word_1_257' title='bbox 1160 1843 1239 1879; x_wconf 86' lang='lat' dir='ltr'>finis</span> <span class='ocrx_word' id='word_1_258' title='bbox 1254 1854 1318 1889; x_wconf 92' lang='lat' dir='ltr'>po-</span> 
     </span>
     <span class='ocr_line' id='line_1_39' title="bbox 372 1895 1316 1944; baseline -0.007 -9"><span class='ocrx_word' id='word_1_259' title='bbox 372 1901 495 1936; x_wconf 85' lang='lat' dir='ltr'>tentiae</span> <span class='ocrx_word' id='word_1_260' title='bbox 509 1896 686 1938; x_wconf 81' lang='lat' dir='ltr'>studiosae,</span> <span class='ocrx_word' id='word_1_261' title='bbox 699 1897 757 1931; x_wconf 82' lang='lat' dir='ltr'>vel</span> <span class='ocrx_word' id='word_1_262' title='bbox 770 1895 948 1933; x_wconf 79' lang='lat' dir='ltr'>inclinatae</span> <span class='ocrx_word' id='word_1_263' title='bbox 965 1908 1026 1944; x_wconf 89' lang='lat' dir='ltr'>per</span> <span class='ocrx_word' id='word_1_264' title='bbox 1042 1896 1204 1932; x_wconf 86' lang='lat' dir='ltr'>habitum</span> <span class='ocrx_word' id='word_1_265' title='bbox 1213 1905 1316 1939; x_wconf 78' lang='lat' dir='ltr'>:ergo</span> 
     </span>
     <span class='ocr_line' id='line_1_40' title="bbox 372 1944 1315 1998; baseline -0.01 -12"><span class='ocrx_word' id='word_1_266' title='bbox 372 1950 474 1986; x_wconf 63' lang='lat' dir='ltr'>aetus</span> <span class='ocrx_word' id='word_1_267' title='bbox 490 1949 646 1998; x_wconf 82' lang='lat' dir='ltr'>primum</span> <span class='ocrx_word' id='word_1_268' title='bbox 660 1946 792 1982; x_wconf 82' lang='lat' dir='ltr'>cadens</span> <span class='ocrx_word' id='word_1_269' title='bbox 811 1944 873 1980; x_wconf 90' lang='lat' dir='ltr'>sub</span> <span class='ocrx_word' id='word_1_270' title='bbox 890 1947 1088 1983; x_wconf 85' lang='lat' dir='ltr'>intentione</span> <span class='ocrx_word' id='word_1_271' title='bbox 1117 1953 1315 1992; x_wconf 77' lang='lat' dir='ltr'>operantis.</span> 
     </span>
     <span class='ocr_line' id='line_1_41' title="bbox 374 1995 1313 2046; baseline -0.007 -9"><span class='ocrx_word' id='word_1_272' title='bbox 374 2000 566 2037; x_wconf 86' lang='lat' dir='ltr'>substantia</span> <span class='ocrx_word' id='word_1_273' title='bbox 581 1999 615 2034; x_wconf 87' lang='grc'>8(</span> <span class='ocrx_word' id='word_1_274' title='bbox 647 1996 866 2046; x_wconf 67' lang='grc' dir='ltr'>ρεῐῐεέὶίοηε</span> <span class='ocrx_word' id='word_1_275' title='bbox 883 1997 978 2042; x_wconf 88' lang='lat' dir='ltr'>prior</span> <span class='ocrx_word' id='word_1_276' title='bbox 993 1996 1042 2033; x_wconf 87' lang='lat' dir='ltr'>est</span> <span class='ocrx_word' id='word_1_277' title='bbox 1068 1997 1225 2044; x_wconf 79' lang='lat' dir='ltr'>porentia</span> <span class='ocrx_word' id='word_1_278' title='bbox 1241 2021 1251 2035; x_wconf 89' lang='lat'>‚</span> <span class='ocrx_word' id='word_1_279' title='bbox 1280 1995 1313 2030; x_wconf 83' lang='grc'>8(</span> 
     </span>
     <span class='ocr_line' id='line_1_42' title="bbox 372 2044 1315 2096; baseline -0.007 -11"><span class='ocrx_word' id='word_1_280' title='bbox 372 2051 501 2088; x_wconf 82' lang='lat' dir='ltr'>habitu</span> <span class='ocrx_word' id='word_1_281' title='bbox 513 2077 523 2091; x_wconf 89' lang='lat'>‚</span> <span class='ocrx_word' id='word_1_282' title='bbox 537 2049 580 2085; x_wconf 88' lang='lat' dir='ltr'>dc·</span> <span class='ocrx_word' id='word_1_283' title='bbox 592 2061 667 2094; x_wconf 91' lang='lat' dir='ltr'>quo</span> <span class='ocrx_word' id='word_1_284' title='bbox 681 2046 855 2096; x_wconf 78' lang='lat' dir='ltr'>procedit·</span> <span class='ocrx_word' id='word_1_285' title='bbox 872 2047 1048 2084; x_wconf 79' lang='lat' dir='ltr'>Minorem</span> <span class='ocrx_word' id='word_1_286' title='bbox 1061 2047 1217 2084; x_wconf 72' lang='lat' dir='ltr'>declarat</span> <span class='ocrx_word' id='word_1_287' title='bbox 1233 2044 1315 2080; x_wconf 88' lang='lat' dir='ltr'>Phi·</span> 
     </span>
     <span class='ocr_line' id='line_1_43' title="bbox 374 2095 1315 2147; baseline -0.006 -10"><span class='ocrx_word' id='word_1_288' title='bbox 374 2101 547 2147; x_wconf 88' lang='lat' dir='ltr'>losophus</span> <span class='ocrx_word' id='word_1_289' title='bbox 562 2099 820 2146; x_wconf 79' lang='lat' dir='ltr'>multipliciter,</span> <span class='ocrx_word' id='word_1_290' title='bbox 835 2095 892 2132; x_wconf 81' lang='lat' dir='ltr'>sed</span> <span class='ocrx_word' id='word_1_291' title='bbox 910 2096 992 2139; x_wconf 84' lang='lat' dir='ltr'>satis</span> <span class='ocrx_word' id='word_1_292' title='bbox 1015 2098 1062 2134; x_wconf 87' lang='lat' dir='ltr'>est</span> <span class='ocrx_word' id='word_1_293' title='bbox 1076 2095 1229 2145; x_wconf 78' lang='lat' dir='ltr'>tetigisse</span> <span class='ocrx_word' id='word_1_294' title='bbox 1246 2096 1315 2131; x_wconf 84' lang='lat' dir='ltr'>hoc</span> 
     </span>
     <span class='ocr_line' id='line_1_44' title="bbox 376 2147 1311 2189; baseline -0.01 0"><span class='ocrx_word' id='word_1_295' title='bbox 376 2152 557 2189; x_wconf 84' lang='lat' dir='ltr'>medium:</span> <span class='ocrx_word' id='word_1_296' title='bbox 574 2152 669 2188; x_wconf 85' lang='lat' dir='ltr'>Nam</span> <span class='ocrx_word' id='word_1_297' title='bbox 683 2149 849 2183; x_wconf 82' lang='lat' dir='ltr'>animalia</span> <span class='ocrx_word' id='word_1_298' title='bbox 875 2160 946 2183; x_wconf 89' lang='lat' dir='ltr'>non</span> <span class='ocrx_word' id='word_1_299' title='bbox 964 2149 1083 2184; x_wconf 81' lang='lat' dir='ltr'>vident</span> <span class='ocrx_word' id='word_1_300' title='bbox 1106 2159 1144 2184; x_wconf 88' lang='lat' dir='ltr'>ut</span> <span class='ocrx_word' id='word_1_301' title='bbox 1159 2147 1311 2182; x_wconf 81' lang='lat' dir='ltr'>habeant</span> 
     </span>
     <span class='ocr_line' id='line_1_45' title="bbox 377 2196 1316 2250; baseline -0.007 -12"><span class='ocrx_word' id='word_1_302' title='bbox 377 2201 576 2250; x_wconf 84' lang='lat' dir='ltr'>potentiam</span> <span class='ocrx_word' id='word_1_303' title='bbox 594 2199 762 2240; x_wconf 84' lang='lat' dir='ltr'>videndi,</span> <span class='ocrx_word' id='word_1_304' title='bbox 790 2196 845 2233; x_wconf 88' lang='lat' dir='ltr'>sed</span> <span class='ocrx_word' id='word_1_305' title='bbox 862 2197 992 2235; x_wconf 82' lang='lat' dir='ltr'>habent</span> <span class='ocrx_word' id='word_1_306' title='bbox 1009 2201 1129 2247; x_wconf 88' lang='lat' dir='ltr'>potius</span> <span class='ocrx_word' id='word_1_307' title='bbox 1149 2209 1236 2237; x_wconf 82' lang='lat' dir='ltr'>eam</span> <span class='ocrx_word' id='word_1_308' title='bbox 1252 2209 1316 2244; x_wconf 90' lang='lat' dir='ltr'>po-</span> 
     </span>
     <span class='ocr_line' id='line_1_46' title="bbox 376 2247 1316 2295; baseline -0.007 -7"><span class='ocrx_word' id='word_1_309' title='bbox 376 2254 522 2289; x_wconf 72' lang='lat' dir='ltr'>tentiam</span> <span class='ocrx_word' id='word_1_310' title='bbox 539 2278 550 2295; x_wconf 92' lang='lat'>,</span> <span class='ocrx_word' id='word_1_311' title='bbox 567 2261 607 2287; x_wconf 88' lang='lat' dir='ltr'>ut</span> <span class='ocrx_word' id='word_1_312' title='bbox 620 2249 762 2286; x_wconf 79' lang='lat' dir='ltr'>videant</span> <span class='ocrx_word' id='word_1_313' title='bbox 782 2247 1005 2290; x_wconf 81' lang='lat' dir='ltr'>;aedificator</span> <span class='ocrx_word' id='word_1_314' title='bbox 1022 2261 1092 2285; x_wconf 89' lang='lat' dir='ltr'>non</span> <span class='ocrx_word' id='word_1_315' title='bbox 1107 2247 1316 2288; x_wconf 83' lang='lat' dir='ltr'>aedificat‚ut</span> 
     </span>
     <span class='ocr_line' id='line_1_47' title="bbox 374 2297 1317 2345; baseline -0.008 -6"><span class='ocrx_word' id='word_1_316' title='bbox 374 2304 505 2339; x_wconf 87' lang='lat' dir='ltr'>habeat</span> <span class='ocrx_word' id='word_1_317' title='bbox 531 2312 644 2336; x_wconf 87' lang='lat' dir='ltr'>artem</span> <span class='ocrx_word' id='word_1_318' title='bbox 659 2326 670 2341; x_wconf 94' lang='lat'>‚</span> <span class='ocrx_word' id='word_1_319' title='bbox 699 2299 754 2334; x_wconf 87' lang='lat' dir='ltr'>sed</span> <span class='ocrx_word' id='word_1_320' title='bbox 773 2311 791 2333; x_wconf 89' lang='lat' dir='ltr'>e</span> <span class='ocrx_word' id='word_1_321' title='bbox 805 2299 977 2335; x_wconf 89' lang='lat' dir='ltr'>converso</span> <span class='ocrx_word' id='word_1_322' title='bbox 990 2300 1098 2345; x_wconf 87' lang='lat' dir='ltr'>pollet</span> <span class='ocrx_word' id='word_1_323' title='bbox 1114 2308 1188 2332; x_wconf 79' lang='lat' dir='ltr'>arte</span> <span class='ocrx_word' id='word_1_324' title='bbox 1203 2297 1317 2342; x_wconf 87' lang='lat' dir='ltr'>gratia</span> 
     </span>
     <span class='ocr_line' id='line_1_48' title="bbox 379 2346 1316 2397; baseline -0.011 -7"><span class='ocrx_word' id='word_1_325' title='bbox 379 2351 577 2390; x_wconf 82' lang='lat' dir='ltr'>aedificandi</span> <span class='ocrx_word' id='word_1_326' title='bbox 593 2353 663 2386; x_wconf 71' lang='grc' dir='ltr'>διο.</span> <span class='ocrx_word' id='word_1_327' title='bbox 677 2361 764 2393; x_wconf 85' lang='lat' dir='ltr'>ergo</span> <span class='ocrx_word' id='word_1_328' title='bbox 780 2349 879 2385; x_wconf 65' lang='lat' dir='ltr'>aetus</span> <span class='ocrx_word' id='word_1_329' title='bbox 902 2349 950 2386; x_wconf 85' lang='lat' dir='ltr'>est</span> <span class='ocrx_word' id='word_1_330' title='bbox 965 2349 1043 2384; x_wconf 85' lang='lat' dir='ltr'>finis</span> <span class='ocrx_word' id='word_1_331' title='bbox 1059 2349 1226 2397; x_wconf 79' lang='lat' dir='ltr'>potentiae</span> <span class='ocrx_word' id='word_1_332' title='bbox 1241 2365 1264 2387; x_wconf 63' lang='lat'>,›</span> <span class='ocrx_word' id='word_1_333' title='bbox 1280 2346 1316 2388; x_wconf 73' lang='lat'>8&lt;</span> 
     </span>
     <span class='ocr_line' id='line_1_49' title="bbox 374 2396 1316 2448; baseline -0.007 -9"><span class='ocrx_word' id='word_1_334' title='bbox 374 2405 522 2440; x_wconf 81' lang='lat' dir='ltr'>habitus</span> <span class='ocrx_word' id='word_1_335' title='bbox 538 2428 549 2444; x_wconf 89' lang='lat'>,</span> <span class='ocrx_word' id='word_1_336' title='bbox 579 2401 706 2447; x_wconf 87' lang='lat' dir='ltr'>atquei</span> <span class='ocrx_word' id='word_1_337' title='bbox 726 2409 746 2437; x_wconf 85' lang='lat' dir='ltr'>a</span> <span class='ocrx_word' id='word_1_338' title='bbox 758 2398 886 2434; x_wconf 87' lang='lat' dir='ltr'>habitu</span> <span class='ocrx_word' id='word_1_339' title='bbox 905 2400 1092 2448; x_wconf 60' lang='lat' dir='ltr'>perfec-lior</span> <span class='ocrx_word' id='word_1_340' title='bbox 1108 2401 1144 2434; x_wconf 88' lang='lat' dir='ltr'>in</span> <span class='ocrx_word' id='word_1_341' title='bbox 1157 2396 1316 2448; x_wconf 79' lang='lat' dir='ltr'>bonis,&amp;</span> 
     </span>
     <span class='ocr_line' id='line_1_50' title="bbox 375 2450 1064 2505; baseline -0.013 -14"><span class='ocrx_word' id='word_1_342' title='bbox 375 2454 479 2505; x_wconf 87' lang='lat' dir='ltr'>pejor</span> <span class='ocrx_word' id='word_1_343' title='bbox 505 2466 544 2488; x_wconf 84' lang='lat' dir='ltr'>ac</span> <span class='ocrx_word' id='word_1_344' title='bbox 569 2451 720 2487; x_wconf 84' lang='lat' dir='ltr'>deterior</span> <span class='ocrx_word' id='word_1_345' title='bbox 747 2451 780 2485; x_wconf 92' lang='lat' dir='ltr'>in</span> <span class='ocrx_word' id='word_1_346' title='bbox 793 2450 892 2485; x_wconf 85' lang='lat' dir='ltr'>malls</span> <span class='ocrx_word' id='word_1_347' title='bbox 910 2476 920 2488; x_wconf 83' lang='grc'>,</span> <span class='ocrx_word' id='word_1_348' title='bbox 1056 2481 1064 2488; x_wconf 76' lang='grc'><strong>,</strong></span> 
     </span>
    </p>

    <p class='ocr_par' dir='ltr' id='par_1_8' title="bbox 374 2497 1330 3651">
     <span class='ocr_line' id='line_1_51' title="bbox 479 2497 1323 2543; baseline -0.005 -3"><span class='ocrx_word' id='word_1_349' title='bbox 479 2502 631 2543; x_wconf 86' lang='lat' dir='ltr'>Deinde,</span> <span class='ocrx_word' id='word_1_350' title='bbox 650 2501 822 2536; x_wconf 79' lang='lat' dir='ltr'>Malitiam</span> <span class='ocrx_word' id='word_1_351' title='bbox 839 2513 982 2538; x_wconf 89' lang='lat' dir='ltr'>omnem</span> <span class='ocrx_word' id='word_1_352' title='bbox 996 2502 1143 2538; x_wconf 87' lang='lat' dir='ltr'>habitus</span> <span class='ocrx_word' id='word_1_353' title='bbox 1169 2497 1323 2536; x_wconf 85' lang='lat' dir='ltr'>vitiosus</span> 
     </span>
     <span class='ocr_line' id='line_1_52' title="bbox 376 2548 1321 2602; baseline -0.01 -10"><span class='ocrx_word' id='word_1_354' title='bbox 376 2555 509 2602; x_wconf 88' lang='lat' dir='ltr'>accipit</span> <span class='ocrx_word' id='word_1_355' title='bbox 527 2564 571 2589; x_wconf 81' lang='lat' dir='ltr'>ex</span> <span class='ocrx_word' id='word_1_356' title='bbox 588 2551 726 2587; x_wconf 54' lang='lat' dir='ltr'>astibus</span> <span class='ocrx_word' id='word_1_357' title='bbox 756 2549 883 2586; x_wconf 87' lang='lat' dir='ltr'>elicitis</span> <span class='ocrx_word' id='word_1_358' title='bbox 908 2563 1031 2590; x_wconf 84' lang='lat' dir='ltr'>contra</span> <span class='ocrx_word' id='word_1_359' title='bbox 1054 2553 1191 2590; x_wconf 62' lang='lat' dir='ltr'>res-lum</span> <span class='ocrx_word' id='word_1_360' title='bbox 1207 2548 1321 2584; x_wconf 64' lang='lat' dir='ltr'>dieta-</span> 
     </span>
     <span class='ocr_line' id='line_1_53' title="bbox 378 2601 1319 2644; baseline -0.006 -2"><span class='ocrx_word' id='word_1_361' title='bbox 378 2619 458 2642; x_wconf 89' lang='lat' dir='ltr'>men</span> <span class='ocrx_word' id='word_1_362' title='bbox 472 2604 621 2639; x_wconf 87' lang='lat' dir='ltr'>rationis</span> <span class='ocrx_word' id='word_1_363' title='bbox 639 2629 648 2644; x_wconf 90' lang='lat'><strong>,</strong></span> <span class='ocrx_word' id='word_1_364' title='bbox 673 2602 714 2637; x_wconf 87' lang='lat' dir='ltr'>ad</span> <span class='ocrx_word' id='word_1_365' title='bbox 728 2601 927 2638; x_wconf 76' lang='lat' dir='ltr'>consimiles</span> <span class='ocrx_word' id='word_1_366' title='bbox 950 2602 1099 2640; x_wconf 80' lang='lat' dir='ltr'>subinde</span> <span class='ocrx_word' id='word_1_367' title='bbox 1129 2601 1319 2643; x_wconf 83' lang='lat' dir='ltr'>inclinans;</span> 
     </span>
     <span class='ocr_line' id='line_1_54' title="bbox 381 2653 1319 2703; baseline -0.005 -11"><span class='ocrx_word' id='word_1_368' title='bbox 381 2654 451 2703; x_wconf 85' lang='lat' dir='ltr'>ipse</span> <span class='ocrx_word' id='word_1_369' title='bbox 469 2665 555 2699; x_wconf 83' lang='lat' dir='ltr'>ergo</span> <span class='ocrx_word' id='word_1_370' title='bbox 565 2654 707 2690; x_wconf 85' lang='lat' dir='ltr'>habitus</span> <span class='ocrx_word' id='word_1_371' title='bbox 719 2654 841 2688; x_wconf 81' lang='lat' dir='ltr'>animae</span> <span class='ocrx_word' id='word_1_372' title='bbox 855 2653 1030 2692; x_wconf 69' lang='lat' dir='ltr'>inhaerens</span> <span class='ocrx_word' id='word_1_373' title='bbox 1044 2681 1056 2698; x_wconf 92' lang='lat'>,</span> <span class='ocrx_word' id='word_1_374' title='bbox 1077 2654 1126 2690; x_wconf 87' lang='lat' dir='ltr'>est</span> <span class='ocrx_word' id='word_1_375' title='bbox 1158 2655 1319 2700; x_wconf 77' lang='lat' dir='ltr'>potentia</span> 
     </span>
     <span class='ocr_line' id='line_1_55' title="bbox 379 2702 1322 2751; baseline -0.003 -9"><span class='ocrx_word' id='word_1_376' title='bbox 379 2717 520 2742; x_wconf 84' lang='lat' dir='ltr'>tantum</span> <span class='ocrx_word' id='word_1_377' title='bbox 536 2703 693 2740; x_wconf 85' lang='lat' dir='ltr'>dissonus</span> <span class='ocrx_word' id='word_1_378' title='bbox 712 2702 895 2742; x_wconf 63' lang='lat' dir='ltr'>dietamini</span> <span class='ocrx_word' id='word_1_379' title='bbox 915 2706 1128 2751; x_wconf 63' lang='lat' dir='ltr'>prudentiae,</span> <span class='ocrx_word' id='word_1_380' title='bbox 1140 2713 1322 2749; x_wconf 82' lang='lat' dir='ltr'>quatenus</span> 
     </span>
     <span class='ocr_line' id='line_1_56' title="bbox 377 2751 1323 2803; baseline -0.003 -10"><span class='ocrx_word' id='word_1_381' title='bbox 377 2769 505 2803; x_wconf 82' lang='lat' dir='ltr'>nempe</span> <span class='ocrx_word' id='word_1_382' title='bbox 518 2755 659 2790; x_wconf 84' lang='lat' dir='ltr'>inclinat</span> <span class='ocrx_word' id='word_1_383' title='bbox 671 2756 867 2801; x_wconf 81' lang='lat' dir='ltr'>potentiam</span> <span class='ocrx_word' id='word_1_384' title='bbox 880 2755 922 2790; x_wconf 86' lang='lat' dir='ltr'>ad</span> <span class='ocrx_word' id='word_1_385' title='bbox 936 2757 1037 2793; x_wconf 65' lang='lat' dir='ltr'>afi&#39;tus</span> <span class='ocrx_word' id='word_1_386' title='bbox 1051 2751 1323 2796; x_wconf 68' lang='lat' dir='ltr'>vit10s053astus</span> 
     </span>
     <span class='ocr_line' id='line_1_57' title="bbox 380 2805 1324 2854; baseline -0.01 -6"><span class='ocrx_word' id='word_1_387' title='bbox 380 2819 499 2842; x_wconf 86' lang='lat' dir='ltr'>autem</span> <span class='ocrx_word' id='word_1_388' title='bbox 517 2832 527 2847; x_wconf 83' lang='lat'>‚</span> <span class='ocrx_word' id='word_1_389' title='bbox 550 2817 594 2840; x_wconf 74' lang='lat' dir='ltr'>ex</span> <span class='ocrx_word' id='word_1_390' title='bbox 613 2805 746 2850; x_wconf 67' lang='lat' dir='ltr'>qulbUS</span> <span class='ocrx_word' id='word_1_391' title='bbox 761 2805 999 2851; x_wconf 79' lang='lat' dir='ltr'>gignebatur,</span> <span class='ocrx_word' id='word_1_392' title='bbox 1026 2819 1095 2843; x_wconf 88' lang='lat' dir='ltr'>non</span> <span class='ocrx_word' id='word_1_393' title='bbox 1119 2806 1324 2854; x_wconf 51' lang='lat' dir='ltr'>potentia„</span> 
     </span>
     <span class='ocr_line' id='line_1_58' title="bbox 380 2853 1325 2902; baseline -0.002 -10"><span class='ocrx_word' id='word_1_394' title='bbox 380 2857 441 2893; x_wconf 91' lang='lat' dir='ltr'>sed</span> <span class='ocrx_word' id='word_1_395' title='bbox 473 2855 583 2901; x_wconf 86' lang='lat' dir='ltr'>reipsa</span> <span class='ocrx_word' id='word_1_396' title='bbox 610 2855 653 2890; x_wconf 89' lang='lat' dir='ltr'>de</span> <span class='ocrx_word' id='word_1_397' title='bbox 678 2853 895 2898; x_wconf 23' lang='lat' dir='ltr'>fafitolerant</span> <span class='ocrx_word' id='word_1_398' title='bbox 921 2859 1052 2893; x_wconf 84' lang='lat' dir='ltr'>rationi</span> <span class='ocrx_word' id='word_1_399' title='bbox 1083 2855 1230 2902; x_wconf 67' lang='lat' dir='ltr'>legique</span> <span class='ocrx_word' id='word_1_400' title='bbox 1253 2855 1325 2891; x_wconf 86' lang='lat' dir='ltr'>ser-</span> 
     </span>
     <span class='ocr_line' id='line_1_59' title="bbox 381 2904 1326 2949; baseline -0.001 -7"><span class='ocrx_word' id='word_1_401' title='bbox 381 2909 506 2942; x_wconf 81' lang='lat' dir='ltr'>vandae</span> <span class='ocrx_word' id='word_1_402' title='bbox 524 2904 648 2942; x_wconf 78' lang='lat' dir='ltr'>dissoni</span> <span class='ocrx_word' id='word_1_403' title='bbox 661 2917 672 2945; x_wconf 90' lang='lat'>;</span> <span class='ocrx_word' id='word_1_404' title='bbox 686 2915 773 2949; x_wconf 77' lang='lat' dir='ltr'>ergo</span> <span class='ocrx_word' id='word_1_405' title='bbox 785 2905 809 2947; x_wconf 72' lang='lat' dir='ltr'>ii</span> <span class='ocrx_word' id='word_1_406' title='bbox 824 2907 923 2942; x_wconf 66' lang='lat' dir='ltr'>aetus</span> <span class='ocrx_word' id='word_1_407' title='bbox 938 2907 1015 2943; x_wconf 90' lang='lat' dir='ltr'>sunt</span> <span class='ocrx_word' id='word_1_408' title='bbox 1030 2908 1112 2943; x_wconf 90' lang='lat' dir='ltr'>habi</span> <span class='ocrx_word' id='word_1_409' title='bbox 1134 2908 1326 2948; x_wconf 82' lang='lat' dir='ltr'>udererio·</span> 
     </span>
     <span class='ocr_line' id='line_1_60' title="bbox 382 2953 1327 3005; baseline -0.001 -12"><span class='ocrx_word' id='word_1_410' title='bbox 382 2969 436 2994; x_wconf 85' lang='lat' dir='ltr'>res</span> <span class='ocrx_word' id='word_1_411' title='bbox 453 2985 462 2999; x_wconf 95' lang='lat'>‚</span> <span class='ocrx_word' id='word_1_412' title='bbox 485 2957 517 2992; x_wconf 86' lang='grc'>8(</span> <span class='ocrx_word' id='word_1_413' title='bbox 535 2954 673 3003; x_wconf 84' lang='lat' dir='ltr'>pejores</span> <span class='ocrx_word' id='word_1_414' title='bbox 690 2981 701 2996; x_wconf 89' lang='lat'><strong>,</strong></span> <span class='ocrx_word' id='word_1_415' title='bbox 728 2953 779 2989; x_wconf 86' lang='lat' dir='ltr'>uti</span> <span class='ocrx_word' id='word_1_416' title='bbox 795 2956 828 2991; x_wconf 81' lang='grc'>8(</span> <span class='ocrx_word' id='word_1_417' title='bbox 840 2958 983 2993; x_wconf 86' lang='lat' dir='ltr'>virtutis</span> <span class='ocrx_word' id='word_1_418' title='bbox 998 2958 1098 2994; x_wconf 64' lang='lat' dir='ltr'>aetus</span> <span class='ocrx_word' id='word_1_419' title='bbox 1113 2956 1192 2992; x_wconf 90' lang='lat' dir='ltr'>sunt</span> <span class='ocrx_word' id='word_1_420' title='bbox 1210 2960 1327 3005; x_wconf 86' lang='lat' dir='ltr'>potio-</span> 
     </span>
     <span class='ocr_line' id='line_1_61' title="bbox 382 3005 1328 3053; baseline 0.002 -11"><span class='ocrx_word' id='word_1_421' title='bbox 382 3020 436 3044; x_wconf 74' lang='lat' dir='ltr'>res</span> <span class='ocrx_word' id='word_1_422' title='bbox 455 3034 465 3047; x_wconf 78' lang='lat'>,</span> <span class='ocrx_word' id='word_1_423' title='bbox 487 3008 519 3042; x_wconf 82' lang='grc'>8(</span> <span class='ocrx_word' id='word_1_424' title='bbox 535 3005 794 3053; x_wconf 71' lang='lat' dir='ltr'>praestantiores</span> <span class='ocrx_word' id='word_1_425' title='bbox 808 3005 933 3043; x_wconf 83' lang='lat' dir='ltr'>habitu</span> <span class='ocrx_word' id='word_1_426' title='bbox 948 3032 958 3042; x_wconf 88' lang='lat'><strong>.</strong></span> <span class='ocrx_word' id='word_1_427' title='bbox 978 3009 1084 3044; x_wconf 85' lang='lat' dir='ltr'>Unde</span> <span class='ocrx_word' id='word_1_428' title='bbox 1099 3020 1179 3044; x_wconf 90' lang='lat' dir='ltr'>cum</span> <span class='ocrx_word' id='word_1_429' title='bbox 1196 3009 1328 3044; x_wconf 85' lang='lat' dir='ltr'>habitu</span> 
     </span>
     <span class='ocr_line' id='line_1_62' title="bbox 380 3055 1327 3102; baseline 0 -8"><span class='ocrx_word' id='word_1_430' title='bbox 380 3059 458 3094; x_wconf 89' lang='lat' dir='ltr'>vitii</span> <span class='ocrx_word' id='word_1_431' title='bbox 474 3057 520 3093; x_wconf 85' lang='lat' dir='ltr'>sta</span> <span class='ocrx_word' id='word_1_432' title='bbox 529 3069 563 3092; x_wconf 90' lang='lat' dir='ltr'>re</span> <span class='ocrx_word' id='word_1_433' title='bbox 577 3055 688 3102; x_wconf 87' lang='lat' dir='ltr'>potest</span> <span class='ocrx_word' id='word_1_434' title='bbox 705 3057 812 3102; x_wconf 82' lang='lat' dir='ltr'>gratia</span> <span class='ocrx_word' id='word_1_435' title='bbox 830 3058 898 3093; x_wconf 74' lang='lat' dir='ltr'>Dei</span> <span class='ocrx_word' id='word_1_436' title='bbox 911 3083 920 3098; x_wconf 90' lang='lat'>‚</span> <span class='ocrx_word' id='word_1_437' title='bbox 935 3069 1006 3093; x_wconf 92' lang='lat' dir='ltr'>non</span> <span class='ocrx_word' id='word_1_438' title='bbox 1020 3069 1135 3094; x_wconf 88' lang='lat' dir='ltr'>tamen</span> <span class='ocrx_word' id='word_1_439' title='bbox 1149 3070 1230 3094; x_wconf 88' lang='lat' dir='ltr'>cum</span> <span class='ocrx_word' id='word_1_440' title='bbox 1244 3059 1327 3094; x_wconf 62' lang='lat' dir='ltr'>aaa</span> 
     </span>
     <span class='ocr_line' id='line_1_63' title="bbox 377 3107 1325 3158; baseline -0.001 -13"><span class='ocrx_word' id='word_1_441' title='bbox 377 3121 493 3158; x_wconf 90' lang='lat' dir='ltr'>pravo</span> <span class='ocrx_word' id='word_1_442' title='bbox 513 3107 630 3143; x_wconf 88' lang='lat' dir='ltr'>elicito</span> <span class='ocrx_word' id='word_1_443' title='bbox 642 3117 767 3142; x_wconf 87' lang='lat' dir='ltr'>contra</span> <span class='ocrx_word' id='word_1_444' title='bbox 787 3108 899 3149; x_wconf 60' lang='lat' dir='ltr'>letzem</span> <span class='ocrx_word' id='word_1_445' title='bbox 918 3107 1073 3145; x_wconf 85' lang='lat' dir='ltr'>divinam</span> <span class='ocrx_word' id='word_1_446' title='bbox 1093 3122 1104 3149; x_wconf 90' lang='lat'>;</span> <span class='ocrx_word' id='word_1_447' title='bbox 1137 3111 1200 3155; x_wconf 82' lang='lat' dir='ltr'>qui</span> <span class='ocrx_word' id='word_1_448' title='bbox 1232 3111 1325 3144; x_wconf 86' lang='lat' dir='ltr'>cuim</span> 
     </span>
     <span class='ocr_line' id='line_1_64' title="bbox 378 3157 1327 3206; baseline -0.001 -10"><span class='ocrx_word' id='word_1_449' title='bbox 378 3170 501 3196; x_wconf 89' lang='lat' dir='ltr'>recens</span> <span class='ocrx_word' id='word_1_450' title='bbox 515 3157 741 3193; x_wconf 81' lang='lat' dir='ltr'>convertitur</span> <span class='ocrx_word' id='word_1_451' title='bbox 754 3158 795 3192; x_wconf 86' lang='lat' dir='ltr'>ad</span> <span class='ocrx_word' id='word_1_452' title='bbox 813 3157 931 3194; x_wconf 67' lang='lat' dir='ltr'>Deum</span> <span class='ocrx_word' id='word_1_453' title='bbox 946 3184 957 3200; x_wconf 91' lang='lat'><strong>,</strong></span> <span class='ocrx_word' id='word_1_454' title='bbox 987 3159 1020 3194; x_wconf 81' lang='grc'>8(</span> <span class='ocrx_word' id='word_1_455' title='bbox 1035 3161 1078 3194; x_wconf 87' lang='lat' dir='ltr'>de</span> <span class='ocrx_word' id='word_1_456' title='bbox 1105 3171 1327 3206; x_wconf 57' lang='lat' dir='ltr'>peccatore,</span> 
     </span>
     <span class='ocr_line' id='line_1_65' title="bbox 377 3207 1328 3254; baseline 0 -8"><span class='ocrx_word' id='word_1_457' title='bbox 377 3210 417 3246; x_wconf 82' lang='lat' dir='ltr'>fit</span> <span class='ocrx_word' id='word_1_458' title='bbox 436 3221 520 3245; x_wconf 84' lang='lat' dir='ltr'>vere</span> <span class='ocrx_word' id='word_1_459' title='bbox 535 3209 708 3254; x_wconf 84' lang='lat' dir='ltr'>poenitens</span> <span class='ocrx_word' id='word_1_460' title='bbox 722 3233 731 3247; x_wconf 89' lang='lat'><strong>,</strong></span> <span class='ocrx_word' id='word_1_461' title='bbox 765 3207 872 3244; x_wconf 89' lang='lat' dir='ltr'>habet</span> <span class='ocrx_word' id='word_1_462' title='bbox 888 3208 1097 3245; x_wconf 84' lang='lat' dir='ltr'>charitatem</span> <span class='ocrx_word' id='word_1_463' title='bbox 1116 3236 1127 3252; x_wconf 90' lang='lat'>‚</span> <span class='ocrx_word' id='word_1_464' title='bbox 1157 3222 1220 3245; x_wconf 87' lang='lat' dir='ltr'>nec</span> <span class='ocrx_word' id='word_1_465' title='bbox 1239 3211 1328 3246; x_wconf 90' lang='lat' dir='ltr'>inte-</span> 
     </span>
     <span class='ocr_line' id='line_1_66' title="bbox 376 3258 1327 3301; baseline 0 -5"><span class='ocrx_word' id='word_1_466' title='bbox 376 3263 442 3296; x_wconf 87' lang='lat' dir='ltr'>rim</span> <span class='ocrx_word' id='word_1_467' title='bbox 461 3261 548 3295; x_wconf 89' lang='lat' dir='ltr'>abiit</span> <span class='ocrx_word' id='word_1_468' title='bbox 565 3258 713 3293; x_wconf 82' lang='lat' dir='ltr'>habitus</span> <span class='ocrx_word' id='word_1_469' title='bbox 744 3258 896 3293; x_wconf 88' lang='lat' dir='ltr'>vitiosus</span> <span class='ocrx_word' id='word_1_470' title='bbox 915 3259 958 3293; x_wconf 87' lang='lat' dir='ltr'>ad</span> <span class='ocrx_word' id='word_1_471' title='bbox 993 3260 1096 3295; x_wconf 64' lang='lat' dir='ltr'>aetus</span> <span class='ocrx_word' id='word_1_472' title='bbox 1123 3260 1327 3301; x_wconf 77' lang='lat' dir='ltr'>consimiles</span> 
     </span>
     <span class='ocr_line' id='line_1_67' title="bbox 378 3308 1329 3357; baseline 0.005 -14"><span class='ocrx_word' id='word_1_473' title='bbox 378 3311 443 3346; x_wconf 81' lang='lat' dir='ltr'>suo</span> <span class='ocrx_word' id='word_1_474' title='bbox 463 3309 619 3357; x_wconf 78' lang='lat' dir='ltr'>pondere</span> <span class='ocrx_word' id='word_1_475' title='bbox 633 3308 780 3343; x_wconf 86' lang='lat' dir='ltr'>trahens</span> <span class='ocrx_word' id='word_1_476' title='bbox 799 3335 808 3348; x_wconf 84' lang='lat'>‚</span> <span class='ocrx_word' id='word_1_477' title='bbox 833 3310 895 3344; x_wconf 84' lang='lat' dir='ltr'>nisi</span> <span class='ocrx_word' id='word_1_478' title='bbox 914 3321 976 3356; x_wconf 86' lang='lat' dir='ltr'>per</span> <span class='ocrx_word' id='word_1_479' title='bbox 998 3311 1064 3346; x_wconf 83' lang='lat' dir='ltr'>Dei</span> <span class='ocrx_word' id='word_1_480' title='bbox 1081 3311 1255 3348; x_wconf 74' lang='lat' dir='ltr'>auxilium</span> <span class='ocrx_word' id='word_1_481' title='bbox 1275 3326 1329 3350; x_wconf 86' lang='lat' dir='ltr'>re-</span> 
     </span>
     <span class='ocr_line' id='line_1_68' title="bbox 376 3358 1330 3399; baseline 0 -3"><span class='ocrx_word' id='word_1_482' title='bbox 376 3361 530 3398; x_wconf 66' lang='lat' dir='ltr'>sistatur:</span> <span class='ocrx_word' id='word_1_483' title='bbox 550 3360 580 3395; x_wconf 88' lang='grc'>8(</span> <span class='ocrx_word' id='word_1_484' title='bbox 601 3358 832 3394; x_wconf 80' lang='lat' dir='ltr'>consimiliter</span> <span class='ocrx_word' id='word_1_485' title='bbox 847 3372 917 3396; x_wconf 88' lang='lat' dir='ltr'>non</span> <span class='ocrx_word' id='word_1_486' title='bbox 933 3360 1108 3396; x_wconf 83' lang='lat' dir='ltr'>inhabiru</span> <span class='ocrx_word' id='word_1_487' title='bbox 1123 3361 1179 3396; x_wconf 85' lang='lat' dir='ltr'>sed</span> <span class='ocrx_word' id='word_1_488' title='bbox 1194 3363 1226 3398; x_wconf 88' lang='lat' dir='ltr'>in</span> <span class='ocrx_word' id='word_1_489' title='bbox 1243 3364 1330 3399; x_wconf 72' lang='grc' dir='ltr'><strong><em>εξὶῐ.</em></strong></span> 
     </span>
     <span class='ocr_line' id='line_1_69' title="bbox 375 3407 1328 3456; baseline 0.001 -9"><span class='ocrx_word' id='word_1_490' title='bbox 375 3414 445 3449; x_wconf 85' lang='lat' dir='ltr'>bus</span> <span class='ocrx_word' id='word_1_491' title='bbox 463 3410 606 3446; x_wconf 80' lang='lat' dir='ltr'>visionis</span> <span class='ocrx_word' id='word_1_492' title='bbox 625 3409 658 3444; x_wconf 85' lang='lat'>&amp;</span> <span class='ocrx_word' id='word_1_493' title='bbox 676 3407 855 3445; x_wconf 78' lang='lat' dir='ltr'>fruitionis</span> <span class='ocrx_word' id='word_1_494' title='bbox 877 3411 944 3446; x_wconf 89' lang='lat' dir='ltr'>Dei</span> <span class='ocrx_word' id='word_1_495' title='bbox 960 3435 972 3452; x_wconf 91' lang='lat'><strong>‚</strong></span> <span class='ocrx_word' id='word_1_496' title='bbox 996 3413 1182 3456; x_wconf 84' lang='lat' dir='ltr'>reponitur</span> <span class='ocrx_word' id='word_1_497' title='bbox 1209 3413 1328 3450; x_wconf 84' lang='lat' dir='ltr'>nostra.</span> 
     </span>
     <span class='ocr_line' id='line_1_70' title="bbox 374 3458 1328 3501; baseline -0.002 -1"><span class='ocrx_word' id='word_1_498' title='bbox 374 3460 567 3500; x_wconf 67' lang='lat' dir='ltr'>beatitudo</span> <span class='ocrx_word' id='word_1_499' title='bbox 584 3487 594 3501; x_wconf 91' lang='lat'>,</span> <span class='ocrx_word' id='word_1_500' title='bbox 616 3470 680 3494; x_wconf 89' lang='lat' dir='ltr'>nec</span> <span class='ocrx_word' id='word_1_501' title='bbox 695 3458 832 3494; x_wconf 83' lang='lat' dir='ltr'>miseria</span> <span class='ocrx_word' id='word_1_502' title='bbox 848 3460 1101 3497; x_wconf 82' lang='lat' dir='ltr'>damnatorum</span> <span class='ocrx_word' id='word_1_503' title='bbox 1120 3461 1275 3498; x_wconf 80' lang='lat' dir='ltr'>consistit</span> <span class='ocrx_word' id='word_1_504' title='bbox 1295 3466 1328 3501; x_wconf 79' lang='lat' dir='ltr'>in</span> 
     </span>
     <span class='ocr_line' id='line_1_71' title="bbox 374 3510 1329 3558; baseline -0.003 -10"><span class='ocrx_word' id='word_1_505' title='bbox 374 3514 566 3550; x_wconf 79' lang='lat' dir='ltr'>habitibus</span> <span class='ocrx_word' id='word_1_506' title='bbox 582 3511 700 3558; x_wconf 87' lang='lat' dir='ltr'>pravis</span> <span class='ocrx_word' id='word_1_507' title='bbox 718 3535 729 3551; x_wconf 94' lang='lat'><strong><em>,</em></strong></span> <span class='ocrx_word' id='word_1_508' title='bbox 755 3521 850 3555; x_wconf 90' lang='lat' dir='ltr'>quos</span> <span class='ocrx_word' id='word_1_509' title='bbox 869 3510 987 3547; x_wconf 89' lang='lat' dir='ltr'>secum</span> <span class='ocrx_word' id='word_1_510' title='bbox 1001 3511 1210 3547; x_wconf 88' lang='lat' dir='ltr'>detulerunt</span> <span class='ocrx_word' id='word_1_511' title='bbox 1225 3537 1237 3556; x_wconf 88' lang='lat'>‚</span> <span class='ocrx_word' id='word_1_512' title='bbox 1271 3514 1329 3550; x_wconf 68' lang='lat' dir='ltr'>sed</span> 
     </span>
     <span class='ocr_line' id='line_1_72' title="bbox 376 3559 1328 3610; baseline 0 -10"><span class='ocrx_word' id='word_1_513' title='bbox 376 3566 412 3600; x_wconf 91' lang='lat' dir='ltr'>in</span> <span class='ocrx_word' id='word_1_514' title='bbox 428 3564 568 3599; x_wconf 58' lang='lat' dir='ltr'>affitibus</span> <span class='ocrx_word' id='word_1_515' title='bbox 582 3588 592 3603; x_wconf 90' lang='lat'><em>,</em></span> <span class='ocrx_word' id='word_1_516' title='bbox 620 3561 757 3607; x_wconf 86' lang='lat' dir='ltr'>quibus</span> <span class='ocrx_word' id='word_1_517' title='bbox 772 3559 864 3597; x_wconf 84' lang='lat' dir='ltr'>fiunt</span> <span class='ocrx_word' id='word_1_518' title='bbox 877 3561 1067 3610; x_wconf 80' lang='lat' dir='ltr'>praesentes</span> <span class='ocrx_word' id='word_1_519' title='bbox 1085 3562 1240 3608; x_wconf 64' lang='lat' dir='ltr'>objcflis</span> <span class='ocrx_word' id='word_1_520' title='bbox 1258 3565 1328 3600; x_wconf 90' lang='lat' dir='ltr'>dis-</span> 
     </span>
     <span class='ocr_line' id='line_1_73' title="bbox 377 3613 712 3651; baseline -0.015 0"><span class='ocrx_word' id='word_1_521' title='bbox 377 3613 680 3651; x_wconf 88' lang='lat' dir='ltr'>convenientibus</span> <span class='ocrx_word' id='word_1_522' title='bbox 701 3636 712 3646; x_wconf 86' lang='lat'><strong>.</strong></span> 
     </span>
    </p>

    <p class='ocr_par' dir='ltr' id='par_1_9' title="bbox 479 3661 1327 3710">
     <span class='ocr_line' id='line_1_74' title="bbox 479 3661 1327 3710; baseline 0.005 -12"><span class='ocrx_word' id='word_1_523' title='bbox 479 3665 541 3701; x_wconf 90' lang='lat' dir='ltr'>Ad</span> <span class='ocrx_word' id='word_1_524' title='bbox 555 3661 845 3708; x_wconf 84' lang='lat' dir='ltr'>argumenta.Ad</span> <span class='ocrx_word' id='word_1_525' title='bbox 859 3663 1016 3710; x_wconf 90' lang='lat' dir='ltr'>primum</span> <span class='ocrx_word' id='word_1_526' title='bbox 1030 3663 1327 3707; x_wconf 67' lang='lat' dir='ltr'>concedo,aaum</span> 
     </span>
    </p>
   </div>
   <div class='ocr_carea' id='block_1_7' title="bbox 148 3711 1330 3786">
    <p class='ocr_par' dir='ltr' id='par_1_10' title="bbox 148 3711 1330 3786">
     <span class='ocr_line' id='line_1_75' title="bbox 148 3711 1330 3786; baseline 0 -34"><span class='ocrx_word' id='word_1_527' title='bbox 148 3760 164 3786; x_wconf 51' lang='lat' dir='ltr'>q</span> <span class='ocrx_word' id='word_1_528' title='bbox 185 3722 213 3776; x_wconf 50' lang='lat'>⁴2·</span> <span class='ocrx_word' id='word_1_529' title='bbox 226 3711 288 3777; x_wconf 41' lang='lat' dir='ltr'>dis}</span> <span class='ocrx_word' id='word_1_530' title='bbox 301 3720 353 3779; x_wconf 48' lang='grc' dir='ltr'>ἘΖ</span> <span class='ocrx_word' id='word_1_531' title='bbox 377 3715 445 3752; x_wconf 66' lang='lat' dir='ltr'>esse</span> <span class='ocrx_word' id='word_1_532' title='bbox 461 3714 664 3762; x_wconf 80' lang='lat' dir='ltr'>simpliciter</span> <span class='ocrx_word' id='word_1_533' title='bbox 679 3712 807 3748; x_wconf 84' lang='lat' dir='ltr'>habitu</span> <span class='ocrx_word' id='word_1_534' title='bbox 822 3713 1085 3760; x_wconf 62' lang='lat' dir='ltr'>perfeEIiorem,</span> <span class='ocrx_word' id='word_1_535' title='bbox 1101 3716 1206 3751; x_wconf 85' lang='lat' dir='ltr'>etiam</span> <span class='ocrx_word' id='word_1_536' title='bbox 1223 3717 1257 3752; x_wconf 88' lang='lat' dir='ltr'>in</span> <span class='ocrx_word' id='word_1_537' title='bbox 1272 3729 1330 3752; x_wconf 83' lang='lat' dir='ltr'>ra-</span> 
     </span>
    </p>
   </div>
   <div class='ocr_carea' id='block_1_8' title="bbox 146 3789 351 3863">
    <p class='ocr_par' dir='ltr' id='par_1_11' title="bbox 146 3789 351 3863">
     <span class='ocr_line' id='line_1_76' title="bbox 146 3789 351 3826; baseline 0 -11"><span class='ocrx_word' id='word_1_538' title='bbox 146 3790 250 3825; x_wconf 50' lang='lat' dir='ltr'>quimi</span> <span class='ocrx_word' id='word_1_539' title='bbox 269 3789 351 3826; x_wconf 82' lang='lat' dir='ltr'>prin-</span> 
     </span>
     <span class='ocr_line' id='line_1_77' title="bbox 150 3828 262 3863; baseline 0 -9"><span class='ocrx_word' id='word_1_540' title='bbox 150 3828 192 3863; x_wconf 67' lang='lat' dir='ltr'>rip</span> <span class='ocrx_word' id='word_1_541' title='bbox 199 3829 236 3855; x_wconf 69' lang='lat' dir='ltr'>zle</span> <span class='ocrx_word' id='word_1_542' title='bbox 253 3848 262 3854; x_wconf 89' lang='grc'><em>.</em></span> 
     </span>
    </p>
   </div>
   <div class='ocr_carea' id='block_1_9' title="bbox 377 3762 1327 3814">
    <p class='ocr_par' dir='ltr' id='par_1_12' title="bbox 377 3762 1327 3814">
     <span class='ocr_line' id='line_1_78' title="bbox 377 3762 1327 3814; baseline -0.002 -10"><span class='ocrx_word' id='word_1_543' title='bbox 377 3769 478 3804; x_wconf 88' lang='lat' dir='ltr'>tione</span> <span class='ocrx_word' id='word_1_544' title='bbox 492 3764 727 3814; x_wconf 61' lang='lat' dir='ltr'>perfeetionis</span> <span class='ocrx_word' id='word_1_545' title='bbox 741 3762 887 3808; x_wconf 81' lang='lat' dir='ltr'>finalis,</span> <span class='ocrx_word' id='word_1_546' title='bbox 914 3766 999 3813; x_wconf 86' lang='lat' dir='ltr'>quia</span> <span class='ocrx_word' id='word_1_547' title='bbox 1015 3766 1256 3803; x_wconf 83' lang='lat' dir='ltr'>immediatius</span> <span class='ocrx_word' id='word_1_548' title='bbox 1273 3778 1327 3802; x_wconf 86' lang='lat' dir='ltr'>at-</span> 
     </span>
    </p>
   </div>
   <div class='ocr_carea' id='block_1_10' title="bbox 1065 105 1763 176">
    <p class='ocr_par' dir='ltr' id='par_1_13' title="bbox 1065 105 1763 176">
     <span class='ocr_line' id='line_1_79' title="bbox 1065 105 1763 176; baseline 0.006 -20"><span class='ocrx_word' id='word_1_549' title='bbox 1065 111 1248 156; x_wconf 75' lang='lat' dir='ltr'>Summae</span> <span class='ocrx_word' id='word_1_550' title='bbox 1279 105 1468 176; x_wconf 75' lang='lat' dir='ltr'>Joannis</span> <span class='ocrx_word' id='word_1_551' title='bbox 1487 113 1616 160; x_wconf 77' lang='lat' dir='ltr'>Dum·</span> <span class='ocrx_word' id='word_1_552' title='bbox 1648 113 1763 165; x_wconf 81' lang='lat' dir='ltr'>Scott&#39;</span> 
     </span>
    </p>
   </div>
   <div class='ocr_carea' id='block_1_11' title="bbox 1382 182 2390 1749">
    <p class='ocr_par' dir='ltr' id='par_1_14' title="bbox 1382 182 2390 734">
     <span class='ocr_line' id='line_1_80' title="bbox 1383 182 2343 231; baseline 0.01 -17"><span class='ocrx_word' id='word_1_553' title='bbox 1383 182 1526 225; x_wconf 77' lang='lat' dir='ltr'>tingens</span> <span class='ocrx_word' id='word_1_554' title='bbox 1542 183 1726 228; x_wconf 43' lang='lat' dir='ltr'>obj-&amp;um</span> <span class='ocrx_word' id='word_1_555' title='bbox 1741 210 1750 223; x_wconf 91' lang='lat'><em>‚</em></span> <span class='ocrx_word' id='word_1_556' title='bbox 1778 183 1813 219; x_wconf 85' lang='lat' dir='ltr'>in</span> <span class='ocrx_word' id='word_1_557' title='bbox 1830 183 1932 231; x_wconf 85' lang='lat' dir='ltr'>quod</span> <span class='ocrx_word' id='word_1_558' title='bbox 1948 193 2058 231; x_wconf 82' lang='lat' dir='ltr'>agens</span> <span class='ocrx_word' id='word_1_559' title='bbox 2072 185 2186 221; x_wconf 80' lang='lat' dir='ltr'>tendit</span> <span class='ocrx_word' id='word_1_560' title='bbox 2218 200 2228 223; x_wconf 91' lang='lat'><strong>:</strong></span> <span class='ocrx_word' id='word_1_561' title='bbox 2258 190 2291 224; x_wconf 80' lang='grc'>8(</span> <span class='ocrx_word' id='word_1_562' title='bbox 2307 190 2343 224; x_wconf 89' lang='lat' dir='ltr'>in</span> 
     </span>
     <span class='ocr_line' id='line_1_81' title="bbox 1387 232 2341 282; baseline 0.008 -16"><span class='ocrx_word' id='word_1_563' title='bbox 1387 232 1525 269; x_wconf 87' lang='lat' dir='ltr'>ratione</span> <span class='ocrx_word' id='word_1_564' title='bbox 1536 235 1640 272; x_wconf 83' lang='lat' dir='ltr'>etiam</span> <span class='ocrx_word' id='word_1_565' title='bbox 1659 234 1889 282; x_wconf 73' lang='lat' dir='ltr'>perfe5t10nis</span> <span class='ocrx_word' id='word_1_566' title='bbox 1907 234 2082 276; x_wconf 86' lang='lat' dir='ltr'>formalis,</span> <span class='ocrx_word' id='word_1_567' title='bbox 2095 237 2180 280; x_wconf 84' lang='lat' dir='ltr'>quia</span> <span class='ocrx_word' id='word_1_568' title='bbox 2196 247 2341 274; x_wconf 85' lang='lat' dir='ltr'>omnem</span> 
     </span>
     <span class='ocr_line' id='line_1_82' title="bbox 1387 281 2342 332; baseline 0.006 -14"><span class='ocrx_word' id='word_1_569' title='bbox 1387 281 1642 328; x_wconf 57' lang='lat' dir='ltr'>perfifiionem</span> <span class='ocrx_word' id='word_1_570' title='bbox 1659 287 1737 327; x_wconf 85' lang='lat' dir='ltr'>,vel</span> <span class='ocrx_word' id='word_1_571' title='bbox 1756 284 2057 322; x_wconf 85' lang='lat' dir='ltr'>inordinationem</span> <span class='ocrx_word' id='word_1_572' title='bbox 2074 286 2261 332; x_wconf 87' lang='lat' dir='ltr'>accipiunt</span> <span class='ocrx_word' id='word_1_573' title='bbox 2276 288 2342 324; x_wconf 79' lang='lat' dir='ltr'>ha-</span> 
     </span>
     <span class='ocr_line' id='line_1_83' title="bbox 1387 334 2337 381; baseline 0.006 -12"><span class='ocrx_word' id='word_1_574' title='bbox 1387 334 1542 381; x_wconf 70' lang='lat' dir='ltr'>bitusab</span> <span class='ocrx_word' id='word_1_575' title='bbox 1553 335 1696 372; x_wconf 65' lang='lat' dir='ltr'>aetibus</span> <span class='ocrx_word' id='word_1_576' title='bbox 1708 346 1834 372; x_wconf 89' lang='lat' dir='ltr'>eorum</span> <span class='ocrx_word' id='word_1_577' title='bbox 1850 337 2030 372; x_wconf 80' lang='lat' dir='ltr'>virtutum</span> <span class='ocrx_word' id='word_1_578' title='bbox 2043 363 2055 379; x_wconf 90' lang='lat'>‚</span> <span class='ocrx_word' id='word_1_579' title='bbox 2072 335 2130 376; x_wconf 84' lang='lat' dir='ltr'>vel</span> <span class='ocrx_word' id='word_1_580' title='bbox 2144 336 2337 380; x_wconf 78' lang='lat' dir='ltr'>vitiorum3</span> 
     </span>
     <span class='ocr_line' id='line_1_84' title="bbox 1385 386 2342 435; baseline 0.004 -14"><span class='ocrx_word' id='word_1_581' title='bbox 1385 386 1420 421; x_wconf 83' lang='grc'>8(</span> <span class='ocrx_word' id='word_1_582' title='bbox 1438 397 1520 421; x_wconf 83' lang='lat' dir='ltr'>cum</span> <span class='ocrx_word' id='word_1_583' title='bbox 1541 386 1708 432; x_wconf 75' lang='lat' dir='ltr'>arguitur</span> <span class='ocrx_word' id='word_1_584' title='bbox 1723 397 1784 432; x_wconf 89' lang='lat' dir='ltr'>per</span> <span class='ocrx_word' id='word_1_585' title='bbox 1798 386 2012 435; x_wconf 54' lang='lat' dir='ltr'>Philosopin</span> <span class='ocrx_word' id='word_1_586' title='bbox 2021 399 2066 424; x_wconf 83' lang='lat' dir='ltr'>ex</span> <span class='ocrx_word' id='word_1_587' title='bbox 2082 396 2115 432; x_wconf 79' lang='lat'>3.</span> <span class='ocrx_word' id='word_1_588' title='bbox 2139 386 2342 433; x_wconf 32' lang='lat' dir='ltr'>Topicfres-</span> 
     </span>
     <span class='ocr_line' id='line_1_85' title="bbox 1385 434 2390 485; baseline 0.003 -14"><span class='ocrx_word' id='word_1_589' title='bbox 1385 435 1554 483; x_wconf 85' lang='lat' dir='ltr'>pondeO,</span> <span class='ocrx_word' id='word_1_590' title='bbox 1575 435 1643 471; x_wconf 72' lang='lat' dir='ltr'>esse</span> <span class='ocrx_word' id='word_1_591' title='bbox 1658 436 1794 471; x_wconf 62' lang='lat' dir='ltr'>diGtum</span> <span class='ocrx_word' id='word_1_592' title='bbox 1812 434 1892 482; x_wconf 81' lang='lat' dir='ltr'>ejus</span> <span class='ocrx_word' id='word_1_593' title='bbox 1917 438 2198 485; x_wconf 83' lang='lat' dir='ltr'>intelligendum</span> <span class='ocrx_word' id='word_1_594' title='bbox 2231 450 2341 481; x_wconf 76' lang='lat' dir='ltr'>caete-</span> <span class='ocrx_word' id='word_1_595' title='bbox 2386 446 2390 449; x_wconf 55' lang='lat'><strong>⁴</strong></span> 
     </span>
     <span class='ocr_line' id='line_1_86' title="bbox 1385 487 2335 536; baseline 0.003 -14"><span class='ocrx_word' id='word_1_596' title='bbox 1385 488 1431 522; x_wconf 90' lang='lat' dir='ltr'>ris</span> <span class='ocrx_word' id='word_1_597' title='bbox 1447 488 1615 534; x_wconf 78' lang='lat' dir='ltr'>paribus,</span> <span class='ocrx_word' id='word_1_598' title='bbox 1643 499 1773 532; x_wconf 84' lang='lat' dir='ltr'>nempe</span> <span class='ocrx_word' id='word_1_599' title='bbox 1786 487 1822 522; x_wconf 90' lang='lat' dir='ltr'>in</span> <span class='ocrx_word' id='word_1_600' title='bbox 1838 488 1882 524; x_wconf 86' lang='lat' dir='ltr'>iis</span> <span class='ocrx_word' id='word_1_601' title='bbox 1895 513 1908 532; x_wconf 92' lang='lat'>‚</span> <span class='ocrx_word' id='word_1_602' title='bbox 1933 487 2177 536; x_wconf 67' lang='lat' dir='ltr'>quaepraecise</span> <span class='ocrx_word' id='word_1_603' title='bbox 2192 488 2335 524; x_wconf 35' lang='lat' dir='ltr'>*distin—</span> 
     </span>
     <span class='ocr_line' id='line_1_87' title="bbox 1384 537 2336 584; baseline 0.002 -11"><span class='ocrx_word' id='word_1_604' title='bbox 1384 549 1547 583; x_wconf 85' lang='lat' dir='ltr'>guuntur</span> <span class='ocrx_word' id='word_1_605' title='bbox 1566 549 1627 584; x_wconf 78' lang='lat' dir='ltr'>per</span> <span class='ocrx_word' id='word_1_606' title='bbox 1641 537 1756 583; x_wconf 81' lang='lat' dir='ltr'>magis</span> <span class='ocrx_word' id='word_1_607' title='bbox 1770 559 1783 579; x_wconf 86' lang='lat'><strong>‚</strong></span> <span class='ocrx_word' id='word_1_608' title='bbox 1811 537 1983 583; x_wconf 81' lang='lat' dir='ltr'>&amp;minus</span> <span class='ocrx_word' id='word_1_609' title='bbox 1998 541 2212 575; x_wconf 84' lang='lat' dir='ltr'>diuturnum</span> <span class='ocrx_word' id='word_1_610' title='bbox 2231 565 2241 575; x_wconf 90' lang='lat'><strong>.</strong></span> <span class='ocrx_word' id='word_1_611' title='bbox 2258 540 2336 580; x_wconf 86' lang='lat' dir='ltr'>Sed</span> 
     </span>
     <span class='ocr_line' id='line_1_88' title="bbox 1385 586 2334 633; baseline 0.004 -10"><span class='ocrx_word' id='word_1_612' title='bbox 1385 599 1473 623; x_wconf 89' lang='lat' dir='ltr'>tunc</span> <span class='ocrx_word' id='word_1_613' title='bbox 1484 587 1601 622; x_wconf 85' lang='lat' dir='ltr'>minor</span> <span class='ocrx_word' id='word_1_614' title='bbox 1617 586 1665 622; x_wconf 86' lang='lat' dir='ltr'>est</span> <span class='ocrx_word' id='word_1_615' title='bbox 1680 586 1780 628; x_wconf 83' lang='lat' dir='ltr'>falsa,</span> <span class='ocrx_word' id='word_1_616' title='bbox 1792 588 1877 633; x_wconf 88' lang='lat' dir='ltr'>quia</span> <span class='ocrx_word' id='word_1_617' title='bbox 1891 601 1963 624; x_wconf 87' lang='lat' dir='ltr'>non</span> <span class='ocrx_word' id='word_1_618' title='bbox 1977 602 2016 625; x_wconf 86' lang='lat' dir='ltr'>ea</span> <span class='ocrx_word' id='word_1_619' title='bbox 2032 590 2169 625; x_wconf 83' lang='lat' dir='ltr'>ratione</span> <span class='ocrx_word' id='word_1_620' title='bbox 2186 600 2221 624; x_wconf 87' lang='lat' dir='ltr'>ta</span> <span class='ocrx_word' id='word_1_621' title='bbox 2232 602 2334 627; x_wconf 88' lang='lat' dir='ltr'>ntum</span> 
     </span>
     <span class='ocr_line' id='line_1_89' title="bbox 1382 637 2336 682; baseline 0.004 -9"><span class='ocrx_word' id='word_1_622' title='bbox 1382 639 1528 673; x_wconf 87' lang='lat' dir='ltr'>habitus</span> <span class='ocrx_word' id='word_1_623' title='bbox 1546 663 1555 677; x_wconf 95' lang='lat'><strong>,</strong></span> <span class='ocrx_word' id='word_1_624' title='bbox 1585 637 1619 672; x_wconf 84' lang='grc'>8(</span> <span class='ocrx_word' id='word_1_625' title='bbox 1635 637 1736 672; x_wconf 59' lang='lat' dir='ltr'>ais-Ius</span> <span class='ocrx_word' id='word_1_626' title='bbox 1748 639 1839 674; x_wconf 91' lang='lat' dir='ltr'>intcr</span> <span class='ocrx_word' id='word_1_627' title='bbox 1853 638 1884 675; x_wconf 85' lang='lat' dir='ltr'>se</span> <span class='ocrx_word' id='word_1_628' title='bbox 1898 639 1931 677; x_wconf 89' lang='lat' dir='ltr'>se</span> <span class='ocrx_word' id='word_1_629' title='bbox 1948 639 2116 677; x_wconf 84' lang='lat' dir='ltr'>differunt</span> <span class='ocrx_word' id='word_1_630' title='bbox 2134 667 2147 682; x_wconf 91' lang='lat'>‚</span> <span class='ocrx_word' id='word_1_631' title='bbox 2164 650 2204 677; x_wconf 87' lang='lat' dir='ltr'>ut</span> <span class='ocrx_word' id='word_1_632' title='bbox 2216 642 2336 679; x_wconf 88' lang='lat' dir='ltr'>osten-</span> 
     </span>
     <span class='ocr_line' id='line_1_90' title="bbox 1385 686 1843 734; baseline 0.002 -10"><span class='ocrx_word' id='word_1_633' title='bbox 1385 689 1474 725; x_wconf 86' lang='lat' dir='ltr'>dunt</span> <span class='ocrx_word' id='word_1_634' title='bbox 1486 686 1576 722; x_wconf 62' lang='lat' dir='ltr'>dina</span> <span class='ocrx_word' id='word_1_635' title='bbox 1596 687 1819 734; x_wconf 75' lang='lat' dir='ltr'>insolatione</span> <span class='ocrx_word' id='word_1_636' title='bbox 1833 713 1843 722; x_wconf 87' lang='lat'><strong>·</strong></span> 
     </span>
    </p>

    <p class='ocr_par' dir='ltr' id='par_1_15' title="bbox 1383 736 2336 1182">
     <span class='ocr_line' id='line_1_91' title="bbox 1485 736 2335 793; baseline 0.011 -22"><span class='ocrx_word' id='word_1_637' title='bbox 1485 736 1544 776; x_wconf 88' lang='lat' dir='ltr'>Ad</span> <span class='ocrx_word' id='word_1_638' title='bbox 1558 737 1752 775; x_wconf 86' lang='lat' dir='ltr'>secundum</span> <span class='ocrx_word' id='word_1_639' title='bbox 1765 738 2038 786; x_wconf 84' lang='lat' dir='ltr'>responde0‚Ex</span> <span class='ocrx_word' id='word_1_640' title='bbox 2050 739 2240 789; x_wconf 76' lang='lat' dir='ltr'>hypothesi</span> <span class='ocrx_word' id='word_1_641' title='bbox 2253 756 2335 793; x_wconf 79' lang='lat' dir='ltr'>pre.</span> 
     </span>
     <span class='ocr_line' id='line_1_92' title="bbox 1383 787 2336 842; baseline 0.004 -15"><span class='ocrx_word' id='word_1_642' title='bbox 1383 790 1495 833; x_wconf 83' lang='lat' dir='ltr'>babili</span> <span class='ocrx_word' id='word_1_643' title='bbox 1510 787 1553 831; x_wconf 83' lang='lat' dir='ltr'>de</span> <span class='ocrx_word' id='word_1_644' title='bbox 1569 787 1756 826; x_wconf 70' lang='lat' dir='ltr'>afflvitate</span> <span class='ocrx_word' id='word_1_645' title='bbox 1772 789 1921 826; x_wconf 82' lang='lat' dir='ltr'>habitus</span> <span class='ocrx_word' id='word_1_646' title='bbox 1939 791 2100 839; x_wconf 68' lang='lat' dir='ltr'>respestu</span> <span class='ocrx_word' id='word_1_647' title='bbox 2117 793 2219 830; x_wconf 66' lang='lat' dir='ltr'>aetus</span> <span class='ocrx_word' id='word_1_648' title='bbox 2237 822 2248 838; x_wconf 87' lang='lat'><strong>‚</strong></span> <span class='ocrx_word' id='word_1_649' title='bbox 2274 796 2336 842; x_wconf 72' lang='lat' dir='ltr'>ipsi</span> 
     </span>
     <span class='ocr_line' id='line_1_93' title="bbox 1385 837 2336 893; baseline 0.004 -16"><span class='ocrx_word' id='word_1_650' title='bbox 1385 854 1457 877; x_wconf 89' lang='lat' dir='ltr'>non</span> <span class='ocrx_word' id='word_1_651' title='bbox 1472 837 1539 884; x_wconf 78' lang='lat' dir='ltr'>effe</span> <span class='ocrx_word' id='word_1_652' title='bbox 1556 840 1792 877; x_wconf 87' lang='lat' dir='ltr'>tribuendum</span> <span class='ocrx_word' id='word_1_653' title='bbox 1820 842 1882 878; x_wconf 85' lang='lat' dir='ltr'>nifi</span> <span class='ocrx_word' id='word_1_654' title='bbox 1910 842 2089 878; x_wconf 84' lang='lat' dir='ltr'>influxum</span> <span class='ocrx_word' id='word_1_655' title='bbox 2122 844 2238 880; x_wconf 81' lang='lat' dir='ltr'>causae</span> <span class='ocrx_word' id='word_1_656' title='bbox 2254 858 2336 893; x_wconf 89' lang='lat' dir='ltr'>par-</span> 
     </span>
     <span class='ocr_line' id='line_1_94' title="bbox 1383 889 2335 940; baseline 0.005 -12"><span class='ocrx_word' id='word_1_657' title='bbox 1383 893 1509 933; x_wconf 77' lang='lat' dir='ltr'>tialis3</span> <span class='ocrx_word' id='word_1_658' title='bbox 1531 889 1625 927; x_wconf 88' lang='lat' dir='ltr'>haud</span> <span class='ocrx_word' id='word_1_659' title='bbox 1641 892 1759 928; x_wconf 85' lang='lat' dir='ltr'>autem</span> <span class='ocrx_word' id='word_1_660' title='bbox 1774 891 1841 929; x_wconf 77' lang='lat' dir='ltr'>else</span> <span class='ocrx_word' id='word_1_661' title='bbox 1854 893 2114 928; x_wconf 74' lang='lat' dir='ltr'>inconveniens</span> <span class='ocrx_word' id='word_1_662' title='bbox 2127 921 2139 936; x_wconf 95' lang='lat'>,</span> <span class='ocrx_word' id='word_1_663' title='bbox 2166 895 2335 940; x_wconf 80' lang='lat' dir='ltr'>asserere,</span> 
     </span>
     <span class='ocr_line' id='line_1_95' title="bbox 1384 941 2336 992; baseline 0.005 -14"><span class='ocrx_word' id='word_1_664' title='bbox 1384 941 1528 979; x_wconf 80' lang='lat' dir='ltr'>causam</span> <span class='ocrx_word' id='word_1_665' title='bbox 1555 943 1740 989; x_wconf 82' lang='lat' dir='ltr'>partialem</span> <span class='ocrx_word' id='word_1_666' title='bbox 1776 944 2001 992; x_wconf 81' lang='lat' dir='ltr'>aequivocam</span> <span class='ocrx_word' id='word_1_667' title='bbox 2027 944 2148 987; x_wconf 83' lang='lat' dir='ltr'>minus</span> <span class='ocrx_word' id='word_1_668' title='bbox 2173 947 2336 983; x_wconf 80' lang='lat' dir='ltr'>nobilem</span> 
     </span>
     <span class='ocr_line' id='line_1_96' title="bbox 1384 992 2333 1043; baseline 0.005 -15"><span class='ocrx_word' id='word_1_669' title='bbox 1384 992 1449 1039; x_wconf 83' lang='lat' dir='ltr'>suo</span> <span class='ocrx_word' id='word_1_670' title='bbox 1459 992 1586 1028; x_wconf 64' lang='lat' dir='ltr'>effeetu</span> <span class='ocrx_word' id='word_1_671' title='bbox 1598 1017 1610 1032; x_wconf 89' lang='lat'><em>,</em></span> <span class='ocrx_word' id='word_1_672' title='bbox 1626 994 1659 1030; x_wconf 78' lang='grc'>8(</span> <span class='ocrx_word' id='word_1_673' title='bbox 1675 995 1825 1030; x_wconf 64' lang='lat' dir='ltr'>maxine</span> <span class='ocrx_word' id='word_1_674' title='bbox 1843 994 1864 1029; x_wconf 88' lang='lat' dir='ltr'>si</span> <span class='ocrx_word' id='word_1_675' title='bbox 1880 994 1918 1029; x_wconf 84' lang='lat' dir='ltr'>sit</span> <span class='ocrx_word' id='word_1_676' title='bbox 1930 995 2091 1043; x_wconf 83' lang='lat' dir='ltr'>partialis</span> <span class='ocrx_word' id='word_1_677' title='bbox 2109 994 2333 1040; x_wconf 78' lang='lat' dir='ltr'>secundaria,</span> 
     </span>
     <span class='ocr_line' id='line_1_97' title="bbox 1383 1042 2332 1093; baseline 0.006 -14"><span class='ocrx_word' id='word_1_678' title='bbox 1383 1046 1437 1080; x_wconf 86' lang='lat' dir='ltr'>uti</span> <span class='ocrx_word' id='word_1_679' title='bbox 1451 1042 1500 1079; x_wconf 86' lang='lat' dir='ltr'>est</span> <span class='ocrx_word' id='word_1_680' title='bbox 1511 1043 1657 1079; x_wconf 81' lang='lat' dir='ltr'>habitus</span> <span class='ocrx_word' id='word_1_681' title='bbox 1673 1055 1902 1093; x_wconf 87' lang='lat' dir='ltr'>comparatus</span> <span class='ocrx_word' id='word_1_682' title='bbox 1921 1058 1933 1085; x_wconf 90' lang='lat'>;</span> <span class='ocrx_word' id='word_1_683' title='bbox 1950 1044 2010 1080; x_wconf 85' lang='lat' dir='ltr'>etfi</span> <span class='ocrx_word' id='word_1_684' title='bbox 2028 1044 2133 1081; x_wconf 77' lang='lat' dir='ltr'>causa</span> <span class='ocrx_word' id='word_1_685' title='bbox 2151 1048 2332 1090; x_wconf 76' lang='lat' dir='ltr'>totalis,&amp;</span> 
     </span>
     <span class='ocr_line' id='line_1_98' title="bbox 1385 1095 2333 1145; baseline 0.004 -15"><span class='ocrx_word' id='word_1_686' title='bbox 1385 1095 1570 1141; x_wconf 72' lang='lat' dir='ltr'>aequivoca</span> <span class='ocrx_word' id='word_1_687' title='bbox 1582 1120 1594 1136; x_wconf 90' lang='lat'>‚</span> <span class='ocrx_word' id='word_1_688' title='bbox 1621 1095 1677 1130; x_wconf 85' lang='lat' dir='ltr'>vel</span> <span class='ocrx_word' id='word_1_689' title='bbox 1693 1096 1850 1141; x_wconf 79' lang='lat' dir='ltr'>partialis</span> <span class='ocrx_word' id='word_1_690' title='bbox 1863 1095 2069 1145; x_wconf 75' lang='lat' dir='ltr'>principalis</span> <span class='ocrx_word' id='word_1_691' title='bbox 2083 1095 2276 1135; x_wconf 81' lang='lat' dir='ltr'>necefl‘ario</span> <span class='ocrx_word' id='word_1_692' title='bbox 2289 1098 2333 1142; x_wconf 68' lang='lat' dir='ltr'>fit</span> 
     </span>
     <span class='ocr_line' id='line_1_99' title="bbox 1384 1142 1787 1182; baseline 0.002 -1"><span class='ocrx_word' id='word_1_693' title='bbox 1384 1145 1451 1181; x_wconf 92' lang='lat' dir='ltr'>suo</span> <span class='ocrx_word' id='word_1_694' title='bbox 1465 1142 1594 1181; x_wconf 65' lang='lat' dir='ltr'>effefitu</span> <span class='ocrx_word' id='word_1_695' title='bbox 1612 1145 1766 1181; x_wconf 88' lang='lat' dir='ltr'>nobilior</span> <span class='ocrx_word' id='word_1_696' title='bbox 1778 1173 1787 1182; x_wconf 90' lang='lat'><em>.</em></span> 
     </span>
    </p>

    <p class='ocr_par' dir='ltr' id='par_1_16' title="bbox 1384 1195 2336 1711">
     <span class='ocr_line' id='line_1_100' title="bbox 1487 1195 2335 1246; baseline 0.004 -15"><span class='ocrx_word' id='word_1_697' title='bbox 1487 1195 1546 1241; x_wconf 86' lang='lat' dir='ltr'>Ad</span> <span class='ocrx_word' id='word_1_698' title='bbox 1559 1197 1704 1233; x_wconf 87' lang='lat' dir='ltr'>tertium</span> <span class='ocrx_word' id='word_1_699' title='bbox 1719 1196 1917 1245; x_wconf 87' lang='lat' dir='ltr'>respondeo</span> <span class='ocrx_word' id='word_1_700' title='bbox 1930 1224 1941 1239; x_wconf 92' lang='lat'>‚</span> <span class='ocrx_word' id='word_1_701' title='bbox 1973 1196 2236 1246; x_wconf 79' lang='lat' dir='ltr'>Philosophum</span> <span class='ocrx_word' id='word_1_702' title='bbox 2263 1199 2335 1235; x_wconf 79' lang='lat' dir='ltr'>loco</span> 
     </span>
     <span class='ocr_line' id='line_1_101' title="bbox 1384 1245 2334 1296; baseline 0.001 -12"><span class='ocrx_word' id='word_1_703' title='bbox 1384 1247 1416 1285; x_wconf 73' lang='lat' dir='ltr'>ci</span> <span class='ocrx_word' id='word_1_704' title='bbox 1427 1255 1453 1282; x_wconf 74' lang='lat' dir='ltr'>e.</span> <span class='ocrx_word' id='word_1_705' title='bbox 1468 1248 1532 1283; x_wconf 88' lang='lat' dir='ltr'>illo</span> <span class='ocrx_word' id='word_1_706' title='bbox 1542 1245 1662 1283; x_wconf 86' lang='lat' dir='ltr'>medio</span> <span class='ocrx_word' id='word_1_707' title='bbox 1675 1248 1764 1291; x_wconf 85' lang='lat' dir='ltr'>inter</span> <span class='ocrx_word' id='word_1_708' title='bbox 1777 1249 1843 1284; x_wconf 81' lang='lat' dir='ltr'>alia</span> <span class='ocrx_word' id='word_1_709' title='bbox 1869 1249 2024 1295; x_wconf 84' lang='lat' dir='ltr'>probare</span> <span class='ocrx_word' id='word_1_710' title='bbox 2049 1248 2259 1296; x_wconf 85' lang='lat' dir='ltr'>praesentcm</span> <span class='ocrx_word' id='word_1_711' title='bbox 2275 1247 2334 1285; x_wconf 82' lang='lat' dir='ltr'>so-</span> 
     </span>
     <span class='ocr_line' id='line_1_102' title="bbox 1386 1297 2333 1347; baseline 0.001 -11"><span class='ocrx_word' id='word_1_712' title='bbox 1386 1299 1706 1346; x_wconf 71' lang='lat' dir='ltr'>lmionemmempe</span> <span class='ocrx_word' id='word_1_713' title='bbox 1716 1298 1835 1334; x_wconf 65' lang='lat' dir='ltr'>aetum</span> <span class='ocrx_word' id='word_1_714' title='bbox 1847 1299 1915 1334; x_wconf 83' lang='lat' dir='ltr'>efle</span> <span class='ocrx_word' id='word_1_715' title='bbox 1927 1297 2052 1334; x_wconf 91' lang='lat' dir='ltr'>habitu</span> <span class='ocrx_word' id='word_1_716' title='bbox 2064 1300 2333 1347; x_wconf 72' lang='lat' dir='ltr'>perfefflorem,</span> 
     </span>
     <span class='ocr_line' id='line_1_103' title="bbox 1386 1348 2334 1399; baseline -0.001 -15"><span class='ocrx_word' id='word_1_717' title='bbox 1386 1351 1471 1399; x_wconf 87' lang='lat' dir='ltr'>&#39;quia</span> <span class='ocrx_word' id='word_1_718' title='bbox 1485 1351 1521 1388; x_wconf 85' lang='lat' dir='ltr'>in</span> <span class='ocrx_word' id='word_1_719' title='bbox 1546 1349 1602 1384; x_wconf 90' lang='lat' dir='ltr'>via</span> <span class='ocrx_word' id='word_1_720' title='bbox 1627 1348 1869 1393; x_wconf 82' lang='lat' dir='ltr'>generationis</span> <span class='ocrx_word' id='word_1_721' title='bbox 1896 1349 1942 1383; x_wconf 90' lang='lat' dir='ltr'>ab</span> <span class='ocrx_word' id='word_1_722' title='bbox 1955 1349 2166 1396; x_wconf 65' lang='lat' dir='ltr'>imperfefi‘to</span> <span class='ocrx_word' id='word_1_723' title='bbox 2184 1363 2334 1399; x_wconf 76' lang='lat' dir='ltr'>progre-</span> 
     </span>
     <span class='ocr_line' id='line_1_104' title="bbox 1385 1397 2330 1450; baseline 0.001 -14"><span class='ocrx_word' id='word_1_724' title='bbox 1385 1402 1486 1446; x_wconf 82' lang='lat' dir='ltr'>ditur</span> <span class='ocrx_word' id='word_1_725' title='bbox 1502 1399 1545 1445; x_wconf 79' lang='lat' dir='ltr'>ad</span> <span class='ocrx_word' id='word_1_726' title='bbox 1558 1398 1756 1446; x_wconf 70' lang='lat' dir='ltr'>perfeftum</span> <span class='ocrx_word' id='word_1_727' title='bbox 1774 1425 1785 1441; x_wconf 88' lang='lat'>‚</span> <span class='ocrx_word' id='word_1_728' title='bbox 1817 1399 1919 1435; x_wconf 70' lang='lat' dir='ltr'>u-t‘ex</span> <span class='ocrx_word' id='word_1_729' title='bbox 1933 1397 2064 1435; x_wconf 83' lang='lat' dir='ltr'>semine</span> <span class='ocrx_word' id='word_1_730' title='bbox 2090 1400 2131 1435; x_wconf 84' lang='lat' dir='ltr'>fit</span> <span class='ocrx_word' id='word_1_731' title='bbox 2159 1402 2330 1450; x_wconf 59' lang='lat' dir='ltr'>embryo,</span> 
     </span>
     <span class='ocr_line' id='line_1_105' title="bbox 1388 1450 2331 1497; baseline 0.003 -12"><span class='ocrx_word' id='word_1_732' title='bbox 1388 1461 1432 1487; x_wconf 84' lang='lat' dir='ltr'>ex</span> <span class='ocrx_word' id='word_1_733' title='bbox 1445 1451 1641 1496; x_wconf 85' lang='lat' dir='ltr'>embryone</span> <span class='ocrx_word' id='word_1_734' title='bbox 1656 1460 1745 1496; x_wconf 81' lang='lat' dir='ltr'>puer</span> <span class='ocrx_word' id='word_1_735' title='bbox 1758 1475 1770 1491; x_wconf 90' lang='lat'><em>‚</em></span> <span class='ocrx_word' id='word_1_736' title='bbox 1795 1459 1838 1484; x_wconf 86' lang='lat' dir='ltr'>ex</span> <span class='ocrx_word' id='word_1_737' title='bbox 1849 1460 1964 1497; x_wconf 78' lang='lat' dir='ltr'>puero</span> <span class='ocrx_word' id='word_1_738' title='bbox 1982 1450 2036 1484; x_wconf 82' lang='lat' dir='ltr'>vir</span> <span class='ocrx_word' id='word_1_739' title='bbox 2050 1473 2059 1484; x_wconf 87' lang='lat'>.</span> <span class='ocrx_word' id='word_1_740' title='bbox 2078 1450 2192 1488; x_wconf 67' lang='lat' dir='ltr'>Aftus</span> <span class='ocrx_word' id='word_1_741' title='bbox 2210 1464 2331 1488; x_wconf 88' lang='lat' dir='ltr'>autem</span> 
     </span>
     <span class='ocr_line' id='line_1_106' title="bbox 1386 1498 2334 1548; baseline 0.002 -13"><span class='ocrx_word' id='word_1_742' title='bbox 1386 1500 1434 1537; x_wconf 93' lang='lat' dir='ltr'>est</span> <span class='ocrx_word' id='word_1_743' title='bbox 1451 1500 1612 1548; x_wconf 84' lang='lat' dir='ltr'>potentia</span> <span class='ocrx_word' id='word_1_744' title='bbox 1627 1499 1859 1545; x_wconf 85' lang='lat' dir='ltr'>generatione</span> <span class='ocrx_word' id='word_1_745' title='bbox 1873 1498 2049 1547; x_wconf 74' lang='lat' dir='ltr'>posterior</span> <span class='ocrx_word' id='word_1_746' title='bbox 2066 1526 2077 1542; x_wconf 89' lang='lat'>,</span> <span class='ocrx_word' id='word_1_747' title='bbox 2106 1502 2191 1546; x_wconf 87' lang='lat' dir='ltr'>quia</span> <span class='ocrx_word' id='word_1_748' title='bbox 2205 1501 2334 1539; x_wconf 59' lang='lat' dir='ltr'>idem,</span> 
     </span>
     <span class='ocr_line' id='line_1_107' title="bbox 1386 1548 2333 1597; baseline -0.001 -10"><span class='ocrx_word' id='word_1_749' title='bbox 1386 1562 1537 1595; x_wconf 86' lang='lat' dir='ltr'>numero</span> <span class='ocrx_word' id='word_1_750' title='bbox 1549 1550 1647 1597; x_wconf 89' lang='lat' dir='ltr'>prius</span> <span class='ocrx_word' id='word_1_751' title='bbox 1662 1548 1711 1584; x_wconf 89' lang='lat' dir='ltr'>est</span> <span class='ocrx_word' id='word_1_752' title='bbox 1727 1550 1760 1584; x_wconf 86' lang='lat' dir='ltr'>in</span> <span class='ocrx_word' id='word_1_753' title='bbox 1773 1550 2057 1597; x_wconf 87' lang='lat' dir='ltr'>potentia.quam</span> <span class='ocrx_word' id='word_1_754' title='bbox 2075 1552 2110 1585; x_wconf 89' lang='lat' dir='ltr'>in</span> <span class='ocrx_word' id='word_1_755' title='bbox 2124 1550 2333 1594; x_wconf 51' lang='lat' dir='ltr'>abituadeo-</span> 
     </span>
     <span class='ocr_line' id='line_1_108' title="bbox 1384 1598 2336 1651; baseline 0.001 -15"><span class='ocrx_word' id='word_1_756' title='bbox 1384 1613 1456 1649; x_wconf 87' lang='lat' dir='ltr'>que</span> <span class='ocrx_word' id='word_1_757' title='bbox 1469 1600 1571 1643; x_wconf 59' lang='lat' dir='ltr'>afflus</span> <span class='ocrx_word' id='word_1_758' title='bbox 1583 1599 1801 1647; x_wconf 67' lang='grc' dir='ltr'>ρει-ἷεέξῐοηε</span> <span class='ocrx_word' id='word_1_759' title='bbox 1824 1600 1858 1643; x_wconf 84' lang='grc'>8(</span> <span class='ocrx_word' id='word_1_760' title='bbox 1883 1598 2081 1644; x_wconf 66' lang='lat' dir='ltr'>substantia</span> <span class='ocrx_word' id='word_1_761' title='bbox 2097 1626 2109 1643; x_wconf 93' lang='lat'>‚</span> <span class='ocrx_word' id='word_1_762' title='bbox 2137 1600 2188 1646; x_wconf 85' lang='lat' dir='ltr'>est</span> <span class='ocrx_word' id='word_1_763' title='bbox 2203 1611 2336 1651; x_wconf 86' lang='lat' dir='ltr'>poten-</span> 
     </span>
     <span class='ocr_line' id='line_1_109' title="bbox 1387 1650 1757 1711; baseline -0.005 -23"><span class='ocrx_word' id='word_1_764' title='bbox 1387 1653 1435 1688; x_wconf 86' lang='lat' dir='ltr'>tia</span> <span class='ocrx_word' id='word_1_765' title='bbox 1451 1652 1484 1688; x_wconf 84' lang='grc'>8(</span> <span class='ocrx_word' id='word_1_766' title='bbox 1500 1650 1624 1695; x_wconf 79' lang='lat' dir='ltr'>habitu</span> <span class='ocrx_word' id='word_1_767' title='bbox 1638 1650 1736 1711; x_wconf 74' lang='lat' dir='ltr'>prior</span> <span class='ocrx_word' id='word_1_768' title='bbox 1748 1677 1757 1686; x_wconf 86' lang='lat'><em>.</em></span> 
     </span>
    </p>

    <p class='ocr_par' dir='ltr' id='par_1_17' title="bbox 1487 1701 2335 1749">
     <span class='ocr_line' id='line_1_110' title="bbox 1487 1701 2335 1749; baseline 0.001 -12"><span class='ocrx_word' id='word_1_769' title='bbox 1487 1702 1582 1744; x_wconf 84' lang='lat' dir='ltr'>Cum</span> <span class='ocrx_word' id='word_1_770' title='bbox 1597 1702 1711 1747; x_wconf 74' lang='lat' dir='ltr'>igttur</span> <span class='ocrx_word' id='word_1_771' title='bbox 1724 1714 1742 1736; x_wconf 90' lang='lat' dir='ltr'>e</span> <span class='ocrx_word' id='word_1_772' title='bbox 1758 1711 1882 1737; x_wconf 88' lang='lat' dir='ltr'>contra</span> <span class='ocrx_word' id='word_1_773' title='bbox 1899 1702 2064 1748; x_wconf 82' lang='lat' dir='ltr'>arguitur</span> <span class='ocrx_word' id='word_1_774' title='bbox 2079 1715 2091 1743; x_wconf 87' lang='lat'><em>3</em></span> <span class='ocrx_word' id='word_1_775' title='bbox 2121 1703 2206 1749; x_wconf 87' lang='lat' dir='ltr'>quia</span> <span class='ocrx_word' id='word_1_776' title='bbox 2232 1701 2335 1749; x_wconf 70' lang='lat' dir='ltr'>prius</span> 
     </span>
    </p>
   </div>
   <div class='ocr_carea' id='block_1_12' title="bbox 1384 1851 2339 2004">
    <p class='ocr_par' dir='ltr' id='par_1_18' title="bbox 1384 1851 2339 2004">
     <span class='ocr_line' id='line_1_111' title="bbox 1385 1851 2335 1900; baseline 0.001 -12"><span class='ocrx_word' id='word_1_777' title='bbox 1385 1854 1500 1889; x_wconf 86' lang='lat' dir='ltr'>videri</span> <span class='ocrx_word' id='word_1_778' title='bbox 1514 1853 1655 1889; x_wconf 63' lang='lat' dir='ltr'>aflibus</span> <span class='ocrx_word' id='word_1_779' title='bbox 1671 1852 1740 1887; x_wconf 88' lang='lat' dir='ltr'>illis</span> <span class='ocrx_word' id='word_1_780' title='bbox 1756 1851 2007 1898; x_wconf 63' lang='lat' dir='ltr'>perfestiorem</span> <span class='ocrx_word' id='word_1_781' title='bbox 2022 1879 2030 1887; x_wconf 90' lang='lat'><strong><em>.</em></strong></span> <span class='ocrx_word' id='word_1_782' title='bbox 2046 1852 2279 1900; x_wconf 72' lang='lat' dir='ltr'>Respondeo,</span> <span class='ocrx_word' id='word_1_783' title='bbox 2290 1864 2335 1889; x_wconf 90' lang='lat' dir='ltr'>eo</span> 
     </span>
     <span class='ocr_line' id='line_1_112' title="bbox 1384 1902 2338 1951; baseline 0.002 -13"><span class='ocrx_word' id='word_1_784' title='bbox 1384 1917 1456 1942; x_wconf 53' lang='lat' dir='ltr'>tan*</span> <span class='ocrx_word' id='word_1_785' title='bbox 1468 1916 1524 1939; x_wconf 87' lang='lat' dir='ltr'>um</span> <span class='ocrx_word' id='word_1_786' title='bbox 1553 1904 1661 1951; x_wconf 61' lang='lat' dir='ltr'>proba</span> <span class='ocrx_word' id='word_1_787' title='bbox 1670 1905 1695 1938; x_wconf 91' lang='lat' dir='ltr'>ri</span> <span class='ocrx_word' id='word_1_788' title='bbox 1723 1904 1950 1939; x_wconf 77' lang='lat' dir='ltr'>voluntatem</span> <span class='ocrx_word' id='word_1_789' title='bbox 1983 1902 2052 1940; x_wconf 79' lang='lat' dir='ltr'>sine</span> <span class='ocrx_word' id='word_1_790' title='bbox 2081 1903 2182 1939; x_wconf 86' lang='lat' dir='ltr'>omni</span> <span class='ocrx_word' id='word_1_791' title='bbox 2208 1902 2338 1940; x_wconf 85' lang='lat' dir='ltr'>habitu</span> 
     </span>
     <span class='ocr_line' id='line_1_113' title="bbox 1385 1952 2339 2004; baseline 0.002 -15"><span class='ocrx_word' id='word_1_792' title='bbox 1385 1955 1483 2004; x_wconf 78' lang='lat' dir='ltr'>posse</span> <span class='ocrx_word' id='word_1_793' title='bbox 1498 1956 1532 1990; x_wconf 91' lang='lat' dir='ltr'>in</span> <span class='ocrx_word' id='word_1_794' title='bbox 1547 1954 1665 1990; x_wconf 61' lang='lat' dir='ltr'>astum</span> <span class='ocrx_word' id='word_1_795' title='bbox 1683 1953 1819 1997; x_wconf 53' lang='lat' dir='ltr'>refilum</span> <span class='ocrx_word' id='word_1_796' title='bbox 1833 1954 1982 1989; x_wconf 75' lang='lat' dir='ltr'>virtutis</span> <span class='ocrx_word' id='word_1_797' title='bbox 1996 1980 2006 1996; x_wconf 92' lang='lat'><em>‚</em></span> <span class='ocrx_word' id='word_1_798' title='bbox 2037 1955 2070 1990; x_wconf 82' lang='grc'>8(</span> <span class='ocrx_word' id='word_1_799' title='bbox 2086 1956 2121 1990; x_wconf 91' lang='lat' dir='ltr'>in</span> <span class='ocrx_word' id='word_1_800' title='bbox 2134 1952 2252 1991; x_wconf 63' lang='lat' dir='ltr'>aetum</span> <span class='ocrx_word' id='word_1_801' title='bbox 2284 1955 2339 1991; x_wconf 82' lang='lat' dir='ltr'>vi·</span> 
     </span>
    </p>
   </div>
   <div class='ocr_carea' id='block_1_13' title="bbox 1370 2002 2338 2043">
    <p class='ocr_par' dir='ltr' id='par_1_19' title="bbox 1370 2002 2338 2043">
     <span class='ocr_line' id='line_1_114' title="bbox 1370 2002 2338 2043; baseline 0.001 -2"><span class='ocrx_word' id='word_1_802' title='bbox 1370 2005 1514 2043; x_wconf 66' lang='lat' dir='ltr'>vtiosum</span> <span class='ocrx_word' id='word_1_803' title='bbox 1528 2031 1537 2039; x_wconf 91' lang='lat'>.</span> <span class='ocrx_word' id='word_1_804' title='bbox 1555 2009 1650 2043; x_wconf 84' lang='lat' dir='ltr'>Nam</span> <span class='ocrx_word' id='word_1_805' title='bbox 1667 2015 1750 2040; x_wconf 85' lang='lat' dir='ltr'>ante</span> <span class='ocrx_word' id='word_1_806' title='bbox 1761 2016 1901 2039; x_wconf 89' lang='lat' dir='ltr'>ornnem</span> <span class='ocrx_word' id='word_1_807' title='bbox 1928 2004 2093 2041; x_wconf 82' lang='lat' dir='ltr'>habitum</span> <span class='ocrx_word' id='word_1_808' title='bbox 2130 2002 2338 2042; x_wconf 63' lang='lat' dir='ltr'>intellestus</span> 
     </span>
    </p>
   </div>
   <div class='ocr_carea' id='block_1_14' title="bbox 1385 2053 2340 2357">
    <p class='ocr_par' dir='ltr' id='par_1_20' title="bbox 1385 2053 2340 2357">
     <span class='ocr_line' id='line_1_115' title="bbox 1386 2053 2339 2104; baseline 0.001 -14"><span class='ocrx_word' id='word_1_809' title='bbox 1386 2056 1503 2104; x_wconf 81' lang='lat' dir='ltr'>potest</span> <span class='ocrx_word' id='word_1_810' title='bbox 1519 2055 1615 2092; x_wconf 70' lang='lat' dir='ltr'>retste</span> <span class='ocrx_word' id='word_1_811' title='bbox 1630 2055 1762 2091; x_wconf 66' lang='lat' dir='ltr'>diam-e</span> <span class='ocrx_word' id='word_1_812' title='bbox 1779 2082 1789 2096; x_wconf 92' lang='lat'>,</span> <span class='ocrx_word' id='word_1_813' title='bbox 1805 2055 1835 2089; x_wconf 74' lang='lat'>8&lt;</span> <span class='ocrx_word' id='word_1_814' title='bbox 1854 2053 1956 2099; x_wconf 81' lang='lat' dir='ltr'>juxta</span> <span class='ocrx_word' id='word_1_815' title='bbox 1972 2055 2005 2089; x_wconf 88' lang='lat' dir='ltr'>id</span> <span class='ocrx_word' id='word_1_816' title='bbox 2021 2056 2196 2091; x_wconf 61' lang='lat' dir='ltr'>diRamen</span> <span class='ocrx_word' id='word_1_817' title='bbox 2211 2056 2339 2091; x_wconf 83' lang='lat' dir='ltr'>volun.</span> 
     </span>
     <span class='ocr_line' id='line_1_116' title="bbox 1387 2105 2338 2152; baseline 0 -10"><span class='ocrx_word' id='word_1_818' title='bbox 1387 2118 1442 2143; x_wconf 87' lang='lat' dir='ltr'>tas</span> <span class='ocrx_word' id='word_1_819' title='bbox 1457 2108 1589 2152; x_wconf 85' lang='lat' dir='ltr'>eligere</span> <span class='ocrx_word' id='word_1_820' title='bbox 1604 2132 1617 2148; x_wconf 83' lang='lat'>,</span> <span class='ocrx_word' id='word_1_821' title='bbox 1643 2107 1698 2141; x_wconf 83' lang='lat' dir='ltr'>vel</span> <span class='ocrx_word' id='word_1_822' title='bbox 1716 2107 1825 2141; x_wconf 81' lang='lat' dir='ltr'>ctiam</span> <span class='ocrx_word' id='word_1_823' title='bbox 1837 2116 1960 2140; x_wconf 87' lang='lat' dir='ltr'>contra</span> <span class='ocrx_word' id='word_1_824' title='bbox 1979 2107 2155 2141; x_wconf 84' lang='lat' dir='ltr'>rationem</span> <span class='ocrx_word' id='word_1_825' title='bbox 2171 2105 2338 2142; x_wconf 61' lang='grc' dir='ltr'>τεξὶετῐμ</span> 
     </span>
     <span class='ocr_line' id='line_1_117' title="bbox 1386 2154 2336 2203; baseline -0.001 -11"><span class='ocrx_word' id='word_1_826' title='bbox 1386 2158 1529 2203; x_wconf 82' lang='lat' dir='ltr'>operari</span> <span class='ocrx_word' id='word_1_827' title='bbox 1545 2170 1556 2197; x_wconf 91' lang='lat'>;</span> <span class='ocrx_word' id='word_1_828' title='bbox 1585 2157 1669 2203; x_wconf 87' lang='lat' dir='ltr'>quia</span> <span class='ocrx_word' id='word_1_829' title='bbox 1683 2154 1863 2202; x_wconf 85' lang='lat' dir='ltr'>quidquid</span> <span class='ocrx_word' id='word_1_830' title='bbox 1880 2156 1998 2201; x_wconf 84' lang='lat' dir='ltr'>primo</span> <span class='ocrx_word' id='word_1_831' title='bbox 2024 2156 2114 2191; x_wconf 81' lang='lat' dir='ltr'>inest</span> <span class='ocrx_word' id='word_1_832' title='bbox 2131 2155 2174 2192; x_wconf 89' lang='lat' dir='ltr'>de</span> <span class='ocrx_word' id='word_1_833' title='bbox 2191 2155 2232 2189; x_wconf 63' lang='lat' dir='ltr'>ha</span> <span class='ocrx_word' id='word_1_834' title='bbox 2242 2158 2336 2199; x_wconf 82' lang='lat' dir='ltr'>bitu,</span> 
     </span>
     <span class='ocr_line' id='line_1_118' title="bbox 1388 2204 2340 2251; baseline 0.001 -10"><span class='ocrx_word' id='word_1_835' title='bbox 1388 2208 1462 2244; x_wconf 78' lang='lat' dir='ltr'>sive</span> <span class='ocrx_word' id='word_1_836' title='bbox 1479 2206 1714 2245; x_wconf 64' lang='lat' dir='ltr'>intelle-&amp;oali</span> <span class='ocrx_word' id='word_1_837' title='bbox 1726 2231 1739 2250; x_wconf 85' lang='lat'>,</span> <span class='ocrx_word' id='word_1_838' title='bbox 1752 2206 1822 2242; x_wconf 77' lang='lat' dir='ltr'>sive</span> <span class='ocrx_word' id='word_1_839' title='bbox 1837 2208 1987 2248; x_wconf 85' lang='lat' dir='ltr'>morali,</span> <span class='ocrx_word' id='word_1_840' title='bbox 2002 2217 2046 2242; x_wconf 84' lang='lat' dir='ltr'>ex</span> <span class='ocrx_word' id='word_1_841' title='bbox 2057 2204 2234 2251; x_wconf 79' lang='lat' dir='ltr'>ejusmodi</span> <span class='ocrx_word' id='word_1_842' title='bbox 2252 2206 2340 2242; x_wconf 72' lang='lat' dir='ltr'>affi-</span> 
     </span>
     <span class='ocr_line' id='line_1_119' title="bbox 1385 2257 2340 2304; baseline -0.001 -11"><span class='ocrx_word' id='word_1_843' title='bbox 1385 2259 1459 2293; x_wconf 85' lang='lat' dir='ltr'>bus</span> <span class='ocrx_word' id='word_1_844' title='bbox 1470 2257 1519 2294; x_wconf 84' lang='lat' dir='ltr'>est</span> <span class='ocrx_word' id='word_1_845' title='bbox 1533 2283 1542 2291; x_wconf 91' lang='lat'><strong>.</strong></span> <span class='ocrx_word' id='word_1_846' title='bbox 1558 2257 1631 2294; x_wconf 86' lang='lat' dir='ltr'>Sed</span> <span class='ocrx_word' id='word_1_847' title='bbox 1646 2269 1716 2292; x_wconf 90' lang='lat' dir='ltr'>non</span> <span class='ocrx_word' id='word_1_848' title='bbox 1731 2267 1919 2303; x_wconf 78' lang='lat' dir='ltr'>propterea</span> <span class='ocrx_word' id='word_1_849' title='bbox 1934 2257 2081 2293; x_wconf 85' lang='lat' dir='ltr'>habitus</span> <span class='ocrx_word' id='word_1_850' title='bbox 2093 2257 2202 2304; x_wconf 85' lang='lat' dir='ltr'>geniti</span> <span class='ocrx_word' id='word_1_851' title='bbox 2229 2258 2340 2292; x_wconf 86' lang='lat' dir='ltr'>virtu.</span> 
     </span>
     <span class='ocr_line' id='line_1_120' title="bbox 1388 2306 2340 2357; baseline -0.001 -13"><span class='ocrx_word' id='word_1_852' title='bbox 1388 2309 1436 2345; x_wconf 85' lang='lat' dir='ltr'>tis</span> <span class='ocrx_word' id='word_1_853' title='bbox 1449 2331 1468 2350; x_wconf 84' lang='lat'>‚-</span> <span class='ocrx_word' id='word_1_854' title='bbox 1484 2308 1540 2343; x_wconf 85' lang='lat' dir='ltr'>vel</span> <span class='ocrx_word' id='word_1_855' title='bbox 1563 2308 1641 2343; x_wconf 77' lang='lat' dir='ltr'>vitii</span> <span class='ocrx_word' id='word_1_856' title='bbox 1659 2307 1757 2344; x_wconf 80' lang='lat' dir='ltr'>asseri</span> <span class='ocrx_word' id='word_1_857' title='bbox 1776 2306 1919 2357; x_wconf 77' lang='lat' dir='ltr'>possunt</span> <span class='ocrx_word' id='word_1_858' title='bbox 1936 2308 2101 2349; x_wconf 62' lang='lat' dir='ltr'>afflibus&#39;,</span> <span class='ocrx_word' id='word_1_859' title='bbox 2131 2320 2176 2343; x_wconf 84' lang='lat' dir='ltr'>cx</span> <span class='ocrx_word' id='word_1_860' title='bbox 2201 2307 2340 2351; x_wconf 82' lang='lat' dir='ltr'>quibus</span> 
     </span>
    </p>
   </div>
   <div class='ocr_carea' id='block_1_15' title="bbox 1391 2356 2517 2410">
    <p class='ocr_par' dir='ltr' id='par_1_21' title="bbox 1391 2356 2517 2410">
     <span class='ocr_line' id='line_1_121' title="bbox 1391 2356 2517 2410; baseline 0 -17"><span class='ocrx_word' id='word_1_861' title='bbox 1391 2357 1501 2401; x_wconf 84' lang='lat' dir='ltr'>fiunt,</span> <span class='ocrx_word' id='word_1_862' title='bbox 1514 2357 1804 2404; x_wconf 75' lang='lat' dir='ltr'>praestantiores,</span> <span class='ocrx_word' id='word_1_863' title='bbox 1817 2368 1878 2393; x_wconf 90' lang='lat' dir='ltr'>aut</span> <span class='ocrx_word' id='word_1_864' title='bbox 1897 2356 2094 2394; x_wconf 80' lang='lat' dir='ltr'>deteriores</span> <span class='ocrx_word' id='word_1_865' title='bbox 2109 2383 2118 2393; x_wconf 91' lang='lat'>.</span> <span class='ocrx_word' id='word_1_866' title='bbox 2139 2358 2341 2401; x_wconf 76' lang='lat' dir='ltr'>propositio</span> <span class='ocrx_word' id='word_1_867' title='bbox 2397 2400 2406 2410; x_wconf 89' lang='lat'><strong>.</strong></span> <span class='ocrx_word' id='word_1_868' title='bbox 2435 2362 2451 2409; x_wconf 42' lang='grc' dir='ltr'><strong><em>ὀ</em></strong></span> <span class='ocrx_word' id='word_1_869' title='bbox 2481 2399 2488 2409; x_wconf 47' lang='grc'><strong>.</strong></span> <span class='ocrx_word' id='word_1_870' title='bbox 2508 2359 2517 2366; x_wconf 90' lang='grc'><strong>”</strong></span> 
     </span>
    </p>
   </div>
   <div class='ocr_carea' id='block_1_16' title="bbox 1389 2406 2350 3416">
    <p class='ocr_par' dir='ltr' id='par_1_22' title="bbox 1389 2406 2345 2911">
     <span class='ocr_line' id='line_1_122' title="bbox 1389 2406 2342 2455; baseline 0.002 -13"><span class='ocrx_word' id='word_1_871' title='bbox 1389 2408 1496 2453; x_wconf 73' lang='lat' dir='ltr'>igitur</span> <span class='ocrx_word' id='word_1_872' title='bbox 1510 2409 1568 2445; x_wconf 79' lang='lat' dir='ltr'>illa</span> <span class='ocrx_word' id='word_1_873' title='bbox 1585 2407 1787 2455; x_wconf 83' lang='lat' dir='ltr'>Philosophi</span> <span class='ocrx_word' id='word_1_874' title='bbox 1803 2407 1854 2444; x_wconf 82' lang='lat' dir='ltr'>est</span> <span class='ocrx_word' id='word_1_875' title='bbox 1869 2408 2099 2453; x_wconf 83' lang='lat' dir='ltr'>intelligenda</span> <span class='ocrx_word' id='word_1_876' title='bbox 2115 2407 2159 2443; x_wconf 81' lang='lat' dir='ltr'>sic</span> <span class='ocrx_word' id='word_1_877' title='bbox 2176 2421 2187 2447; x_wconf 86' lang='lat'><em>3</em></span> <span class='ocrx_word' id='word_1_878' title='bbox 2206 2406 2342 2452; x_wconf 71' lang='lat' dir='ltr'>simpli·</span> 
     </span>
     <span class='ocr_line' id='line_1_123' title="bbox 1389 2455 2342 2506; baseline 0.001 -12"><span class='ocrx_word' id='word_1_879' title='bbox 1389 2460 1477 2494; x_wconf 89' lang='lat' dir='ltr'>citer</span> <span class='ocrx_word' id='word_1_880' title='bbox 1490 2460 1524 2493; x_wconf 90' lang='lat' dir='ltr'>in</span> <span class='ocrx_word' id='word_1_881' title='bbox 1539 2458 1665 2494; x_wconf 88' lang='lat' dir='ltr'>eodem</span> <span class='ocrx_word' id='word_1_882' title='bbox 1680 2470 1810 2504; x_wconf 90' lang='lat' dir='ltr'>genere</span> <span class='ocrx_word' id='word_1_883' title='bbox 1825 2457 1903 2495; x_wconf 69' lang='lat' dir='ltr'>sum</span> <span class='ocrx_word' id='word_1_884' title='bbox 1919 2459 2131 2506; x_wconf 68' lang='lat' dir='ltr'>perfefliora</span> <span class='ocrx_word' id='word_1_885' title='bbox 2147 2455 2342 2503; x_wconf 82' lang='lat' dir='ltr'>posteriora</span> 
     </span>
     <span class='ocr_line' id='line_1_124' title="bbox 1390 2508 2340 2556; baseline 0.001 -12"><span class='ocrx_word' id='word_1_886' title='bbox 1390 2509 1573 2556; x_wconf 77' lang='lat' dir='ltr'>prioribus</span> <span class='ocrx_word' id='word_1_887' title='bbox 1587 2536 1598 2551; x_wconf 94' lang='lat'>‚</span> <span class='ocrx_word' id='word_1_888' title='bbox 1620 2508 1731 2556; x_wconf 84' lang='lat' dir='ltr'>idque</span> <span class='ocrx_word' id='word_1_889' title='bbox 1745 2508 1941 2551; x_wconf 83' lang='lat' dir='ltr'>posteriora</span> <span class='ocrx_word' id='word_1_890' title='bbox 1972 2509 2226 2555; x_wconf 81' lang='lat' dir='ltr'>generatione,</span> <span class='ocrx_word' id='word_1_891' title='bbox 2260 2520 2296 2544; x_wconf 89' lang='lat' dir='ltr'>ut</span> <span class='ocrx_word' id='word_1_892' title='bbox 2316 2510 2340 2545; x_wconf 87' lang='grc' dir='ltr'>Γι</span> 
     </span>
     <span class='ocr_line' id='line_1_125' title="bbox 1391 2558 2342 2608; baseline 0.001 -14"><span class='ocrx_word' id='word_1_893' title='bbox 1391 2560 1514 2608; x_wconf 76' lang='lat' dir='ltr'>plures</span> <span class='ocrx_word' id='word_1_894' title='bbox 1526 2559 1647 2596; x_wconf 84' lang='lat' dir='ltr'>formae</span> <span class='ocrx_word' id='word_1_895' title='bbox 1665 2558 1915 2595; x_wconf 67' lang='lat' dir='ltr'>substantiales</span> <span class='ocrx_word' id='word_1_896' title='bbox 1932 2560 2139 2596; x_wconf 55' lang='lat' dir='ltr'>astruantur</span> <span class='ocrx_word' id='word_1_897' title='bbox 2169 2560 2202 2593; x_wconf 87' lang='lat' dir='ltr'>in</span> <span class='ocrx_word' id='word_1_898' title='bbox 2216 2558 2342 2595; x_wconf 88' lang='lat' dir='ltr'>eodem</span> 
     </span>
     <span class='ocr_line' id='line_1_126' title="bbox 1393 2609 2345 2663; baseline 0.002 -18"><span class='ocrx_word' id='word_1_899' title='bbox 1393 2609 1578 2663; x_wconf 80' lang='lat' dir='ltr'>supposito</span> <span class='ocrx_word' id='word_1_900' title='bbox 1594 2637 1606 2653; x_wconf 89' lang='lat'>,</span> <span class='ocrx_word' id='word_1_901' title='bbox 1633 2610 1758 2645; x_wconf 84' lang='lat' dir='ltr'>ultima</span> <span class='ocrx_word' id='word_1_902' title='bbox 1786 2609 1834 2645; x_wconf 91' lang='lat' dir='ltr'>est</span> <span class='ocrx_word' id='word_1_903' title='bbox 1864 2612 2026 2646; x_wconf 87' lang='lat' dir='ltr'>omnium</span> <span class='ocrx_word' id='word_1_904' title='bbox 2056 2609 2345 2656; x_wconf 54' lang='lat' dir='ltr'>perfefflffima„</span> 
     </span>
     <span class='ocr_line' id='line_1_127' title="bbox 1394 2659 2343 2708; baseline -0.001 -11"><span class='ocrx_word' id='word_1_905' title='bbox 1394 2660 1468 2700; x_wconf 79' lang='lat' dir='ltr'>Sed</span> <span class='ocrx_word' id='word_1_906' title='bbox 1483 2659 1505 2695; x_wconf 84' lang='lat' dir='ltr'>si</span> <span class='ocrx_word' id='word_1_907' title='bbox 1532 2661 1735 2708; x_wconf 82' lang='lat' dir='ltr'>accipiatur</span> <span class='ocrx_word' id='word_1_908' title='bbox 1751 2660 1786 2695; x_wconf 92' lang='lat' dir='ltr'>in</span> <span class='ocrx_word' id='word_1_909' title='bbox 1798 2660 1869 2695; x_wconf 91' lang='lat' dir='ltr'>alio</span> <span class='ocrx_word' id='word_1_910' title='bbox 1885 2671 2017 2705; x_wconf 86' lang='lat' dir='ltr'>genere</span> <span class='ocrx_word' id='word_1_911' title='bbox 2045 2662 2144 2705; x_wconf 85' lang='lat' dir='ltr'>prius</span> <span class='ocrx_word' id='word_1_912' title='bbox 2172 2659 2206 2694; x_wconf 74' lang='grc'>3(</span> <span class='ocrx_word' id='word_1_913' title='bbox 2226 2659 2343 2706; x_wconf 82' lang='lat' dir='ltr'>poste-</span> 
     </span>
     <span class='ocr_line' id='line_1_128' title="bbox 1392 2710 2342 2757; baseline -0.002 -9"><span class='ocrx_word' id='word_1_914' title='bbox 1392 2713 1466 2748; x_wconf 87' lang='lat' dir='ltr'>rius</span> <span class='ocrx_word' id='word_1_915' title='bbox 1482 2737 1491 2750; x_wconf 88' lang='lat'>,</span> <span class='ocrx_word' id='word_1_916' title='bbox 1520 2710 1718 2756; x_wconf 82' lang='lat' dir='ltr'>posteriora</span> <span class='ocrx_word' id='word_1_917' title='bbox 1733 2721 1803 2746; x_wconf 90' lang='lat' dir='ltr'>non</span> <span class='ocrx_word' id='word_1_918' title='bbox 1819 2710 1899 2746; x_wconf 90' lang='lat' dir='ltr'>sunt</span> <span class='ocrx_word' id='word_1_919' title='bbox 1912 2710 2126 2757; x_wconf 63' lang='lat' dir='ltr'>perfestiora</span> <span class='ocrx_word' id='word_1_920' title='bbox 2143 2711 2342 2757; x_wconf 86' lang='lat' dir='ltr'>prioribus.</span> 
     </span>
     <span class='ocr_line' id='line_1_129' title="bbox 1397 2759 2342 2808; baseline -0.002 -10"><span class='ocrx_word' id='word_1_921' title='bbox 1397 2760 1611 2798; x_wconf 83' lang='lat' dir='ltr'>Accidentia</span> <span class='ocrx_word' id='word_1_922' title='bbox 1625 2762 1716 2797; x_wconf 87' lang='lat' dir='ltr'>enim</span> <span class='ocrx_word' id='word_1_923' title='bbox 1732 2760 1813 2803; x_wconf 85' lang='lat' dir='ltr'>sunt</span> <span class='ocrx_word' id='word_1_924' title='bbox 1833 2760 2027 2805; x_wconf 78' lang='lat' dir='ltr'>substantia</span> <span class='ocrx_word' id='word_1_925' title='bbox 2056 2761 2249 2808; x_wconf 73' lang='lat' dir='ltr'>posteriora</span> <span class='ocrx_word' id='word_1_926' title='bbox 2263 2786 2276 2802; x_wconf 93' lang='lat'>,</span> <span class='ocrx_word' id='word_1_927' title='bbox 2306 2759 2342 2796; x_wconf 76' lang='lat'>8&lt;</span> 
     </span>
     <span class='ocr_line' id='line_1_130' title="bbox 1396 2811 2343 2861; baseline 0 -15"><span class='ocrx_word' id='word_1_928' title='bbox 1396 2811 1567 2861; x_wconf 82' lang='lat' dir='ltr'>passiones</span> <span class='ocrx_word' id='word_1_929' title='bbox 1581 2811 1851 2858; x_wconf 85' lang='lat' dir='ltr'>consequuntur</span> <span class='ocrx_word' id='word_1_930' title='bbox 1863 2812 2140 2858; x_wconf 83' lang='lat' dir='ltr'>operationibus</span> <span class='ocrx_word' id='word_1_931' title='bbox 2150 2835 2163 2852; x_wconf 92' lang='lat'><em>‚</em></span> <span class='ocrx_word' id='word_1_932' title='bbox 2185 2820 2343 2847; x_wconf 81' lang='lat' dir='ltr'>attamen</span> 
     </span>
     <span class='ocr_line' id='line_1_131' title="bbox 1397 2861 2042 2911; baseline -0.003 -13"><span class='ocrx_word' id='word_1_933' title='bbox 1397 2863 1516 2911; x_wconf 86' lang='lat' dir='ltr'>priora</span> <span class='ocrx_word' id='word_1_934' title='bbox 1533 2861 1608 2898; x_wconf 86' lang='lat' dir='ltr'>istis</span> <span class='ocrx_word' id='word_1_935' title='bbox 1622 2862 1840 2908; x_wconf 69' lang='lat' dir='ltr'>perfeffione</span> <span class='ocrx_word' id='word_1_936' title='bbox 1853 2862 2017 2907; x_wconf 81' lang='lat' dir='ltr'>praestant</span> <span class='ocrx_word' id='word_1_937' title='bbox 2029 2882 2042 2896; x_wconf 67' lang='grc' dir='ltr'>ι</span> 
     </span>
    </p>

    <p class='ocr_par' dir='ltr' id='par_1_23' title="bbox 1395 2911 2350 3416">
     <span class='ocr_line' id='line_1_132' title="bbox 1436 2911 2342 2949; baseline 0.001 -3"><span class='ocrx_word' id='word_1_938' title='bbox 1436 2944 1438 2946; x_wconf 89' lang='grc'>.</span> <span class='ocrx_word' id='word_1_939' title='bbox 1499 2915 1577 2949; x_wconf 82' lang='lat' dir='ltr'>Hac</span> <span class='ocrx_word' id='word_1_940' title='bbox 1591 2925 1708 2949; x_wconf 88' lang='lat' dir='ltr'>autern</span> <span class='ocrx_word' id='word_1_941' title='bbox 1721 2912 1757 2947; x_wconf 87' lang='lat' dir='ltr'>in</span> <span class='ocrx_word' id='word_1_942' title='bbox 1769 2912 1972 2949; x_wconf 80' lang='lat' dir='ltr'>causatione</span> <span class='ocrx_word' id='word_1_943' title='bbox 1988 2911 2182 2947; x_wconf 86' lang='lat' dir='ltr'>habituum</span> <span class='ocrx_word' id='word_1_944' title='bbox 2197 2923 2243 2948; x_wconf 83' lang='lat' dir='ltr'>cx</span> <span class='ocrx_word' id='word_1_945' title='bbox 2254 2911 2342 2947; x_wconf 73' lang='lat' dir='ltr'>affl·</span> 
     </span>
     <span class='ocr_line' id='line_1_133' title="bbox 1396 2960 2345 3006; baseline -0.001 -6"><span class='ocrx_word' id='word_1_946' title='bbox 1396 2966 1464 3001; x_wconf 86' lang='lat' dir='ltr'>bus</span> <span class='ocrx_word' id='word_1_947' title='bbox 1479 2989 1488 3006; x_wconf 90' lang='lat'>,</span> <span class='ocrx_word' id='word_1_948' title='bbox 1515 2963 1550 2999; x_wconf 86' lang='grc'>8(</span> <span class='ocrx_word' id='word_1_949' title='bbox 1564 2975 1582 2999; x_wconf 92' lang='lat' dir='ltr'>e</span> <span class='ocrx_word' id='word_1_950' title='bbox 1594 2960 1767 2999; x_wconf 81' lang='lat' dir='ltr'>converso</span> <span class='ocrx_word' id='word_1_951' title='bbox 1778 2962 1922 2999; x_wconf 70' lang='lat' dir='ltr'>aauum</span> <span class='ocrx_word' id='word_1_952' title='bbox 1937 2974 1982 2999; x_wconf 87' lang='lat' dir='ltr'>ex</span> <span class='ocrx_word' id='word_1_953' title='bbox 2008 2961 2193 2998; x_wconf 72' lang='lat' dir='ltr'>habitibus</span> <span class='ocrx_word' id='word_1_954' title='bbox 2216 2962 2345 2999; x_wconf 78' lang='lat' dir='ltr'>assere-</span> 
     </span>
     <span class='ocr_line' id='line_1_134' title="bbox 1396 3011 2344 3060; baseline -0.001 -9"><span class='ocrx_word' id='word_1_955' title='bbox 1396 3028 1431 3051; x_wconf 87' lang='lat' dir='ltr'>re</span> <span class='ocrx_word' id='word_1_956' title='bbox 1443 3023 1614 3060; x_wconf 85' lang='lat' dir='ltr'>oportet,</span> <span class='ocrx_word' id='word_1_957' title='bbox 1635 3013 1710 3050; x_wconf 89' lang='lat' dir='ltr'>duo</span> <span class='ocrx_word' id='word_1_958' title='bbox 1731 3013 1979 3055; x_wconf 58' lang='lat' dir='ltr'>distinfikarum</span> <span class='ocrx_word' id='word_1_959' title='bbox 2005 3011 2199 3060; x_wconf 82' lang='lat' dir='ltr'>specierum</span> <span class='ocrx_word' id='word_1_960' title='bbox 2236 3013 2344 3050; x_wconf 74' lang='lat' dir='ltr'>fore-.-</span> 
     </span>
     <span class='ocr_line' id='line_1_135' title="bbox 1397 3063 2345 3110; baseline -0.003 -8"><span class='ocrx_word' id='word_1_961' title='bbox 1397 3066 1461 3102; x_wconf 83' lang='lat' dir='ltr'>sibi</span> <span class='ocrx_word' id='word_1_962' title='bbox 1476 3066 1628 3101; x_wconf 82' lang='lat' dir='ltr'>invicem</span> <span class='ocrx_word' id='word_1_963' title='bbox 1648 3063 1771 3100; x_wconf 82' lang='lat' dir='ltr'>causas</span> <span class='ocrx_word' id='word_1_964' title='bbox 1787 3063 1994 3110; x_wconf 80' lang='lat' dir='ltr'>aequivocas</span> <span class='ocrx_word' id='word_1_965' title='bbox 2010 3063 2265 3110; x_wconf 82' lang='lat' dir='ltr'>partiales,non</span> <span class='ocrx_word' id='word_1_966' title='bbox 2283 3076 2345 3100; x_wconf 71' lang='lat' dir='ltr'>ve-</span> 
     </span>
     <span class='ocr_line' id='line_1_136' title="bbox 1397 3112 2345 3152; baseline -0.003 0"><span class='ocrx_word' id='word_1_967' title='bbox 1397 3129 1436 3152; x_wconf 90' lang='lat' dir='ltr'>ro</span> <span class='ocrx_word' id='word_1_968' title='bbox 1451 3114 1674 3151; x_wconf 89' lang='lat' dir='ltr'>omnimodas</span> <span class='ocrx_word' id='word_1_969' title='bbox 1689 3141 1698 3152; x_wconf 88' lang='lat'><strong>.</strong></span> <span class='ocrx_word' id='word_1_970' title='bbox 1713 3117 1794 3152; x_wconf 86' lang='lat' dir='ltr'>Nec</span> <span class='ocrx_word' id='word_1_971' title='bbox 1807 3114 1841 3149; x_wconf 91' lang='lat' dir='ltr'>id</span> <span class='ocrx_word' id='word_1_972' title='bbox 1859 3113 1970 3149; x_wconf 81' lang='lat' dir='ltr'>ullum</span> <span class='ocrx_word' id='word_1_973' title='bbox 1990 3113 2143 3149; x_wconf 84' lang='lat' dir='ltr'>involuit</span> <span class='ocrx_word' id='word_1_974' title='bbox 2169 3112 2345 3150; x_wconf 83' lang='lat' dir='ltr'>inconv&#39;c-</span> 
     </span>
     <span class='ocr_line' id='line_1_137' title="bbox 1397 3163 2344 3212; baseline -0.002 -11"><span class='ocrx_word' id='word_1_975' title='bbox 1397 3168 1497 3202; x_wconf 87' lang='lat' dir='ltr'>niens</span> <span class='ocrx_word' id='word_1_976' title='bbox 1512 3192 1522 3207; x_wconf 86' lang='lat'>,</span> <span class='ocrx_word' id='word_1_977' title='bbox 1550 3169 1602 3201; x_wconf 89' lang='lat' dir='ltr'>uti</span> <span class='ocrx_word' id='word_1_978' title='bbox 1625 3164 1833 3212; x_wconf 84' lang='lat' dir='ltr'>sequeretur</span> <span class='ocrx_word' id='word_1_979' title='bbox 1862 3163 1884 3199; x_wconf 85' lang='lat' dir='ltr'>si</span> <span class='ocrx_word' id='word_1_980' title='bbox 1916 3163 2071 3198; x_wconf 86' lang='lat' dir='ltr'>circulus</span> <span class='ocrx_word' id='word_1_981' title='bbox 2097 3164 2344 3202; x_wconf 70' lang='lat' dir='ltr'>intervenire...</span> 
     </span>
     <span class='ocr_line' id='line_1_138' title="bbox 1395 3213 2346 3262; baseline -0.001 -10"><span class='ocrx_word' id='word_1_982' title='bbox 1395 3217 1576 3252; x_wconf 86' lang='lat' dir='ltr'>diceretur</span> <span class='ocrx_word' id='word_1_983' title='bbox 1587 3217 1621 3250; x_wconf 91' lang='lat' dir='ltr'>in</span> <span class='ocrx_word' id='word_1_984' title='bbox 1636 3216 1749 3251; x_wconf 76' lang='lat' dir='ltr'>causis</span> <span class='ocrx_word' id='word_1_985' title='bbox 1764 3214 1959 3262; x_wconf 83' lang='lat' dir='ltr'>aequivocis</span> <span class='ocrx_word' id='word_1_986' title='bbox 1975 3213 2150 3249; x_wconf 80' lang='lat' dir='ltr'>totalibus</span> <span class='ocrx_word' id='word_1_987' title='bbox 2162 3237 2176 3256; x_wconf 89' lang='lat'>,</span> <span class='ocrx_word' id='word_1_988' title='bbox 2202 3215 2234 3250; x_wconf 76' lang='lat'>8&lt;</span> <span class='ocrx_word' id='word_1_989' title='bbox 2250 3226 2346 3251; x_wconf 86' lang='lat' dir='ltr'>¹cum</span> 
     </span>
     <span class='ocr_line' id='line_1_139' title="bbox 1398 3264 2348 3313; baseline -0.002 -11"><span class='ocrx_word' id='word_1_990' title='bbox 1398 3267 1449 3302; x_wconf 83' lang='lat' dir='ltr'>ita</span> <span class='ocrx_word' id='word_1_991' title='bbox 1463 3267 1516 3307; x_wconf 87' lang='lat' dir='ltr'>sit,</span> <span class='ocrx_word' id='word_1_992' title='bbox 1529 3268 1648 3313; x_wconf 82' lang='lat' dir='ltr'>potior</span> <span class='ocrx_word' id='word_1_993' title='bbox 1661 3265 1708 3301; x_wconf 85' lang='lat' dir='ltr'>est</span> <span class='ocrx_word' id='word_1_994' title='bbox 1720 3265 1867 3301; x_wconf 62' lang='lat' dir='ltr'>nauum</span> <span class='ocrx_word' id='word_1_995' title='bbox 1882 3264 2055 3303; x_wconf 79' lang='lat' dir='ltr'>conditio,</span> <span class='ocrx_word' id='word_1_996' title='bbox 2067 3274 2148 3298; x_wconf 87' lang='lat' dir='ltr'>cum</span> <span class='ocrx_word' id='word_1_997' title='bbox 2166 3265 2348 3311; x_wconf 87' lang='lat' dir='ltr'>quidquid</span> 
     </span>
     <span class='ocr_line' id='line_1_140' title="bbox 1397 3313 2350 3364; baseline 0.001 -13"><span class='ocrx_word' id='word_1_998' title='bbox 1397 3318 1433 3352; x_wconf 85' lang='lat' dir='ltr'>in</span> <span class='ocrx_word' id='word_1_999' title='bbox 1449 3317 1635 3354; x_wconf 80' lang='lat' dir='ltr'>habitibus</span> <span class='ocrx_word' id='word_1_1000' title='bbox 1651 3317 1852 3364; x_wconf 83' lang='lat' dir='ltr'>reperitur,</span> <span class='ocrx_word' id='word_1_1001' title='bbox 1865 3325 1909 3351; x_wconf 81' lang='lat' dir='ltr'>ex</span> <span class='ocrx_word' id='word_1_1002' title='bbox 1923 3313 2062 3350; x_wconf 59' lang='lat' dir='ltr'>auibus</span> <span class='ocrx_word' id='word_1_1003' title='bbox 2078 3314 2273 3352; x_wconf 79' lang='lat' dir='ltr'>necessario</span> <span class='ocrx_word' id='word_1_1004' title='bbox 2289 3327 2350 3352; x_wconf 81' lang='lat' dir='ltr'>ac-</span> 
     </span>
     <span class='ocr_line' id='line_1_141' title="bbox 1401 3369 1585 3416; baseline 0.011 -14"><span class='ocrx_word' id='word_1_1005' title='bbox 1401 3369 1561 3416; x_wconf 85' lang='lat' dir='ltr'>cipiatur</span> <span class='ocrx_word' id='word_1_1006' title='bbox 1574 3393 1585 3404; x_wconf 84' lang='lat'><strong>.</strong></span> 
     </span>
    </p>
   </div>
   <div class='ocr_carea' id='block_1_17' title="bbox 2220 3819 2312 3858">
    <p class='ocr_par' dir='ltr' id='par_1_24' title="bbox 2220 3819 2312 3858">
     <span class='ocr_line' id='line_1_142' title="bbox 2220 3819 2312 3858; baseline 0.011 -1"><span class='ocrx_word' id='word_1_1007' title='bbox 2220 3819 2312 3858; x_wconf 81' lang='lat' dir='ltr'>AR-</span> 
     </span>
    </p>
   </div>
   <div class='ocr_carea' id='block_1_18' title="bbox 1385 1719 2575 1799">
    <p class='ocr_par' dir='ltr' id='par_1_25' title="bbox 1385 1719 2575 1799">
     <span class='ocr_line' id='line_1_143' title="bbox 1385 1719 2575 1799; baseline -0.002 -10"><span class='ocrx_word' id='word_1_1008' title='bbox 1385 1753 1433 1791; x_wconf 79' lang='lat' dir='ltr'>est</span> <span class='ocrx_word' id='word_1_1009' title='bbox 1442 1751 1648 1799; x_wconf 73' lang='lat' dir='ltr'>potentiam</span> <span class='ocrx_word' id='word_1_1010' title='bbox 1663 1751 1760 1787; x_wconf 82' lang='lat' dir='ltr'>exire</span> <span class='ocrx_word' id='word_1_1011' title='bbox 1777 1752 1809 1786; x_wconf 92' lang='lat' dir='ltr'>in</span> <span class='ocrx_word' id='word_1_1012' title='bbox 1825 1753 1966 1798; x_wconf 85' lang='lat' dir='ltr'>aliquos</span> <span class='ocrx_word' id='word_1_1013' title='bbox 1984 1749 2086 1788; x_wconf 65' lang='lat' dir='ltr'>:as-tus</span> <span class='ocrx_word' id='word_1_1014' title='bbox 2102 1779 2113 1794; x_wconf 89' lang='lat'>,</span> <span class='ocrx_word' id='word_1_1015' title='bbox 2140 1755 2173 1788; x_wconf 82' lang='grc'>8(</span> <span class='ocrx_word' id='word_1_1016' title='bbox 2209 1753 2335 1791; x_wconf 75' lang='lat' dir='ltr'>exinde</span> <span class='ocrx_word' id='word_1_1017' title='bbox 2373 1763 2398 1794; x_wconf 74' lang='lat'>§-</span> <span class='ocrx_word' id='word_1_1018' title='bbox 2411 1719 2575 1796; x_wconf 49' lang='lat' dir='ltr'>22¹³}ss</span> 
     </span>
    </p>
   </div>
   <div class='ocr_carea' id='block_1_19' title="bbox 1370 1798 2501 1852">
    <p class='ocr_par' dir='ltr' id='par_1_26' title="bbox 1370 1798 2501 1852">
     <span class='ocr_line' id='line_1_144' title="bbox 1370 1798 2501 1852; baseline -0.004 -11"><span class='ocrx_word' id='word_1_1019' title='bbox 1370 1802 1631 1852; x_wconf 77' lang='lat' dir='ltr'>‚perillosfieri</span> <span class='ocrx_word' id='word_1_1020' title='bbox 1652 1801 1789 1837; x_wconf 72' lang='lat' dir='ltr'>vhabitu</span> <span class='ocrx_word' id='word_1_1021' title='bbox 1811 1802 2021 1848; x_wconf 65' lang='lat' dir='ltr'>praeditam,</span> <span class='ocrx_word' id='word_1_1022' title='bbox 2050 1804 2215 1850; x_wconf 86' lang='lat' dir='ltr'>adeoque</span> <span class='ocrx_word' id='word_1_1023' title='bbox 2243 1802 2334 1845; x_wconf 84' lang='lat' dir='ltr'>hanc</span> <span class='ocrx_word' id='word_1_1024' title='bbox 2360 1798 2501 1837; x_wconf 61' lang='lat' dir='ltr'>stimm-</span> 
     </span>
    </p>
   </div>
   <div class='ocr_carea' id='block_1_20' title="bbox 2375 2923 2576 3003">
    <p class='ocr_par' dir='ltr' id='par_1_27' title="bbox 2375 2923 2576 3003">
     <span class='ocr_line' id='line_1_145' title="bbox 2417 2923 2576 2954; baseline 0 0"><span class='ocrx_word' id='word_1_1025' title='bbox 2417 2934 2443 2954; x_wconf 80' lang='lat' dir='ltr'>r.</span> <span class='ocrx_word' id='word_1_1026' title='bbox 2454 2923 2515 2953; x_wconf 78' lang='lat' dir='ltr'>dist·</span> <span class='ocrx_word' id='word_1_1027' title='bbox 2531 2929 2576 2954; x_wconf 75' lang='lat'>¹7-</span> 
     </span>
     <span class='ocr_line' id='line_1_146' title="bbox 2375 2971 2557 3003; baseline -0.016 -10"><span class='ocrx_word' id='word_1_1028' title='bbox 2375 2973 2451 3003; x_wconf 82' lang='lat' dir='ltr'>q.3.</span> <span class='ocrx_word' id='word_1_1029' title='bbox 2468 2973 2497 2993; x_wconf 85' lang='lat' dir='ltr'>n.</span> <span class='ocrx_word' id='word_1_1030' title='bbox 2513 2971 2557 2992; x_wconf 79' lang='grc' dir='ltr'>ιο.</span> 
     </span>
    </p>
   </div>
  </div>
 </body>
</html>
