2628 4011
8 770 13 779 .
51 760 80 779 a.
93 749 159 780 dist.
172 757 254 788 ζῇς.

7 811 18 821 ,,
54 799 100 818 na
120 799 150 818 n.
171 791 249 824 ’μεθ’

8 829 13 860 ί
42 827 105 866 seq.

56 1067 199 1112 Qtodlib.
219 1074 251 1105 q.

52 1121 63 1142 ι
72 1109 169 1141 8.6.Αά
175 1106 255 1136 aliud

16 1162 17 1168 ¹
54 1152 88 1182 de
100 1145 252 1183 conve-'rste-

52 1195 175 1227 qen-19·

69 2189 99 2210 a.
109 2179 167 2210 dist.
184 2186 197 2217 ς
205 2187 268 2217 3.n.

70 2228 100 2248 2.

70 2356 219 2395 2.dist.43.
241 2368 271 2396 q.

72 2396 165 2426 2.§.Si
191 2403 271 2426 tene-

71 2440 121 2461 Jul'
133 2450 144 2462 ο

78 2774 172 2804 adin.
185 2783 232 2804 zi·
245 2783 276 2812 q.

76 2822 107 2859 ²:
121 2818 143 2845 6.
155 2816 198 2843 De
213 2821 276 2841 ter-

77 2859 115 2881 ‘10
127 2870 136 2881 ο

85 3476 199 3514 ,ΓΟῙΟζν
206 3483 244 3512 tq·
258 3483 286 3504 2·

697 134 857 182 Tomats
874 133 956 185 III,
976 132 1143 181 Par-II.
1161 131 1354 208 Qaestio
1368 128 1591 181 LXXIIJ.
1600 131 1702 180 Art.
1715 133 1760 180 V
1756 130 1794 179 Ῑ.

274 209 348 244 cito
363 207 565 245 volui-‚taes
576 204 759 252 operantis
772 214 899 237 contra
917 201 1095 238 dtamen
1121 203 1224 238 reftae

277 260 426 296 rationis
452 254 733 303 independenter
757 254 803 288 ab
840 253 1006 298 appetitu
1042 251 1223 288 sensitivoz

279 309 360 346 sunt
378 310 490 357 igitur
502 306 661 342 maxime
677 303 928 349 vituperabilia
944 330 955 345 ,
986 302 1020 337 8(
1037 303 1151 347 magis
1164 302 1226 337 su·

279 361 507 404 bindequam
524 363 672 402 peccata
699 354 907 389 evenientia
934 354 977 388 de
1000 353 1152 401 imperio
1183 353 1226 387 il-

281 413 349 448 lius
363 435 374 447 .
390 409 452 447 Illa
466 407 575 453 igitur
592 403 673 439 sunt
689 403 868 439 deteriora
883 405 974 440 mala
990 430 1001 446 ‚
1025 414 1065 438 ut
1079 413 1224 438 contra·

285 465 345 500 rite
373 461 525 496 virtutes
561 454 803 503 praestantiora
825 455 1009 501 magisque
1029 453 1224 489 laudabilia

282 515 379 550 bona
397 537 409 552 ‚
436 519 507 556 prae
524 507 594 542 illis
607 517 688 552 quae
699 503 790 545 fiunt
803 519 865 553 per
878 505 978 542 aetus
994 506 1198 549 imperatos-

385 556 604 606 Respondeo
627 555 822 592 dicendum
854 568 998 605 peccata
1026 554 1226 602 spiritualia

282 612 448 661 graviora
461 608 528 646 esi'e
540 606 745 647 carnalibus
760 609 913 654 peccatis
931 635 940 649 ‚
962 607 1099 643 caeteris
1128 606 1228 652 pari-0.

282 668 351 701 bus
367 690 379 706 ,
405 661 471 697 hac
488 658 623 695 scilicet
647 657 786 694 ratione
817 658 959 704 praecise
986 655 1225 696 considerata;

280 710 522 759 exadjunflis
538 709 632 745 enim
649 708 752 744 aliter
767 709 909 745 evenire
920 707 1038 756 potest
1053 733 1062 742 .
1094 706 1228 745 Deoia,

282 766 396 802 ratio:
418 764 568 799 Peccata
594 760 749 801 carnalia
776 760 835 794 illa
861 760 1116 805 intelliguntur
1141 768 1225 803 qua:

281 815 373 852 fiunt
391 825 455 861 per
475 810 743 847 conversionem
771 809 816 844 ad
855 808 1000 852 obitha
1044 808 1226 855 appetitus

284 865 438 902 sensitivi
455 890 466 906 ,
484 863 544 898 cui
557 860 798 897 intelleekivus
813 870 919 897 natus
934 858 982 895 est
1000 857 1228 902 condelee'ta-

283 916 314 954 ri
326 928 390 963 pro
408 914 501 951 statu
516 911 662 949 unionis
677 911 801 947 animae
812 922 893 947 cum
918 921 1070 957 corpore
1085 922 1097 950 ς
1125 908 1229 956 atqui

283 964 345 1005 tali
358 967 392 1002 in
407 962 638 1002 conversione
654 972 802 1002 eatenus
827 971 997 1009 peccatur
1013 986 1024 1002 ,
1050 970 1230 1008 quatenus

283 1016 486 1059 inordinate
496 1014 536 1051 sit
553 1040 564 1056 ‚
589 1024 653 1049 nec
666 1012 830 1048 servatur
844 1011 973 1047 modus
987 1023 1006 1046 a
1023 1012 1100 1059 lege
1117 1010 1231 1046 staru-

281 1079 341 1107 tus
358 1093 368 1103 .
381 1069 470 1106 Non
483 1065 562 1102 sunt
574 1065 669 1100 enim
684 1062 757 1110 ipsa
773 1059 917 1108 objeaa
934 1064 1024 1100 mala
1038 1090 1052 1108 ‚
1075 1061 1133 1098 sed
1148 1072 1232 1098 eve-

285 1121 336 1158 nit
353 1118 488 1156 malitia
504 1129 550 1154 ex
563 1115 719 1153 carentia
732 1114 844 1152 debiti
856 1112 990 1151 ordinis
1006 1115 1041 1150 in
1056 1113 1233 1160 a&u‚quo

286 1172 347 1208 illa
363 1167 507 1216 objeaa
523 1169 778 1215 attinguntur3
804 1175 843 1201 ut
859 1168 908 1201 ait
927 1165 1153 1211 Augustinus
1174 1174 1228 1202 iz.

287 1224 333 1262 de
349 1218 467 1258 civit.
483 1229 556 1271 cap.
572 1221 606 1257 8.
627 1219 721 1256 Nam
738 1217 761 1253 {i
779 1216 951 1253 voluntas
966 1215 1129 1251 ordinate
1144 1225 1233 1253 con·

288 1283 492 1311 verteretur
514 1271 559 1308 ad
585 1268 643 1306 illa
674 1296 685 1312 ‚
715 1269 860 1305 minime
881 1278 1046 1315 peccaret
1068 1281 1079 1308 3
1108 1266 1234 1302 incidit

290 1334 478 1374 propterea
495 1331 681 1371 peccatum
697 1331 743 1355 ex
755 1317 937 1355 aversione
950 1331 968 1352 a
983 1317 1122 1355 summo
1135 1318 1235 1353 bono

291 1375 495 1414 virtualiter
514 1381 652 1421 reperta
666 1371 772 1407 inilia
787 1369 1021 1406 conversione
1037 1370 1079 1405 ad
1095 1379 1235 1405 creatu-

291 1439 368 1464 ram
384 1440 395 1467 3
412 1436 559 1472 peccata
571 1433 691 1459 autem
707 1419 900 1468 spiritualia
917 1421 1032 1468 primo
1043 1422 1077 1458 8(
1106 1418 1238 1466 {impli-

291 1479 382 1513 citer
398 1477 591 1511 irivolvunt
607 1470 830 1509 aversionem
849 1483 866 1505 a
884 1471 1021 1507 summo
1034 1473 1147 1510 bono3
1165 1482 1237 1508 non

295 1528 389 1564 enim
404 1526 480 1562 ltaec
498 1524 755 1562 consumantur
771 1535 853 1559 cum
866 1522 1106 1568 dependentia
1120 1520 1162 1557 ad
1173 1522 1240 1556 ob-

294 1577 390 1625 jeSla
405 1576 559 1614 sensitivi
578 1575 762 1624 appetitus
779 1600 789 1615 ,
817 1572 1166 1619 sedindependenrer
1193 1573 1239 1608 ab

295 1630 357 1665 illo
374 1642 385 1669 3
412 1626 581 1663 tendente
599 1627 783 1661 voluntate
799 1636 925 1661 contra
940 1624 1102 1660 ordinem
1117 1623 1153 1657 in
1171 1623 1241 1661 illa

296 1691 378 1726 quae
394 1678 454 1714 sibi
473 1677 552 1713 sunt
565 1675 789 1712 delectabilia
807 1703 819 1718 ,
846 1687 916 1711 non
931 1671 1078 1722 'propter
1103 1675 1242 1721 appeti-

298 1741 375 1765 tum
391 1727 591 1764 sensitivam
606 1740 619 1767 3
651 1737 738 1771 ergo
757 1737 842 1761 tunc
859 1728 1007 1769 gravius
1024 1736 1161 1771 peccat3
1179 1737 1243 1761 no-

297 1780 390 1815 lente
408 1778 490 1812 dare
505 1777 761 1813 restitudincm
779 1775 899 1817 afflui,
923 1788 968 1811 ex
996 1788 1072 1821 quo
1099 1775 1242 1811 laudern

297 1828 581 1875 consequeretur
598 1855 608 1870 ‚
636 1827 872 1874 &proemium
888 1850 900 1867 ,
924 1828 1039 1871 magis
1070 1837 1110 1860 ac
1133 1826 1156 1860 ii
1181 1826 1245 1863 de-

294 1880 496 1929 pendenter
512 1880 558 1915 ab
573 1877 741 1914 sensitivo
754 1878 914 1926 appetitu
934 1878 1139 1913 elicererur.
1151 1879 1249 1913 Nam

296 1932 386 1968 *sicut
402 1930 574 1965 voluntas
590 1929 638 1966 est
656 1930 769 1976 magis
793 1929 976 1974 appetitus
1006 1928 1163 1964 hominis
1184 1929 1249 1965 in..

298 1992 478 2030 quantum
494 1980 604 2016 bomo
619 2007 630 2022 ,
650 1992 760 2028 quam
778 1979 965 2016 sensitivus
981 1981 1164 2027 appetitus
1181 1980 1251 2022 ,ira

296 2031 480 2079 quicquid
495 2032 570 2077 agit
584 2032 639 2067 vel
657 2032 795 2078 patitur
810 2030 1005 2066 seeundum
1022 2031 1251 2066 voluntatem

292 2083 502 2130 'simpliciter
518 2084 633 2128 magis
650 2084 723 2127 agit
740 2082 794 2118 vel
807 2081 941 2126 patitur
954 2083 988 2117 in
1002 2092 1180 2129 quantum
1191 2081 1254 2120 lio.

299 2147 360 2173 mo
376 2161 387 2176 ,
403 2144 511 2176 quam
527 2131 722 2169 secundum
736 2135 892 2180 aliquem
909 2133 1017 2169 alium
1035 2134 1251 2175 appetitum.

403 2182 542 2220 Deinde
559 2184 730 2219 voluntas
746 2184 913 2219 sensitivo
929 2182 1124 2231 conjnn&a
1144 2196 1254 2231 appe-

305 2236 390 2271 titui
402 2261 414 2277 ,
438 2243 517 2269 nata
532 2233 580 2269 est
593 2234 834 2270 condeleStari
851 2234 942 2275 silii;
972 2246 1086 2282 quare
1101 2245 1254 2281 peccans

305 2285 496 2322 occasione
513 2284 758 2320 inclinationis
771 2286 984 2322 inordinata
1008 2285 1166 2322 sensitivi
1194 2299 1258 2334 ap-

307 2338 441 2386 petitus
466 2336 501 2371 in
527 2336 715 2382 proprium
736 2335 973 2379 detestabile,
998 2348 1044 2372 ex
1069 2337 1258 2383 ρείῖῐοηω

308 2397 433 2437 peccat
447 2412 458 2428 ‚
481 2384 591 2434 idque
607 2386 660 2425 est
670 2398 716 2422 ex
729 2385 936 2424 infirmitate
949 2388 1259 2436 peccantis.Quo-

309 2441 377 2476 ties
409 2447 529 2472 autem
557 2436 731 2483 delinquit
756 2464 768 2480 ,
792 2449 978 2485 perperam
1005 2430 1260 2487 prosequendo

305 2500 393 2535 ‚qua
408 2485 452 2521 ad
465 2485 580 2534 ipsum
594 2489 774 2533 pertinent
789 2489 1073 2536 independenter
1088 2502 1107 2525 a
1131 2502 1260 2539 poten-

313 2541 371 2576 tiis
383 2538 559 2585 corporis,
573 2538 614 2581 &-
627 2537 737 2575 si'suis
752 2538 787 2576 se
801 2540 1002 2578 conformet
1025 2541 1261 2587 pastionibus,

314 2602 386 2627 non
405 2591 577 2635 premitur
589 2601 707 2628 tamen
724 2592 939 2638 passionibus
951 2594 1060 2637 partis
1074 2592 1261 2634 sensitiva

312 2651 402 2684 ergo
416 2641 529 2684 magis
541 2639 590 2675 est
602 2652 729 2687 potens
737 2642 810 2679 obii
818 2642 927 2683 stendi
944 2645 1065 2688 pravis
1077 2643 1262 2691 cupidita·

314 2692 411 2727 tibus
428 2701 498 2725 non
515 2692 604 2726 ortis
619 2704 665 2727 ex
681 2693 780 2739 parte
807 2693 972 2729 sensitiva
988 2720 999 2735 ,
1024 2693 1084 2729 sed
1115 2693 1262 2740 ipsam...

313 2742 538 2777 voluntatem
555 2740 635 2777 inse
654 2743 959 2793 consequentibus
985 2769 996 2779 .
1028 2745 1150 2790 Magis
1177 2755 1261 2791 pro·

313 2803 432 2839 pterea
446 2789 561 2837 potest
587 2792 694 2828 libera
723 2793 776 2831 sui
807 2794 985 2841 potestate
1012 2796 1096 2836 uti3
1122 2795 1146 2832 si
1172 2795 1263 2830 nolit

312 2854 427 2899 ergo,
450 2843 484 2877 8(
504 2842 686 2878 commodi
710 2843 934 2881 affeetionem
964 2843 1158 2891 sequatur,
1187 2857 1263 2880 ma·

306 2894 380 2940 VJori
395 2891 558 2939 profesto
572 2894 686 2940 culpae
696 2894 745 2930 est
760 2895 920 2939 obnoxia
933 2922 942 2931 .
956 2897 1096 2933 Fortior
1108 2907 1194 2931 tunc
1209 2893 1261 2930 est

312 2945 406 2980 enim
425 2943 456 2979 8(
488 2943 646 2979 habilior
669 2945 712 2979 ad
730 2944 968 2982 resistendum
994 2957 1065 2982 non
1096 2945 1262 2992 pulsata)

220 2999 230 3008 ³
269 3009 277 3020 ·
309 2993 525 3042 passionibus
543 2994 654 3040 partis
681 2993 850 3032 sensitivae
865 3021 875 3031 .
891 2997 1011 3035 Passio
1031 2999 1126 3034 enim
1150 2998 1264 3038 partis

315 3044 487 3082 sensitiva:
503 3071 513 3087 ,
540 3045 573 3081 8(
600 3044 757 3082 maxime
780 3047 1075 3094 concupiscipilis
1102 3075 1116 3090 ,
1135 3048 1263 3083 diffici-

313 3097 385 3132 lius
404 3095 585 3137 vinchur,
613 3097 699 3143 quia
716 3096 759 3132 de
774 3096 1028 3133 nostrocontra
1059 3110 1125 3134 nos
1153 3099 1264 3133 robo-

312 3157 416 3184 ratur
428 3171 436 3182 .
455 3145 611 3182 Minoris
620 3157 708 3192 ergo
724 3146 802 3183 sunt
814 3148 1002 3194 gravitatis
1013 3159 1164 3195 peccata
1187 3160 1266 3183 car·

315 3197 435 3233 nalia.
457 3209 567 3242 quain
596 3196 794 3245 spiritualia
812 3225 824 3245 ,
851 3198 909 3234 sed
941 3199 1088 3234 viliores
1114 3199 1147 3235 8(
1177 3209 1266 3235 con·-

314 3248 595 3294 temptibiliores
633 3246 793 3283 efficiunt
820 3260 908 3291 eos,
933 3248 997 3296 qui
1027 3249 1062 3284 in
1101 3249 1186 3284 talia
1212 3251 1267 3284 la-

315 3298 483 3338 buntur3
509 3307 695 3345 propterea
708 3298 810 3344 quod
825 3300 916 3336 sicut
941 3311 1005 3347 per
1031 3298 1133 3334 aetus
1155 3300 1268 3341 partis

319 3346 490 3384 sensitivoe
503 3346 636 3385 nullam
652 3348 792 3386 laudem
821 3360 1001 3386 meremur
1019 3375 1030 3391 ,
1055 3349 1114 3383 nisi
1140 3361 1270 3396 quato-

318 3409 387 3434 nus
417 3409 480 3445 per
503 3399 677 3435 rationem
702 3399 942 3443 ordinantur,
970 3399 1004 3434 &
1032 3400 1146 3435 libero
1184 3398 1270 3437 sub-

320 3447 458 3483 duntur
475 3449 624 3484 arbitrio
638 3475 648 3491 ‚
681 3450 728 3485 ita
743 3451 779 3484 in
791 3462 900 3499 opera
915 3449 1075 3486 sensitiva
1089 3462 1271 3488 exeuntes

321 3510 404 3545 qua:
415 3498 517 3532 nobis
532 3509 571 3532 ac
584 3499 704 3535 brutis
732 3499 811 3535 sunt
842 3499 1047 3537 communia
1064 3523 1078 3543 ‚
1101 3500 1273 3537 videmur

323 3561 344 3583 a
372 3546 464 3604 statu
491 3547 678 3592 dignitatis
704 3549 870 3586 humana:
893 3550 1059 3586 excidere
1084 3576 1094 3591 ,
1130 3549 1273 3587 ambus

322 3600 459 3645 quibus
476 3597 582 3633 bruta
600 3599 754 3636 maxime
768 3600 996 3637 obleetamnr
1015 3627 1026 3642 ,
1042 3602 1094 3635 uti
1112 3597 1191 3637 sunt
1208 3613 1275 3649 gu·

323 3650 357 3684 la
375 3649 409 3684 8(
428 3647 545 3685 coitus
562 3675 573 3690 ,
599 3648 830 3687 subiicientes
847 3653 1022 3687 rationem
1043 3677 1051 3690 ‚
1079 3650 1112 3685 8(
1136 3653 1192 3687 uti
1222 3664 1276 3688 re·

328 3697 495 3734 cusantes
506 3697 798 3746 potestateliberi
826 3702 991 3741 arbitrii;
1016 3701 1171 3745 ideoque
1193 3713 1279 3738 cen-

328 3748 451 3784 sentur
463 3749 538 3784 lioec
552 3748 701 3798 majoris
713 3750 868 3789 infamiae
883 3778 896 3794 ,
909 3752 943 3788 8(
961 3750 984 3788 si
996 3762 1121 3789 revera
1132 3751 1198 3787 sint
1213 3753 1277 3788 mi-

324 3801 423 3836 noris
443 3800 577 3846 culpae.

432 3851 528 3887 Tam.
545 3851 615 3887 III⁴

2074 134 2180 194 ΓΖ49

1402 200 1460 237 Ad
1478 211 1686 247 argumenta
1698 226 1707 235 .
1725 199 1786 235 Ad
1800 198 1956 247 primum
1968 227 1979 243 ,
2005 200 2041 238 8(
2067 201 2249 238 tertium-3

1300 251 1351 289 est
1364 262 1436 287 una
1448 249 1592 286 solutio.
1605 250 1735 298 ltaque
1747 250 2016 287 concedendum
2029 249 2078 287 est
2090 252 2249 287 animam

1302 302 1498 349 separatam
1512 327 1523 343 ‚
1555 311 1665 348 atque
1681 301 1788 336 etiam
1802 298 2035 344 conjunfftam
2051 327 2064 343 ‚
2092 302 2127 336 in
2147 299 2251 346 obje.

1300 353 1356 389 δὶα
1368 352 1431 388 sibi
1448 351 1698 388 convenientia
1709 348 1815 397 juxta
1839 348 2062 386 affefilionem
2087 362 2250 387 commo-

1299 403 1367 444 di.
1386 401 1586 444 inclinari,
1615 402 1747 439 adeout
1771 411 1885 448 queat
1911 400 2037 436 eadem
2066 412 2249 447 appetere,

1300 454 1337 490 8(
1355 464 1426 488 non
1441 450 1539 489 refile
1554 478 1568 495 ,
1592 464 1687 500 nego
1701 462 1820 488 tamen
1835 451 1965 487 minori
1982 451 2116 498 pollere
2132 453 2249 488 virtu-

1298 514 1335 540 te
1347 502 1392 538 ad
1419 501 1649 540 resistendum
1677 503 1742 539 tali
1767 502 1990 539 inclinationi
2013 526 2023 536 .
2049 497 2251 538 Affefitioni

1300 554 1396 590 enim
1411 553 1591 589 commodi
1606 552 1803 600 conjuneta
1815 551 1914 589 estin
1927 551 2052 588 eadem
2077 563 2113 587 re
2127 578 2139 593 ‚
2164 563 2249 599 qux

1300 603 1351 642 est
1365 604 1535 640 voluntas
1549 631 1561 646 ‚
1587 602 1737 650 justitia
1753 601 1896 640 affefflo
1910 629 1922 645 ,
1946 601 2034 638 idest
2058 602 2182 637 innata
2209 602 2251 636 li-

1299 657 1420 692 bertas
1434 681 1445 697 ‚
1463 653 1570 701 cujus
1586 654 1636 692 est
1650 654 1838 692 attendere
1850 652 1983 699 regulis
1998 652 2182 693 revelatis,
2196 662 2251 687 at-

1300 719 1373 754 que
1385 704 1491 752 juxta
1506 708 1583 742 illas
1596 707 1774 755 propriam
1791 704 2062 740 inclinationem
2088 702 2252 737 modera-

1302 759 1359 798 ri;
1389 758 1423 792 8(
1442 758 1614 804 quoniam
1627 756 1874 793 consideratur
1889 754 2064 790 voluntas
2087 751 2251 800 respeelu

1303 808 1367 846 sibi
1381 808 1630 843 convenientis
1641 805 1775 854 objeeti
1790 833 1800 848 ‚
1825 803 2111 853 independenter
2125 804 2170 838 ab
2186 816 2249 851 ap·

1302 859 1420 907 petitu
1444 856 1610 893 sensitivo
1623 884 1633 901 ‚
1665 869 1754 893 tunc
1774 855 1937 904 profesto
1972 866 2044 891 non
2085 851 2248 901 pulsatur

1304 908 1522 957 passionibus
1539 907 1619 952 eius
1634 935 1645 951 ‚
1666 907 1724 944 sed
1747 918 1889 943 tantum
1910 907 2088 954 propriis;
2120 902 2250 940 fortior

1304 958 1353 995 est
1369 970 1457 1003 ergo
1469 958 1510 993 ad
1529 958 1802 1007 repugnandum
1816 982 1829 1000 ‚
1857 958 1943 1005 quia
1958 968 2028 992 non
2056 965 2109 992 tot
2135 952 2251 990 hosti-

1305 1010 1375 1045 bus
1384 1010 1566 1056 appetitur
1584 1036 1594 1050 ‚
1625 1020 1690 1045 nec
1702 1007 1858 1044 trahitur
1871 1019 1932 1054 per
1944 1016 2083 1054 partem
2099 1004 2250 1041 inferio-

1304 1072 1379 1096 rern
1394 1084 1406 1101 ‚
1437 1058 1699 1107 sicntiquando
1710 1057 1913 1095 oblefilatur
1941 1057 2147 1092 inordinate
2179 1055 2252 1090 res-

1307 1109 1415 1159 peftu
1428 1120 1552 1147 eorum
1568 1137 1578 1151 ,
1603 1122 1685 1157 quae
1710 1108 1790 1146 sunt
1820 1107 2048 1145 deleaabilia
2070 1106 2253 1155 appetitui

1304 1160 1479 1210 organico
1495 1188 1504 1197 .

1408 1210 1468 1249 Ad
1485 1211 1680 1250 secundum
1695 1210 1886 1248 dicendum
1902 1221 1980 1246 eam
2009 1207 2256 1254 comparatio-

1307 1277 1414 1306 nem,
1441 1264 1766 1313 utipraemiiimus‚
1786 1261 1854 1299 esse
1879 1259 2151 1306 intelligendam
2185 1270 2256 1293 επ·-

1313 1317 1401 1353 teris
1417 1317 1561 1363 paribus
1575 1343 1584 1351 .
1596 1318 1691 1352 Nam
1709 1315 1799 1349 citra
1814 1313 1923 1349 ullam
1949 1310 2256 1354 ambiguitatem..

1307 1368 1452 1404 evenire
1462 1367 1574 1414 potest
1592 1392 1603 1408 ,
1629 1376 1670 1401 ut
1684 1363 1833 1411 aliquod
1857 1362 1998 1400 carnale
2021 1371 2258 1408 peccatum...

1310 1430 1460 1467 propter
1473 1416 1644 1464 adjunfiia
1661 1443 1672 1458 ,
1685 1416 1741 1451 vel
1758 1413 1943 1461 sequentia
1954 1439 1965 1455 ‚
1984 1412 2042 1447 vel
2055 1410 2136 1446 aliis
2148 1410 2256 1445 etiam

1313 1469 1358 1506 de
1381 1467 1680 1507 circumstantiis,
1701 1465 1852 1512 gravius
1880 1464 1921 1500 sit
1947 1462 2072 1508 aliquo
2109 1470 2261 1508 peccato

1313 1519 1492 1570 spirituali
1506 1545 1518 1562 ‚
1549 1519 1592 1555 de
1605 1530 1678 1566 qua
1693 1529 1728 1552 re
1746 1516 1859 1561 magis
1875 1514 1968 1551 infra
1983 1520 2056 1549 art.
2072 1521 2108 1558 7.
2121 1510 2165 1552 (θ’
2183 1511 2220 1548 8.

1474 1613 1980 1659 ARTlCULUS
2032 1613 2102 1649 Vl.

1315 1722 1452 1758 Utrum
1466 1720 1630 1767 gravitas
1650 1729 1880 1766 peccatorum
1906 1714 2112 1752 attendatur
2139 1711 2265 1749 secun-

1575 1770 1660 1807 dum
1675 1770 1817 1806 causam
1841 1766 1979 1817 peccati
1996 1791 2006 1801 .

1319 1873 1451 1914 ὒοῢον
1462 1870 1543 1909 Iocis
1553 1872 1593 1908 ὶη
1606 1870 1767 1916 margine
1795 1846 1938 1956 citat6is}
1957 1866 2003 1903 S.
2028 1863 2153 1916 Tleom.
2175 1871 2208 1898 i.
2230 1870 2267 1898 α.

1450 1952 1453 1955 ,
1564 1935 1575 1951 2
1667 1931 1705 1970 q.
1719 1927 1862 1969 73.art-
1904 1943 1914 1956 0

1429 2025 1480 2063 Es
1476 2024 1617 2074 pendeo
1633 2047 1646 2066 ,
1656 2017 2059 2073 quaestionepraecedentn·
2070 2024 2148 2057 art.
2163 2023 2196 2060 3.
2209 2012 2271 2049 de-

1444 2078 1663 2114 claravimus
1679 2077 1714 2112 in
1730 2072 2000 2121 comparatione
2011 2069 2055 2104 ad
2066 2067 2209 2106 causam
2222 2064 2273 2101 ef.

1320 2133 1499 2170 sicientem
1514 2126 1627 2173 accipi
1653 2138 1725 2162 non
1749 2124 1844 2173 posse
1867 2119 2070 2171 specificam
2100 2125 2274 2167 peccato·

1321 2195 1403 2220 rum
1426 2180 1688 2216 distinetionem
1710 2201 1720 2212 .
1754 2177 1866 2213 Porro
1891 2170 2032 2209 causam
2055 2168 2271 2207 efficientem

1322 2233 1460 2284 peccati
1474 2232 1579 2268 aliam
1598 2241 1668 2266 non
1686 2225 1755 2264 esse
1774 2254 1783 2269 ,
1796 2238 1904 2274 quarn
1923 2223 2149 2258 voluntatem
2177 2228 2275 2254 crea·

1322 2297 1395 2322 tam
1411 2295 1430 2318 a
1443 2283 1542 2319 refto
1554 2279 1679 2316 ordine
1694 2278 1945 2314 defleaentem
1969 2272 2075 2308 docet
2095 2267 2272 2316 Augusti-

1324 2346 1395 2373 nus
1418 2334 1476 2369 i'z.
1490 2333 1534 2369 de
1545 2329 1666 2367 Cia-it.
1689 2339 1762 2377 cap.
1781 2328 1818 2364 6.
1846 2328 1891 2369 (ἔγ
1911 2327 1944 2363 8.
1969 2323 2142 2370 quamvis
2158 2320 2272 2367 igitur

1325 2384 1400 2435 ipsa
1411 2394 1529 2420 creata
1541 2383 1711 2417 voluntas
1725 2378 1895 2415 deficiens
1909 2403 1921 2419 ‚
1953 2375 2080 2410 influat
2104 2374 2137 2408 in
2151 2370 2272 2407 omnia

1327 2444 1474 2486 peccata
1486 2434 1622 2483 quibus
1644 2430 1849 2466 involuitur
1868 2455 1878 2467 ,
1903 2438 1943 2463 ac
1957 2423 2106 2461 subinde
2129 2422 2179 2458 eis
2205 2422 2273 2459 tti-

1328 2490 1440 2526 buere
1451 2494 1605 2532 nequeat
1621 2479 1820 2530 specificam
1848 2475 2085 2514 differentiam
2103 2499 2114 2515 ‚
2143 2471 2275 2508 nihilo-

1328 2539 1448 2576 minus
1461 2536 1504 2572 de
1517 2533 1588 2582 ipsa
1606 2531 1774 2581 procedit
1790 2558 1802 2573 ,
1831 2530 1864 2565 8(
1879 2530 1917 2565 in
1936 2525 2207 2574 comparatione
2231 2521 2277 2558 ad

1329 2588 1440 2636 ipsam
1463 2614 1471 2627 ,
1501 2596 1540 2621 ut
1554 2585 1728 2630 probatur
1744 2580 1849 2617 causa
1862 2577 1998 2627 peccati
2013 2603 2022 2617 ,
2036 2573 2085 2611 est
2099 2575 2278 2621 accipien-

1329 2640 1374 2676 da
1392 2637 1508 2683 major
1519 2662 1530 2678 ‚
1547 2637 1580 2671 8(
1602 2635 1715 2671 minor
1729 2631 1890 2679 gravitas
1901 2627 2096 2666 eorundem
2110 2634 2278 2672 peccato-

1322 2701 1413 2726 -rum
1431 2713 1440 2723 .
1453 2686 1544 2723 illud
1554 2686 1647 2721 enim
1663 2683 1813 2720 omnino
1828 2690 1993 2729 pecatum
2007 2674 2056 2712 est
2071 2676 2219 2721 gravius
2243 2675 2279 2710 in

1331 2739 1455 2778 eodem
1471 2736 1662 2783 genere‚in
1683 2745 1759 2782 quo
1775 2727 2062 2777 repraesentando
2103 2726 2276 2762 voluntas

1330 2790 1479 2828 libidine
1497 2785 1625 2832 majori
1639 2782 2026 2833 peccarmmjmemquc
2039 2777 2212 2824 impendit
2224 2788 2281 2812 co.

1333 2851 1459 2877 natum
1489 2835 1728 2873 satisfaciendi
1755 2834 1817 2869 sibi
1841 2834 1946 2880 juxta
1960 2840 2108 2878 pravam
2120 2825 2283 2863 affeffio-

1332 2904 1412 2928 nem
1426 2887 1609 2926 commodi
1621 2886 1679 2923 seu
1692 2885 1912 2929 intelligatur
1927 2881 1971 2919 de
1987 2880 2069 2916 aftu
2081 2879 2203 2915 elicito
2220 2878 2281 2914 seu

1332 2940 1626 2990 imperato.Nam
1638 2947 1715 2982 quo
1726 2938 1841 2980 inagis
1856 2942 2023 2974 conatur,
2035 2942 2077 2966 eo
2092 2928 2282 2976 perfeftio-

1333 3004 1404 3029 rem
1416 2990 1535 3027 aetum
1548 2987 1683 3028 causat,
1695 2987 1730 3022 8(
1744 2985 1806 3021 sibi
1819 2992 2076 3028 congruentem
2089 2979 2172 3016 dare
2183 2991 2282 3015 tene·

1332 3054 1395 3080 tur
1409 3039 1770 3081 refflrudinem,eigo
1785 3036 1870 3081 quia
1886 3034 1960 3070 haec
1975 3031 2086 3073 abest,
2101 3041 2207 3065 tanto
2218 3031 2246 3064 d¹
2262 3048 2278 3057 -

1331 3092 1444 3130 terior
1452 3093 1593 3139 turpior
1604 3089 1640 3126 8(
1657 3087 1838 3136 vituperio
1851 3085 1992 3131 dignior
2005 3081 2055 3119 est
2077 3081 2127 3117 illi
2138 3081 2279 3129 oppos·

1331 3155 1368 3180 ta
1381 3141 1582 3189 obliquitas
1593 3166 1604 3176 .

1436 3193 1539 3241 Quia
1556 3201 1642 3227 vei-o
1654 3190 1690 3225 in
1705 3186 1975 3235 comparatione
1992 3183 2037 3219 ad
2065 3183 2153 3218 fines
2166 3180 2280 3230 specie

1336 3243 1496 3281 diversos
1510 3240 1720 3284 ,accipiunt
1731 3247 1878 3285 peccata
1895 3236 1981 3272 alias
1994 3246 2103 3281 atque
2124 3234 2212 3269 alias
2226 3244 2276 3267 ra.

1335 3297 1455 3332 tiones
1483 3291 1594 3339 specie
1612 3288 1817 3325 differentes
1834 3314 1845 3330 ‚
1871 3297 1913 3324 ut
1941 3285 2185 3331 explicuimus
2217 3285 2277 3319 cir.

1336 3353 1456 3386 araz.
1473 3355 1507 3390 q.
1534 3339 1771 3387 7².dubitari
1796 3349 1868 3373 non
1894 3335 2033 3386 potest,
2058 3335 2150 3382 quin
2177 3331 2282 3369 causa

1339 3396 1417 3432 haec
1437 3394 1556 3430 finalis
1578 3401 1676 3438 ,quo
1691 3389 1835 3435 turpior
1869 3399 1910 3424 ac
1936 3386 2094 3424 deterior
2117 3383 2167 3421 est
2185 3411 2195 3426 ‚
2215 3384 2283 3419 tri·

1340 3448 1428 3482 buat
1441 3445 1492 3481 eis
1507 3440 1898 3489 majorem&minorem
1915 3437 2283 3485 gravitatemffixem-

1342 3498 1442 3545 plum
1458 3521 1468 3536 ‚
1485 3494 1575 3530 dans
1591 3492 1779 3540 pecuniam
1795 3491 1896 3526 alteri
1912 3491 1961 3525 ob
1973 3500 2100 3525 vanam
2113 3486 2281 3532 gloriam,

1343 3547 1379 3583 &
1394 3557 1544 3592 erogans
1557 3570 1567 3586 ‚
1587 3554 1628 3579 ut
1653 3543 1800 3579 inducat
1814 3541 1857 3576 ad
1886 3539 2050 3588 stuprum
2065 3565 2076 3580 ,
2098 3538 2204 3573 velut
2230 3537 2285 3574 su.

1342 3599 1469 3634 bornet
1484 3595 1526 3632 ad
1538 3593 1774 3630 homicidium
1791 3591 2005 3640 patrandum
2021 3615 2032 3631 ,
2049 3589 2132 3634 quis
2149 3599 2220 3623 non
2233 3588 2286 3621 vi-

1346 3647 1404 3683 det
1418 3647 1564 3691 gravius
1576 3655 1726 3694 peccare
1750 3642 1937 3679 intendens
1964 3638 2201 3676 homicidium
2229 3639 2288 3675 vei

1347 3697 1565 3732 adulterium
1582 3722 1594 3738 ‚
1621 3707 1730 3742 quam
1746 3695 1809 3741 qui
1826 3694 1889 3729 sibi
1913 3692 2066 3728 inaniter
2090 3689 2292 3738 complacet

1348 3747 1474 3786 audire
1490 3746 1522 3782 se
1535 3743 1827 3781 csseliberalem?

1449 3798 1540 3836 Alioe
1552 3794 1684 3835 causae,
1698 3794 1757 3833 seu
1773 3795 1895 3831 verius
1905 3791 2110 3829 occasiones
2123 3800 2292 3838 peccato·

1650 3845 1662 3881 Ι
1693 3845 1704 3879 i
2135 3852 2213 3875 rum
2231 3864 2243 3881 ‚

2278 288 2313 324 '2.
2326 293 2377 324 dist
2397 305 2446 337 ²3·

2311 2107 2342 2128 ι.
2352 2098 2413 2130 dist.
2433 2106 2508 2136 374

2313 2148 2379 2170 im.
2392 2141 2509 2174 Duff:

2318 2732 2351 2840 4³⁸⁴*

2359 2725 2375 2752 Ω.

2382 2722 2515 2760 '‘st-⁴⁴³1-

2363 2764 2393 2831 993

2405 2762 2516 2799 disi-50:
