2603 4046
134 1401 182 1421 τι.
206 1394 331 1432 Metaph.

133 1441 177 1459 ex.
195 1442 243 1467 4¹·
260 1433 328 1461 vile

133 1482 149 1507 q
173 1471 278 1498 ciltimae
302 1473 329 1498 8·

132 1508 199 1535 dist.
217 1519 240 1536 t.
254 1514 288 1537 εἴ
302 1519 331 1547 q.

132 1554 147 1574 7
154 1565 160 1572 .
174 1557 188 1584 ς
195 1549 274 1575 ·‹:.:4‘.·'‚

122 2233 205 2260 Ratio
249 2233 323 2267 obie,

122 2270 193 2297 [tim
206 2271 324 2299 clm-11³.

121 2318 153 2335 ti<
185 2310 219 2335 eti
248 2312 321 2338 Deus

125 2357 151 2372 nt
184 2352 205 2374 le
224 2350 266 2373 »225
281 2358 320 2375 ra.

121 2394 199 2413 tione
214 2385 320 2414 absolu.

119 2431 148 2449 :a
162 2442 170 2449 .

122 3156 208 3185 Ratio
245 3156 319 3192 obje-

118 3195 188 3222 ctiva
200 3194 322 3223 alliciens

120 3235 154 3259 ad
205 3234 321 3261 astum.»

124 3271 142 3299 Ἰ
155 3271 300 3305 licologict'r

124 3303 248 3341 amorre}
282 3307 318 3335 cst

120 3349 181 3383 qunti
196 3348 318 3385 roffeio-

123 3395 204 3412 xuill-

368 209 427 237 tur
439 223 449 239 ,
464 196 518 231 vel
531 192 724 231 secundum
739 195 981 232 diversitatem
993 197 1073 235 finis
1086 226 1099 241 ‚
1115 212 1190 247 qno
1208 205 1312 250 paeto

370 258 442 285 tres
454 245 532 280 sunt
548 245 680 291 species
696 246 860 281 amicitiae
875 273 885 287 ‚
913 245 1044 284 scilicet
1058 252 1213 286 amicitia
1240 256 1312 289 uti-

371 302 413 335 lis
429 324 440 340 ‚
468 295 688 331 deleaabilis
703 318 716 338 ,
742 292 777 332 ἃ
789 295 923 332 bonesti
936 323 945 333 .
963 300 1033 334 Vel
1052 299 1243 338 secundum
1257 305 1312 337 di-

369 351 570 387 versitatem
586 347 952 383 communicationum
967 376 977 391 ‚
996 350 1030 383 in
1043 349 1178 394 quibus
1191 354 1311 389 amici.

367 403 427 437 tiae
442 399 637 436 fundantur
649 421 658 430 ·
671 396 815 435 Neutro
825 409 943 433 autem
957 398 1103 433 istorum
1120 402 1309 439 modorum

369 451 523 487 charitas
533 449 649 485 dividi
665 449 776 497 potest
789 448 822 481 in
838 449 937 494 plura
963 472 973 482 .
1002 445 1099 483 Nam
1126 448 1310 489 charitatis

369 501 448 537 finis
464 510 558 535 unus
567 499 617 535 est
634 524 645 540 ,
671 511 797 545 nempe
811 499 945 534 Divina
959 499 1098 534 bonitas
1111 525 1120 533 .
1133 501 1190 537 Est
1203 504 1307 538 etiam

370 552 403 586 8<
423 564 492 586 una
505 551 781 586 communicatio
792 548 1027 587 beatitudinis
1042 559 1192 593 aeternae,
1206 550 1309 597 super

368 613 477 647 quam
494 599 569 634 haec
584 601 738 636 amicitia
753 601 922 637 fundatur
934 625 946 633 .
969 598 1076 634 Unde
1095 599 1309 647 relinquitur

370 651 576 686 charitatem
593 648 658 685 esse
677 651 879 698 simplicitet
895 651 1062 685 virtutem
1076 660 1196 694 unam,
1212 651 1311 688 haud

371 701 568 739 distinet-am
583 703 616 735 in
633 701 748 747 plures
763 702 896 750 species
908 727 918 736 .
1072 729 1075 730 γ

473 755 551 789 Nos
563 751 712 788 dicimus
723 752 980 790 conclusionem
994 751 1086 787 hanc
1101 753 1168 790 esse
1181 764 1310 800 appro-

372 803 524 838 bandam
539 827 549 842 ,
563 800 618 836 sed
637 814 704 837 non
723 803 833 838 videri
850 799 943 837 reete
968 799 1096 836 deduci
1109 812 1154 838 ex
1181 803 1310 840 assum·

374 856 444 900 ptis
459 852 651 900 principiis.
667 853 805 888 Etenim
819 849 977 895 ejusdem
991 852 1091 887 aetus
1103 852 1170 889 else
1183 854 1307 900 nequit

373 902 509 950 duplex
524 900 677 937 formalis
691 904 780 937 ratio
792 901 990 947 objeaiva.
1007 902 1095 937 lllud
1109 915 1196 949 ergo
1207 902 1308 951 quod

373 955 421 991 e'l't
437 954 525 989 ratio
537 951 694 989 formalis
705 951 841 998 objeeti
853 978 864 993 ,
882 951 1028 998 quando
1041 952 1139 988 alteri
1152 953 1308 1000 conjun-

371 1007 469 1053 gitur
482 1029 492 1044 ‚
521 1003 542 1038 fi
562 1015 621 1049 per
635 1003 665 1037 se
679 1003 758 1039 effer
772 1028 784 1042 ,
798 1003 926 1046 utique
940 1002 1028 1037 foret
1039 1002 1222 1049 objeblum
1234 1004 1307 1039 for-

373 1054 481 1091 male.
498 1054 592 1088 Hinc
605 1053 626 1088 fi
644 1055 741 1089 calor
753 1050 969 1097 conjunetus
979 1051 1031 1088 est
1044 1052 1200 1090 formalis
1214 1053 1307 1090 ratio

368 1103 596 1140 calefaciendi
618 1131 627 1146 ,
639 1104 661 1139 fi
676 1117 736 1151 per
747 1103 781 1139 se
795 1102 877 1138 effet
891 1128 901 1145 ‚
924 1103 1041 1138 adl-luc
1057 1116 1120 1151 per
1132 1104 1163 1139 fe
1177 1105 1306 1140 calefa-

367 1166 463 1191 ceret
483 1168 494 1195 3
512 1164 598 1200 ergo
609 1155 758 1189 alterum
772 1155 910 1190 illorum
923 1179 933 1196 ‚
947 1153 1045 1199 quod
1059 1157 1206 1200 ponitur
1219 1153 1313 1189 cha->

369 1206 482 1241 ritatis
499 1206 588 1238 ratio
601 1203 785 1250 objefliva
803 1230 813 1245 ‚
838 1203 860 1239 sl
880 1204 987 1251 perse
1012 1204 1094 1240 effet
1108 1232 1119 1248 ‚
1146 1207 1305 1251 utique-2

366 1257 573 1292 terminaret
590 1254 771 1290 charitatis
783 1254 928 1295 αξὶυπις
956 1253 991 1288 8(
1010 1268 1071 1301 per
1083 1253 1305 1302 consequens

366 1308 517 1342 alterum
532 1318 592 1355 per
609 1304 640 1340 se
653 1316 720 1340 non
733 1306 959 1349 terminaret,
982 1317 1046 1340 nec
1060 1306 1167 1342 modo
1182 1306 1303 1341 termi-

366 1370 445 1393 nat.

465 1407 601 1445 Rursus
614 1434 622 1448 ‚
646 1408 667 1442 ii
681 1409 799 1453 aliqua
812 1416 973 1440 creatura
989 1407 1238 1442 intellectualis
1251 1404 1302 1439 es-

366 1457 411 1495 set
425 1472 440 1493 a
457 1459 510 1499 se,
536 1458 619 1492 idest
640 1470 709 1492 non
723 1459 766 1492 ab
779 1458 846 1490 alio
860 1455 1024 1490 effective
1039 1455 1057 1501 (
1072 1458 1123 1491 uti
1141 1453 1302 1492 Philoso-

366 1509 437 1557 pho
450 1507 760 1556 imponitur,quafi
778 1508 810 1542 id
829 1505 983 1550 posuerit
997 1507 1038 1541 de
1054 1508 1301 1553 intelligentiis

365 1563 470 1597 allisa
492 1561 605 1596 Prima
624 1560 727 1605 )talis
740 1567 899 1592 creatura
937 1555 1045 1603 poii‘et
1075 1557 1219 1601 diligere
1238 1555 1302 1591 ali·

364 1613 449 1659 quid
468 1611 571 1655 super
585 1611 701 1646 omnia
722 1636 730 1648 ‚
760 1608 792 1641 8:
809 1618 878 1641 non
894 1606 991 1641 aliud
1029 1606 1219 1642 secundum
1247 1618 1304 1641 re-

365 1677 455 1700 ctam
475 1659 660 1696 ra'tionem,
674 1659 732 1693 nisi
748 1658 916 1703 primum3
929 1657 962 1690 8<
983 1656 1215 1693 nibilominus.
1230 1668 1300 1690 non

362 1717 451 1750 fer-ot
467 1711 691 1759 participatio
706 1710 821 1748 illius,
848 1706 946 1758 quod
963 1712 1065 1754 luper
1080 1709 1197 1744 omnia
1221 1707 1300 1742 dili·

360 1777 455 1812 geret
473 1791 480 1799 .

463 1818 530 1853 Pro
545 1812 719 1849 solutione
736 1811 873 1858 quaefiti
886 1810 1034 1849 dicimus
1049 1815 1220 1851 rationem
1235 1812 1301 1846 ob-

361 1864 530 1908 jectivam
549 1875 649 1900 actus
665 1865 696 1899 3<
727 1861 871 1897 babitus
900 1861 1085 1899 charitatis
1102 1891 1113 1905 ‚
1139 1862 1300 1910 poffein-

360 1918 472 1963 telligi
487 1917 672 1961 tripliciter
686 1940 694 1948 .
711 1913 792 1947 Vno
805 1911 933 1953 modo,
959 1923 997 1948 ut
1014 1927 1052 1950 ea
1067 1915 1105 1951 fir
1118 1938 1130 1955 ‚
1157 1925 1236 1960 qux
1251 1911 1302 1949 Γρ,

358 1969 514 2007 cundum
527 1968 559 2003 se
575 1976 716 2012 accepta
731 1974 811 1997 nata
822 1960 870 1997 est
887 1974 946 2008 per
960 1963 992 1999 se
1006 1965 1070 2000 effe
1084 1966 1172 2001 ratio
1184 1966 1306 2000 termi.

359 2019 490 2058 nandi.
517 2018 587 2055 Vel
603 2013 757 2051 secundo
772 2039 781 2055 ‚
808 2022 846 2047 ut
863 2013 1082 2061 intelligatur
1106 2017 1198 2049 ratio
1211 2027 1297 2058 prae-

359 2071 487 2107 cedens
502 2078 621 2104 actum
637 2093 647 2108 ‚
661 2067 708 2100 ob
724 2075 831 2109 quam
846 2074 949 2098 natus
963 2065 1009 2100 est
1023 2076 1125 2100 actus
1137 2064 1217 2100 elici
1231 2066 1300 2100 cir-

359 2133 400 2157 ca
411 2116 596 2164 objectum
616 2141 625 2150 .
655 2114 720 2149 Vel
743 2113 895 2158 denique
910 2125 970 2156 ea,
992 2121 1074 2161 qux
1102 2114 1198 2160 quast
1212 2125 1297 2149 con.

360 2171 551 2209 comitatur
565 2194 573 2208 ‚
602 2167 674 2203 imo
686 2163 797 2210 ipsum
812 2161 981 2207 sequatur
994 2175 1112 2199 actum
1125 2165 1295 2200 elicitum.

360 2222 461 2258 Prior
479 2219 687 2255 intellectus
699 2213 746 2249 est
763 2211 910 2248 rationis
924 2213 1118 2259 objectiva:
1131 2214 1298 2261 propriis-

359 2273 440 2308 {ime
454 2297 463 2311 ,
489 2270 534 2305 fic
548 2278 586 2303 ut
602 2267 697 2302 nulla
711 2264 777 2298 alia
796 2261 833 2296 sit
845 2265 938 2299 ratio
963 2263 1144 2308 objectiva
1177 2264 1298 2301 stricte

360 2319 542 2370 loquendo
555 2345 568 2361 ,
590 2327 704 2362 eaque
717 2312 765 2349 est
778 2312 867 2347 ratio
886 2314 1040 2348 Deitatis
1056 2315 1090 2347 in
1105 2313 1159 2349 se:
1174 2326 1239 2361 pra·
1248 2315 1305 2365 εἰμ’,

360 2373 391 2408 sa
411 2372 502 2409 enim
517 2368 604 2404 ratio
616 2364 725 2410 hujus
740 2361 889 2399 effentiae
908 2391 917 2405 ,
942 2362 990 2404 est
1018 2364 1109 2398 ratio
1136 2364 1297 2404 formalis

357 2418 572 2463 terminandi
588 2416 630 2451 ad
648 2425 786 2452 ornnem
802 2424 919 2450 actum
936 2442 946 2457 ,
959 2426 1176 2459 omnemque
1196 2417 1298 2453 babi-

359 2484 435 2509 tum
454 2467 747 2513 Theologicum
773 2463 928 2508 idquein
942 2476 1162 2513 quacunque
1191 2479 1296 2504 natu-

357 2535 392 2560 ra
422 2518 655 2555 intellectuali
679 2530 690 2557 ς
717 2515 770 2550 uti
797 2514 992 2561 expolitum
1021 2515 1090 2550 fnit
1113 2528 1141 2550 r.
1164 2526 1294 2564 p.q.r·

356 2581 426 2609 art.
441 2582 475 2616 7.
494 2569 604 2604 Ratio
618 2578 737 2602 autem
753 2563 801 2599 est
821 2589 829 2603 ,
842 2566 926 2611 quia
938 2566 1094 2610 potentia
1110 2566 1298 2612 respiciens

357 2618 501 2666 aliquod
517 2618 700 2664 objectum
715 2626 904 2651 commune
920 2643 928 2656 ,
942 2615 1011 2651 sive
1023 2618 1057 2651 in
1072 2618 1208 2654 ratione
1220 2631 1297 2655 mo-

356 2672 442 2711 tivi,
469 2668 540 2703 live
557 2668 619 2703 sub
635 2676 812 2711 conceptu
834 2666 975 2702 termini
994 2693 1005 2708 ‚
1031 2669 1158 2714 nequit
1182 2670 1296 2714 perse..

357 2732 412 2756 cte
427 2720 579 2771 quietari
591 2717 650 2753 nisi
665 2719 699 2752 in
714 2728 756 2752 eo
771 2715 847 2750 solo
862 2742 874 2758 ‚
900 2717 934 2751 in
947 2728 1022 2761 quo
1039 2717 1087 2753 est
1116 2720 1296 2765 perfectis.

358 2773 438 2808 lima
453 2770 541 2804 ratio
553 2766 688 2814 objecti
707 2767 902 2811 adaequati:
927 2765 1060 2804 Omnis
1083 2780 1200 2805 autem
1228 2783 1299 2817 ρο-

354 2822 463 2858 tentia
482 2818 699 2854 intellectiva
717 2844 726 2857 ,
742 2818 776 2852 St
797 2817 946 2852 volitiva
959 2817 1098 2866 respicit
1113 2833 1179 2868 pro
1189 2820 1295 2868 obje-

355 2869 840 2916 croadaequatoterminante
865 2877 984 2903 totum
1015 2880 1076 2904 ens
1097 2882 1108 2909 3
1135 2872 1291 2916 igitur-in

355 2922 450 2958 nulla
467 2931 592 2954 natura
607 2945 617 2959 ,
644 2918 713 2952 {ive
727 2927 843 2951 creata
858 2942 869 2959 ,
895 2917 963 2952 live
977 2919 1129 2955 increata
1146 2950 1158 2965 ,
1178 2922 1292 2969 potest

357 2972 515 3020 perfecte
533 2970 683 3016 quietari
700 2967 758 3002 nisi
771 2968 805 3001 in
818 2967 877 3002 illa
893 2993 904 3008 ,
931 2969 963 3002 in
978 2980 1048 3013 qua
1071 2969 1118 3004 cst
1136 2973 1291 3019 perfecta

356 3023 446 3056 ratio
458 3020 618 3056 entitatis
638 3044 645 3056 ,
670 3019 740 3052 tale
763 3027 880 3051 autem
909 3017 956 3052 est
981 3019 1120 3064 praecise
1146 3035 1207 3058 ens
1229 3024 1295 3070 pri.

355 3084 474 3112 mum,
500 3081 568 3105 non
581 3069 647 3104 sub
660 3069 794 3102 ratione
810 3067 927 3112 aliqua
941 3070 1085 3102 relativa
1102 3098 1112 3112 ,
1133 3070 1188 3107 scd
1205 3086 1290 3123 qua.

355 3131 458 3159 tenus
475 3120 520 3155 est
538 3120 607 3154 tale
621 3129 681 3153 ens
699 3117 876 3155 infinitum
895 3140 906 3157 ‚
927 3117 1075 3165 talisque
1090 3133 1212 3156 natura
1229 3150 1238 3158 ,

457 3169 514 3208 Ad
529 3169 715 3205 secundam
734 3169 903 3204 rationem
932 3169 1027 3211 quod
1043 3171 1181 3212 attinet,
1200 3185 1290 3218 quo-

355 3222 445 3256 niam
465 3230 582 3254 actum
613 3218 810 3264 praecedere
835 3218 1040 3263 intelligitur
1066 3222 1220 3257 alliciens
1246 3223 1288 3258 ad

355 3270 543 3309 amandum
557 3295 567 3309 ,
595 3269 665 3302 dici
684 3267 793 3313 potest
808 3269 932 3312 aliquo
948 3268 1058 3304 frodo
1080 3272 1170 3305 ratio
1187 3272 1291 3317 obje-

355 3323 451 3356 ctiva
468 3329 569 3354 actus
586 3347 598 3356 .
627 3320 667 3353 Et
683 3317 854 3362 ejusmodi
871 3329 991 3353 revera
1006 3319 1053 3354 est
1077 3322 1164 3354 ratio
1177 3324 1292 3359 relati,

355 3385 396 3407 va
411 3369 521 3416 hujus
536 3380 671 3404 naturae
684 3368 725 3401 ad
748 3378 922 3402 amantem
942 3391 954 3409 ‚
976 3370 1008 3403 ln
1039 3381 1212 3414 quantum
1244 3373 1290 3408 est

353 3421 572 3457 conveniens
588 3420 720 3454 bonum
735 3417 1078 3453 communicativum
1103 3419 1153 3454 sui
1171 3422 1200 3460 se
1217 3423 1292 3458 diii.

351 3469 453 3518 genti
472 3497 480 3505 .
506 3469 741 3517 Exemplum3
770 3468 859 3502 inter
882 3467 1046 3503 homines
1070 3471 1181 3515 primo
1198 3485 1291 3508 arpa-

350 3533 409 3557 tur
426 3523 554 3569 aliquis
571 3528 710 3566 propter
728 3520 860 3552 bonum
888 3517 1075 3553 honestum
1098 3533 1107 3559 3
1138 3521 1291 3560 secundo

350 3573 433 3619 quia
454 3571 559 3606 scitur
572 3570 749 3605 redamare
763 3566 794 3603 se
807 3579 980 3603 amantem
1002 3582 1011 3607 ;
1047 3582 1085 3603 ca
1099 3571 1290 3607 redamatio

351 3622 400 3659 est
417 3617 574 3669 specialis
588 3620 680 3656 ratio
704 3618 934 3654 amabilitatis
960 3621 993 3652 in
1015 3619 1074 3652 illo
1094 3643 1106 3661 ‚
1130 3622 1289 3658 alliciens

351 3671 393 3708 ad
410 3671 613 3711 amandum,
629 3671 661 3705 &
677 3669 821 3714 quidem
836 3670 901 3703 alia
920 3670 963 3703 ab
979 3669 1035 3703 illa
1074 3681 1126 3703 uae
1144 3682 1216 3707 erat
1229 3674 1292 3710 ho.

351 3723 464 3757 nestas
477 3723 509 3756 in
525 3732 657 3754 amato*
679 3720 730 3752 lta
747 3720 780 3752 in
797 3721 875 3753 Deo
891 3730 959 3753 non
976 3681 1200 3755 solacisonitas
1217 3721 1293 3758 infr-

352 3774 421 3806 p'zta
439 3772 544 3805 allicit
563 3771 603 3803 ad
622 3769 808 3804 amandum
828 3795 837 3810 ,
866 3767 920 3804 scd
937 3769 1034 3815 q-uod
1054 3769 1130 3805 haec
1149 3771 1290 3809 bonitas

1049 135 1230 182 Summe
1265 134 1452 203 Joannis
1483 141 1611 187 Duns
1626 141 1744 189 Scoti

1396 211 1568 245 amaverit
1579 221 1633 243 me
1648 211 1946 248 communicando
1964 211 1997 248 se
2025 212 2111 248 mihi
2128 238 2136 252 ‚
2167 211 2336 252 secunda.

1397 259 1448 293 rio
1462 259 1528 293 hoc
1545 259 1654 294 allicit
1670 260 1715 296 ad
1728 273 1884 298 amorem
1901 262 2163 308 rependendum
2180 264 2246 304 illi3
2266 265 2336 300 At-

1393 320 1466 353 que
1477 311 1538 344 tali
1555 311 1588 344 in
1601 310 1715 354 gradu
1727 311 1958 348 amabilitatis
1984 311 2097 359 potest
2114 315 2198 359 poni
2227 325 2333 351 omne

1394 359 1483 394 illud
1496 386 1505 401 ‚
1527 362 1561 395 in
1576 371 1651 405 quo
1667 361 1759 395 ratio
1787 363 2014 398 amabilitatis
2039 363 2222 399 invenitur
2239 391 2248 406 ‚
2278 367 2332 401 uti

1393 408 1474 444 sunt
1486 411 1620 446 creatio
1636 410 1814 456 reparatio
1828 423 1840 450 ς
1854 412 1943 446 ordo
1957 413 2152 450 mediorum
2170 413 2212 448 ad
2230 426 2334 452 aeter·

1393 470 1474 494 nam
1498 460 1727 503 felicitatem,
1755 460 1788 494 &
1812 462 1880 496 alia
1902 460 2074 506 ejusmodi
2105 476 2116 503 3
2149 464 2211 500 has
2234 465 2330 501 enirn

1393 520 1517 547 omnes
1530 512 1685 547 rationes
1698 507 1840 555 respicit
1857 510 2008 549 charitas
2020 526 2088 548 non
2114 513 2223 550 solum
2241 516 2328 561 quia

1395 559 1443 594 est
1459 560 1491 595 in
1509 563 1557 596 eis
1571 561 1705 596 bonum
1719 559 1908 595 honestum
1926 584 1938 603 ‚
1966 563 2022 597 sed
2038 566 2142 599 etiam
2160 565 2244 611 quia
2269 567 2328 602 bn.

1395 622 1479 645 num
1494 610 1545 647 sui
1561 610 1903 646 communicativum
1922 638 1932 653 ,
1957 612 1990 647 8<
2009 625 2130 649 amans
2144 640 2153 655 ‚
2182 616 2215 650 ἃ
2248 615 2329 652 ideo

1390 661 1539 705 dignum
1557 660 1728 698 redamari
1745 686 1754 701 ,
1780 657 1882 704 juxta
1900 661 2144 708 illudjoannis
2165 677 2193 700 t.
2211 676 2329 712 cap.4.

1391 711 1594 760 Dil{gamu5
1619 711 1733 747 Deum
1743 736 1753 751 ,
1766 715 1926 757 quoniam
1936 711 2004 757 ipsi.³
2012 715 2110 759 prior
2120 714 2247 751 dilexit
2259 728 2330 753 nor.

1491 761 1614 800 Tertia
1640 762 1732 796 ratio
1759 772 1839 806 quae
1855 760 1982 797 estesse
2001 761 2185 807 objectum
2203 764 2327 803 finiens

1388 823 1507 849 actum
1524 823 1594 848 non
1610 811 1659 847 est
1674 812 1815 858 proprie
1829 811 1918 846 ratio
1929 810 2086 848 formalis
2113 812 2296 859 objectiva
2315 848 2326 863 ‚

1388 865 1472 910 quia
1485 862 1694 899 naturaliter
1707 860 1867 907 sequitur
1880 871 1999 896 actum
2014 863 2172 899 elicitum
2187 878 2198 905 3
2224 868 2257 903 8<
2274 879 2328 902 ta.

1391 927 1469 950 men
1485 925 1550 960 pro
1563 921 1700 959 quanto
1712 910 1847 958 semper-
1863 912 2056 947 comitatur
2081 924 2196 949 actum
2216 942 2225 958 ,
2243 917 2326 964 pos-

1390 964 1439 1000 set
1454 965 1539 1011 poni
1553 963 1672 1008 aliqua
1685 962 1775 996 ratio
1788 959 1947 1006 objecti.
1977 964 2016 998 Et
2031 961 2099 998 hoe
2121 964 2229 1000 modo
2248 968 2326 1004 dili-

1386 1016 1506 1061 gitur,
1536 1013 1757 1058 inquantum
1783 1011 1832 1046 est
1856 1012 1988 1046 bonum
2019 1012 2223 1051 beatificum
2246 1018 2326 1053 dili-

1387 1065 1507 1110 gentis
1521 1092 1530 1107 ,
1544 1062 1632 1098 ficut
1649 1061 1827 1096 diceretur
1841 1060 1941 1096 Deus
1953 1061 2097 1108 diligere
2110 1065 2323 1111 inquantum

1388 1115 1525 1152 summe
1555 1111 1720 1150 diligitur
1740 1123 1751 1151 ;
1782 1111 1816 1146 id
1843 1122 1929 1146 vero
1938 1123 2007 1146 non
2036 1113 2084 1149 est
2099 1126 2142 1150 ex
2159 1118 2323 1156 ratione,

1387 1165 1528 1201 formali
1542 1162 1676 1209 objecti
1691 1188 1699 1200 ,
1729 1159 1786 1197 sed
1802 1162 1914 1208 magis
1928 1161 2089 1208 sequitur
2099 1165 2274 1204 rationem
2286 1170 2321 1205 in

1387 1215 1535 1263 objecto
1549 1212 1850 1250 concomitantem
1861 1223 1980 1248 actum
1994 1240 2002 1250 .

1485 1264 1700 1306 Exemplum
1717 1260 1828 1307 liujus
1843 1261 2076 1300 distinctionis
2088 1266 2121 1300 in
2131 1267 2198 1303 tria
2213 1281 2321 1307 mem,

1385 1319 1445 1353 bra
1458 1343 1468 1358 ,
1499 1316 1582 1352 effer
1602 1342 1614 1357 ‚
1629 1313 1651 1349 si
1669 1322 1861 1356 poneretur
1876 1324 1983 1349 unum
2000 1341 2012 1357 ,
2024 1316 2122 1361 quod
2140 1315 2224 1354 effet
2241 1322 2321 1366 pul-

1383 1366 1600 1403 cherrimum
1630 1361 1765 1397 visibile
1784 1374 1828 1396 ex
1855 1373 1979 1399 natura
1995 1367 2043 1401 rei
2070 1391 2078 1401 .
2107 1368 2272 1406 Secundo
2297 1371 2319 1406 si

1382 1417 1464 1453 effer
1483 1417 1569 1452 dans
1591 1413 1699 1450 oculo
1723 1411 1892 1448 virtutem
1916 1414 2083 1457 videndi,
2109 1428 2181 1462 qua
2205 1420 2319 1464 ipsum

1381 1467 1615 1514 inspiceretur
1630 1490 1639 1498 .
1656 1460 1787 1497 Tertio
1801 1489 1811 1503 ‚
1839 1462 1861 1497 fi
1875 1460 1955 1498 esset
1975 1467 2140 1509 quictans
2178 1469 2289 1506 visum
2307 1494 2321 1515 ‚

1384 1531 1489 1565 prout
1505 1517 1695 1558 attingitur>
1709 1512 1752 1547 ab
1766 1513 1872 1548 oculo
1887 1525 1946 1559 per
1960 1516 2075 1552 aetum
2093 1517 2322 1565 videndi3qui

1382 1570 1482 1605 afflus
1497 1570 1544 1605 est
1559 1566 1651 1600 ratio
1666 1565 1820 1599 formalis
1838 1566 2046 1601 terminandi
2060 1580 2212 1604 amorem
2241 1572 2322 1608 vifi-

1381 1632 1466 1655 vum
1480 1647 1490 1662 ,
1519 1620 1540 1654 li
1559 1615 1654 1651 visus
1673 1612 1782 1659 posset
1794 1613 1861 1647 tale
1875 1613 2020 1660 diligere
2030 1616 2227 1659 obiet‘ium.
2242 1622 2317 1658 Pri.

1384 1683 1438 1706 ma
1466 1671 1557 1706 ratio
1574 1695 1582 1707 ‚
1610 1667 1695 1713 quia
1712 1662 1805 1698 visus
1835 1664 1947 1701 tendit
1974 1669 2007 1701 in
2030 1667 2211 1714 objefflum
2229 1698 2238 1713 ‚
2266 1672 2318 1708 est

1385 1722 1496 1768 prima
1516 1722 1605 1758 ratio
1617 1717 1694 1753 talis
1710 1725 1842 1749 narurae
1864 1741 1871 1755 ‚
1901 1728 1965 1760 pro
1979 1718 2132 1765 eoquod
2158 1720 2194 1754 in
2218 1722 2319 1769 ipsit,

1383 1774 1560 1819 reperitur
1574 1766 1726 1817 perfecie
1740 1766 1828 1799 ratio
1844 1765 1977 1813 objeffl
1995 1769 2163 1816 adequati
2179 1773 2239 1807 tali
2255 1785 2320 1819 po·

1382 1824 1501 1859 tentiae
1515 1850 1524 1862 ,
1553 1830 1728 1868 qnantum
1753 1816 1787 1852 in
1812 1816 1932 1862 aliquo
1963 1820 2152 1856 coadunari
2183 1823 2315 1868 potest.

1379 1867 1542 1911 Secunda
1553 1871 1600 1907 est
1616 1868 1776 1916 quaeda‘m
1791 1868 1878 1900 ratio
1889 1870 2044 1906 alliciens
2056 1870 2098 1904 ad
2113 1873 2318 1917 amandum,

1383 1933 1563 1969 quatenus
1579 1919 1857 1957 communicavit
1874 1918 1905 1953 se
1921 1919 2004 1954 huic
2016 1921 2134 1958 <lando
2167 1923 2316 1959 videndi

1383 1975 1586 2010 facultatem
1603 1998 1611 2006 .
1639 1970 1760 2005 Tertia
1777 1979 1862 2004 vero
1873 1969 1920 2004 est
1955 1972 2046 2005 ratio
2074 1974 2316 2010 concomitans

1383 2024 1501 2061 ac‘tum
1521 2051 1529 2062 .
1556 2025 1590 2058 in
1604 2032 1679 2067 quo
1694 2018 1846 2066 perfeele
1857 2021 2039 2067 quietatur
2054 2024 2151 2058 visus
2173 2023 2317 2069 absolu-

1381 2085 1416 2109 te
1436 2087 1445 2112 ;
1475 2075 1585 2116 igitur
1601 2072 1710 2119 prima
1723 2070 1812 2104 ratio
1827 2070 1859 2103 in
1876 2069 1951 2105 visu
1971 2070 2128 2115 respeftu
2155 2070 2274 2107 am'are
2287 2074 2311 2111 fi

1382 2124 1415 2157 in
1433 2122 1465 2158 id
1478 2122 1586 2169 posset
1597 2148 1609 2164 ‚
1632 2119 1714 2156 esset
1726 2120 1812 2155 ratio
1823 2119 1934 2164 huius
1950 2122 2178 2164 pulcherrimi
2192 2123 2314 2158 visibi-

1379 2173 1419 2207 lis
1437 2199 1447 2214 ,
1467 2173 1611 2208 minime
1625 2181 1742 2205 autem
1759 2169 1792 2204 ἃ
1810 2182 1886 2205 non
1896 2171 1955 2206 nili
1972 2171 2246 2219 impropriiiiime
2257 2184 2313 2208 ra·

1377 2222 1430 2257 tio
1443 2221 1521 2267 ejus
1538 2248 1547 2263 ,
1575 2220 1672 2268 quod
1690 2220 1881 2264 attingitur
1895 2232 1956 2267 per
1970 2220 2087 2257 aetum
2104 2249 2112 2257 .

1479 2273 1534 2306 Ex
1550 2283 1626 2316 quo
1652 2268 1812 2313 sequitur
1833 2270 2109 2317 impropriiiiime
2131 2271 2244 2308 videri
2259 2274 2312 2310 lo-

1378 2332 1513 2366 quutos
1526 2319 1684 2356 dicentes
1699 2318 1815 2354 Deum
1833 2329 1938 2367 prout
1955 2320 2003 2356 est
2017 2319 2200 2367 objectum
2227 2325 2312 2360 bea-

1377 2370 1514 2407 tificum
1533 2397 1543 2412 ,
1564 2368 1629 2405 ess‘e
1641 2370 1825 2405 charitatis
1837 2368 2025 2415 objectum
2042 2396 2052 2406 .
2077 2371 2115 2408 Si
2137 2372 2314 2417 intelliga-

1375 2430 1436 2456 tur
1451 2433 1508 2468 per
1533 2420 1734 2466 beatificum
1759 2418 1938 2466 respectus
1965 2422 2138 2463 actualis,
2164 2423 2315 2468 inquan-

1375 2481 1451 2507 tum
1468 2470 1597 2506 scilicet
1621 2470 1786 2506 terminat
1811 2467 2007 2517 respectum
2034 2481 2136 2507 actus
2171 2471 2314 2508 beatifi-

1376 2519 1503 2557 candi.
1533 2518 1569 2557 si
1582 2531 1700 2557 autem
1716 2520 1935 2565 intelligatur
1945 2519 2123 2569 respectus
2137 2522 2313 2569 aptitudi-

1375 2572 1461 2607 nalis
1479 2598 1490 2613 ‚
1515 2581 1602 2606 tunc
1619 2571 1705 2607 sicut
1722 2569 1915 2606 deductum
1929 2569 1978 2606 est
1992 2597 2003 2612 ‚
2029 2571 2085 2606 illa
2103 2570 2170 2608 effe
2184 2573 2311 2620 nequit

1374 2622 1464 2658 ratio
1479 2621 1712 2662 terminandi,
1724 2619 1785 2655 niii
1803 2621 1887 2665 quia
1902 2632 2028 2656 natura
2042 2621 2078 2656 in
2094 2634 2166 2668 qua
2183 2622 2313 2659 funda·

1372 2681 1453 2712 tur,
1480 2670 1527 2707 est
1540 2683 1658 2707 revera
1679 2672 1769 2707 ratio
1796 2670 2005 2707 terminandi
2026 2681 2145 2708 actum
2174 2672 2313 2709 beatifi-

1374 2732 1454 2756 cum
1469 2747 1478 2757 .

1475 2770 1535 2806 Ad
1547 2772 1792 2817 Argumenta.
1821 2771 1880 2809 Ad
1908 2771 2061 2818 primurn
2087 2771 2310 2820 respondeo,

1373 2820 1570 2868 hypotefim
1583 2822 1626 2857 de
1638 2823 1809 2869 politione
1824 2823 1975 2858 duorum
1992 2823 2150 2858 Deorum
2164 2825 2311 2869 penitus

1371 2882 1532 2906 evertere
1544 2882 1706 2907 naturam
1721 2872 1914 2908 charitatis.
1928 2874 2023 2909 Nam
2037 2882 2116 2907 curn
2129 2874 2222 2908 ratio
2238 2873 2311 2910 for·

1373 2921 1475 2956 malis
1490 2920 1569 2965 ejus
1583 2921 1622 2955 iit
1633 2922 1776 2959 tendere
1792 2925 1827 2958 in
1840 2934 1949 2959 unum
1979 2921 2084 2967 super
2106 2923 2223 2957 omnia
2242 2924 2308 2960 alia

1373 2981 1390 3004 a
1405 2969 1436 3005 se
1450 2971 1667 3015 diligendum
1684 2971 1880 3019 supponere
1897 2971 2007 3018 ipsum
2023 2969 2167 3007 tendere
2182 2975 2216 3006 in
2232 2975 2308 3018 plu.

1370 3032 1406 3056 ra
1423 3047 1433 3062 ,
1447 3022 1547 3066 plane
1559 3022 1767 3067 intelligitur
1782 3035 1850 3058 non
1865 3021 1952 3057 subii
1961 3019 2046 3056 stere
2059 3031 2182 3056 natura
2195 3023 2306 3064 illius;

1369 3069 1452 3105 esset
1468 3072 1558 3105 enim
1572 3073 1720 3108 omnino
1731 3073 1797 3107 alia
1813 3086 1829 3106 a
1845 3072 1983 3108 formali
2005 3071 2141 3105 ratione
2155 3072 2308 3108 charita-

1368 3121 1414 3155 tis
1430 3146 1438 3155 .
1468 3121 1782 3166 Quemadmodum
1802 3122 1822 3157 sn
1841 3121 1971 3167 aliquis
1986 3120 2131 3155 habitus
2147 3120 2307 3167 simplici·

1367 3182 1420 3204 rer
1433 3174 1596 3217 proprius
1611 3171 1649 3205 sit
1667 3172 1766 3216 primi
1788 3171 1979 3218 principii,
2008 3169 2239 3217 supponendo
2255 3172 2306 3206 es-

1367 3220 1402 3254 se
1422 3220 1565 3266 perinde
1578 3221 1723 3256 alterius
1737 3223 1837 3268 primi
1857 3221 2020 3268 principii
2037 3233 2048 3260 ;
2065 3220 2153 3254 idem
2169 3219 2248 3256 eil‘et
2265 3234 2306 3258 ao

1369 3269 1519 3304 statuere
1533 3269 1629 3304 hunc
1656 3269 1817 3306 habitum
1840 3270 1950 3315 hujus
1977 3269 2137 3316 objecti,
2168 3282 2206 3305 ut
2224 3284 2308 3319 pro«

1369 3320 1459 3366 prii,
1489 3320 1520 3354 8<
1536 3331 1605 3354 non
1618 3321 1752 3367 proprii
1772 3335 1783 3362 ς
1812 3320 1860 3358 ita
1887 3321 1920 3354 in
1944 3318 2052 3361 casu3
2080 3332 2159 3355 nam
2183 3321 2304 3366 plures

1367 3367 1431 3403 ell‘e
1448 3368 1543 3404 Deos
1560 3369 1708 3404 includit
1726 3381 1907 3418 utrunque
1931 3368 1997 3405 effe
2024 3369 2241 3416 diligendum
2261 3384 2307 3408 ex

1366 3418 1535 3453 charitate
1554 3445 1564 3460 ‚
1593 3420 1626 3454 8<
1644 3431 1809 3455 neutrum
1824 3420 1898 3455 sore
1913 3421 1960 3454 ita
1974 3419 2195 3466 diligendum
2212 3448 2220 3457 .

1474 3469 1530 3506 Ad
1546 3469 1738 3504 secuudum
1758 3471 1837 3505 dico
1854 3470 1922 3505 iic:
1947 3472 2031 3506 Non
2046 3469 2094 3505 est
2114 3470 2221 3507 limile
2238 3473 2306 3513 de,

1368 3520 1479 3565 magis
1492 3520 1523 3554 8<
1542 3520 1657 3554 minus
1674 3521 1705 3553 in
1723 3522 1846 3565 aliquo
1858 3519 2002 3561 ordine,
2033 3521 2065 3554 8<
2080 3519 2124 3554 de
2143 3520 2306 3568 supremo

1368 3572 1401 3604 in
1417 3569 1540 3604 codem
1558 3568 1683 3603 ordine
1700 3596 1704 3599 .
1720 3570 1838 3615 quoad
1851 3582 1956 3604 omne
1970 3569 2210 3607 extrinsecum
2223 3586 2301 3620 ope.

1371 3621 1477 3654 rantis
1493 3620 1583 3652 circa
1598 3620 1653 3654 illa
1670 3621 1748 3663 ejus
1764 3620 1897 3655 ordinis
1913 3643 1922 3653 .
1946 3619 2065 3656 Potest
2078 3623 2307 3670 enim⁸oper2.

1367 3671 1419 3702 tio
1439 3670 1581 3703 alterius
1599 3668 1786 3703 necessario
1801 3671 1983 3715 requirere
2012 3669 2239 3716 supremum,
2267 3686 2306 3710 ut

1368 3719 1402 3753 sir
1421 3718 1665 3764 pcrl‘ecriffima
1682 3746 1690 3759 ,
1705 3720 1736 3753 8<
1757 3719 1893 3754 interim
1914 3732 1982 3754 non
2000 3717 2187 3757 necessario
2202 3724 2310 3760 habe-

1368 3783 1401 3804 r:
1417 3770 1576 3803 ordinem
1590 3771 1630 3804 ad
1648 3770 1712 3803 alia
1733 3771 1891 3803 ordinata
1907 3772 1938 3805 in
1954 3772 2015 3808 tali
2028 3769 2166 3807 ordine.
2183 3776 2307 3811 [κει-ῃ,

2156 3828 2254 3869 plum

2377 759 2572 801 videndae&

2376 807 2404 836 sa
2452 809 2569 846 Magistri

2375 845 2495 884 Lycheti
2508 866 2516 874 .

2369 1284 2560 1329 Exemplodei
2592 1302 2603 1319 ,Α

2370 1323 2559 1363 εἰᾶτᾶτῡοξίοῑ
2591 1342 2602 1360 1·

2369 1365 2464 1392 exaste
2504 1378 2555 1407 pfg

2370 1401 2475 1432 miss‘am
2518 1409 2557 1442 ἀρ-

2370 1441 2488 1476 {trinam
2502 1463 2512 1472 .
2554 1469 2556 1475 ,

2363 3478 2465 3509 videtis
2498 3480 2522 3516 l!-

2360 3519 2472 3548 ciictum
2489 3521 2522 3546 ἢ)

2356 3553 2524 3586 comittem

2354 3597 2462 3632 optime
2481 3563 2521 3625 ill(

2351 3632 2491 3671 ,expende-n

2360 3671 2466 3699 duobus

2359 3712 2502 3747 arguunt-nl*
2512 3719 2519 3724 ·

2356 3749 2474 3777 Pontius
2496 3751 2521 3765 ¹¹·

2353 3786 2417 3815 <lem
2446 3786 2522 3814 ΛΜΝ

2499 3633 2524 3652 m

2498 3671 2521 3689 ris
