<?xml version="1.0" encoding="UTF-8"?>
<!DOCTYPE html PUBLIC "-//W3C//DTD XHTML 1.0 Transitional//EN"
    "http://www.w3.org/TR/xhtml1/DTD/xhtml1-transitional.dtd">
<html xmlns="http://www.w3.org/1999/xhtml" xml:lang="en" lang="en">
 <head>
  <title>
</title>
<meta http-equiv="Content-Type" content="text/html;charset=utf-8" />
  <meta name='ocr-system' content='tesseract 3.04.00' />
  <meta name='ocr-capabilities' content='ocr_page ocr_carea ocr_par ocr_line ocrx_word'/>
</head>
<body>
  <div class='ocr_page' id='page_1' title='image "./joannisdunsscoti03duns_0439.png"; bbox 0 0 2602 4011; ppageno 0'>
   <div class='ocr_carea' id='block_1_1' title="bbox 699 154 1765 234">
    <p class='ocr_par' dir='ltr' id='par_1_1' title="bbox 699 154 1765 234">
     <span class='ocr_line' id='line_1_1' title="bbox 699 154 1765 234; baseline 0.007 -33"><span class='ocrx_word' id='word_1_1' title='bbox 699 155 860 202; x_wconf 78' lang='lat' dir='ltr'>Tamus</span> <span class='ocrx_word' id='word_1_2' title='bbox 875 156 958 205; x_wconf 66' lang='grc' dir='ltr'>ῙῙΙ,</span> <span class='ocrx_word' id='word_1_3' title='bbox 972 159 1079 205; x_wconf 76' lang='lat' dir='ltr'>Par.</span> <span class='ocrx_word' id='word_1_4' title='bbox 1094 156 1153 204; x_wconf 86' lang='grc' dir='ltr'>ῙῙ.</span> <span class='ocrx_word' id='word_1_5' title='bbox 1180 154 1370 234; x_wconf 79' lang='lat' dir='ltr'>Qaestt&#39;o</span> <span class='ocrx_word' id='word_1_6' title='bbox 1390 155 1557 207; x_wconf 84' lang='lat' dir='ltr'><em>CXIII.</em></span> <span class='ocrx_word' id='word_1_7' title='bbox 1572 159 1673 208; x_wconf 79' lang='lat' dir='ltr'>Art.</span> <span class='ocrx_word' id='word_1_8' title='bbox 1685 163 1731 208; x_wconf 88' lang='lat' dir='ltr'><em>V</em></span> <span class='ocrx_word' id='word_1_9' title='bbox 1727 160 1765 207; x_wconf 81' lang='lat' dir='ltr'>I.</span> 
     </span>
    </p>
   </div>
   <div class='ocr_carea' id='block_1_2' title="bbox 0 222 1220 575">
    <p class='ocr_par' dir='ltr' id='par_1_2' title="bbox 0 222 1220 526">
     <span class='ocr_line' id='line_1_2' title="bbox 38 222 1216 283; baseline 0.002 -24"><span class='ocrx_word' id='word_1_10' title='bbox 38 254 69 283; x_wconf 63' lang='lat' dir='ltr'>h</span> <span class='ocrx_word' id='word_1_11' title='bbox 127 249 233 281; x_wconf 68' lang='lat' dir='ltr'>instanti</span> <span class='ocrx_word' id='word_1_12' title='bbox 369 222 439 260; x_wconf 85' lang='lat' dir='ltr'>Sed</span> <span class='ocrx_word' id='word_1_13' title='bbox 458 224 547 270; x_wconf 73' lang='lat' dir='ltr'>quid</span> <span class='ocrx_word' id='word_1_14' title='bbox 565 247 580 264; x_wconf 57' lang='lat'>2</span> <span class='ocrx_word' id='word_1_15' title='bbox 608 223 629 259; x_wconf 76' lang='lat' dir='ltr'>si</span> <span class='ocrx_word' id='word_1_16' title='bbox 646 225 679 258; x_wconf 89' lang='lat' dir='ltr'>in</span> <span class='ocrx_word' id='word_1_17' title='bbox 696 224 758 258; x_wconf 90' lang='lat' dir='ltr'>illo</span> <span class='ocrx_word' id='word_1_18' title='bbox 775 224 918 260; x_wconf 85' lang='lat' dir='ltr'>instanti</span> <span class='ocrx_word' id='word_1_19' title='bbox 933 235 1042 271; x_wconf 84' lang='lat' dir='ltr'>ponat</span> <span class='ocrx_word' id='word_1_20' title='bbox 1055 226 1216 261; x_wconf 78' lang='lat' dir='ltr'>obicem?</span> 
     </span>
     <span class='ocr_line' id='line_1_3' title="bbox 36 273 1218 332; baseline 0.002 -23"><span class='ocrx_word' id='word_1_21' title='bbox 36 291 234 332; x_wconf 37' lang='lat' dir='ltr'>pfl-minumus</span> <span class='ocrx_word' id='word_1_22' title='bbox 268 275 585 322; x_wconf 76' lang='lat' dir='ltr'>Quemadmodum</span> <span class='ocrx_word' id='word_1_23' title='bbox 614 275 710 308; x_wconf 85' lang='lat' dir='ltr'>enim</span> <span class='ocrx_word' id='word_1_24' title='bbox 733 273 847 318; x_wconf 82' lang='lat' dir='ltr'>potest</span> <span class='ocrx_word' id='word_1_25' title='bbox 873 273 906 309; x_wconf 85' lang='lat' dir='ltr'>se</span> <span class='ocrx_word' id='word_1_26' title='bbox 933 285 1142 312; x_wconf 81' lang='lat' dir='ltr'>convertere</span> <span class='ocrx_word' id='word_1_27' title='bbox 1173 276 1218 311; x_wconf 88' lang='lat' dir='ltr'>ad</span> 
     </span>
     <span class='ocr_line' id='line_1_4' title="bbox 0 323 1217 372; baseline -0.001 -11"><span class='ocrx_word' id='word_1_28' title='bbox 0 345 7 363; x_wconf 70' lang='lat'>⁵</span> <span class='ocrx_word' id='word_1_29' title='bbox 37 334 71 361; x_wconf 83' lang='lat' dir='ltr'>de</span> <span class='ocrx_word' id='word_1_30' title='bbox 93 327 233 365; x_wconf 72' lang='lat' dir='ltr'>condigno</span> <span class='ocrx_word' id='word_1_31' title='bbox 267 326 386 360; x_wconf 71' lang='lat' dir='ltr'>aetum</span> <span class='ocrx_word' id='word_1_32' title='bbox 405 325 705 372; x_wconf 67' lang='lat' dir='ltr'>‚impertinentem</span> <span class='ocrx_word' id='word_1_33' title='bbox 724 323 773 358; x_wconf 77' lang='lat' dir='ltr'>ita</span> <span class='ocrx_word' id='word_1_34' title='bbox 796 323 961 369; x_wconf 78' lang='lat' dir='ltr'>potest&amp;</span> <span class='ocrx_word' id='word_1_35' title='bbox 993 327 1217 365; x_wconf 81' lang='lat' dir='ltr'>contrarium</span> 
     </span>
     <span class='ocr_line' id='line_1_5' title="bbox 0 366 1215 432; baseline -0.001 -19"><span class='ocrx_word' id='word_1_36' title='bbox 0 383 9 398; x_wconf 72' lang='grc'><em>’</em></span> <span class='ocrx_word' id='word_1_37' title='bbox 37 380 104 413; x_wconf 74' lang='lat'>¹¹⁰⁰.</span> <span class='ocrx_word' id='word_1_38' title='bbox 138 366 234 432; x_wconf 42' lang='lat' dir='ltr'>P‘g‘est-</span> <span class='ocrx_word' id='word_1_39' title='bbox 267 387 400 424; x_wconf 86' lang='lat' dir='ltr'>ponere</span> <span class='ocrx_word' id='word_1_40' title='bbox 415 401 425 411; x_wconf 87' lang='lat'><strong>.</strong></span> <span class='ocrx_word' id='word_1_41' title='bbox 460 376 650 413; x_wconf 78' lang='lat' dir='ltr'>Diceretur</span> <span class='ocrx_word' id='word_1_42' title='bbox 667 400 680 417; x_wconf 93' lang='lat'>‚</span> <span class='ocrx_word' id='word_1_43' title='bbox 703 384 776 410; x_wconf 91' lang='lat' dir='ltr'>non</span> <span class='ocrx_word' id='word_1_44' title='bbox 787 374 882 421; x_wconf 76' lang='lat' dir='ltr'>poffe</span> <span class='ocrx_word' id='word_1_45' title='bbox 893 375 1033 411; x_wconf 84' lang='lat' dir='ltr'>obicem</span> <span class='ocrx_word' id='word_1_46' title='bbox 1052 387 1185 422; x_wconf 89' lang='lat' dir='ltr'>ponere</span> <span class='ocrx_word' id='word_1_47' title='bbox 1201 389 1215 418; x_wconf 91' lang='lat'>;</span> 
     </span>
     <span class='ocr_line' id='line_1_6' title="bbox 0 414 1218 476; baseline 0.001 -14"><span class='ocrx_word' id='word_1_48' title='bbox 0 419 7 474; x_wconf 62' lang='grc' dir='ltr'>ζ</span> <span class='ocrx_word' id='word_1_49' title='bbox 33 414 234 476; x_wconf 51' lang='grc' dir='ltr'>ξζῗᾶεηῗῑὲἓ</span> <span class='ocrx_word' id='word_1_50' title='bbox 267 438 348 462; x_wconf 84' lang='lat' dir='ltr'>cum</span> <span class='ocrx_word' id='word_1_51' title='bbox 363 425 435 473; x_wconf 72' lang='lat' dir='ltr'>jam</span> <span class='ocrx_word' id='word_1_52' title='bbox 449 424 617 462; x_wconf 75' lang='lat' dir='ltr'>meruerit</span> <span class='ocrx_word' id='word_1_53' title='bbox 631 450 641 466; x_wconf 94' lang='lat'><strong><em>,</em></strong></span> <span class='ocrx_word' id='word_1_54' title='bbox 670 434 710 460; x_wconf 88' lang='lat' dir='ltr'>ut</span> <span class='ocrx_word' id='word_1_55' title='bbox 729 424 764 459; x_wconf 85' lang='lat' dir='ltr'>in</span> <span class='ocrx_word' id='word_1_56' title='bbox 781 437 825 467; x_wconf 78' lang='lat' dir='ltr'>eo</span> <span class='ocrx_word' id='word_1_57' title='bbox 844 423 987 462; x_wconf 86' lang='lat' dir='ltr'>instanti</span> <span class='ocrx_word' id='word_1_58' title='bbox 1012 426 1076 462; x_wconf 86' lang='lat' dir='ltr'>fibi</span> <span class='ocrx_word' id='word_1_59' title='bbox 1093 427 1218 463; x_wconf 83' lang='lat' dir='ltr'>confe-</span> 
     </span>
     <span class='ocr_line' id='line_1_7' title="bbox 0 471 1220 526; baseline 0.002 -13"><span class='ocrx_word' id='word_1_60' title='bbox 0 471 3 479; x_wconf 44' lang='lat'>⁸</span> <span class='ocrx_word' id='word_1_61' title='bbox 36 484 153 526; x_wconf 62' lang='lat' dir='ltr'>praemio</span> <span class='ocrx_word' id='word_1_62' title='bbox 195 483 231 513; x_wconf 86' lang='lat' dir='ltr'>de</span> <span class='ocrx_word' id='word_1_63' title='bbox 268 477 512 523; x_wconf 70' lang='lat' dir='ltr'>raturgratia,</span> <span class='ocrx_word' id='word_1_64' title='bbox 525 474 762 522; x_wconf 65' lang='lat' dir='ltr'>cuidocbine</span> <span class='ocrx_word' id='word_1_65' title='bbox 776 487 841 511; x_wconf 90' lang='lat' dir='ltr'>nos</span> <span class='ocrx_word' id='word_1_66' title='bbox 863 486 1035 525; x_wconf 75' lang='lat' dir='ltr'>putamus</span> <span class='ocrx_word' id='word_1_67' title='bbox 1053 489 1126 513; x_wconf 91' lang='lat' dir='ltr'>non</span> <span class='ocrx_word' id='word_1_68' title='bbox 1149 477 1220 516; x_wconf 80' lang='lat' dir='ltr'>effe</span> 
     </span>
    </p>

    <p class='ocr_par' dir='ltr' id='par_1_3' title="bbox 265 525 1219 575">
     <span class='ocr_line' id='line_1_8' title="bbox 265 525 1219 575; baseline 0 -10"><span class='ocrx_word' id='word_1_69' title='bbox 265 525 557 567; x_wconf 80' lang='lat' dir='ltr'>subscribendum</span> <span class='ocrx_word' id='word_1_70' title='bbox 573 551 583 561; x_wconf 88' lang='lat'><strong>.</strong></span> <span class='ocrx_word' id='word_1_71' title='bbox 614 527 713 564; x_wconf 86' lang='lat' dir='ltr'>Nam</span> <span class='ocrx_word' id='word_1_72' title='bbox 730 526 814 565; x_wconf 86' lang='lat' dir='ltr'>licet</span> <span class='ocrx_word' id='word_1_73' title='bbox 835 538 906 562; x_wconf 89' lang='lat' dir='ltr'>non</span> <span class='ocrx_word' id='word_1_74' title='bbox 931 527 1032 574; x_wconf 85' lang='lat' dir='ltr'>posiit</span> <span class='ocrx_word' id='word_1_75' title='bbox 1048 529 1133 575; x_wconf 89' lang='lat' dir='ltr'>quis</span> <span class='ocrx_word' id='word_1_76' title='bbox 1153 530 1219 565; x_wconf 69' lang='lat' dir='ltr'>in...</span> 
     </span>
    </p>
   </div>
   <div class='ocr_carea' id='block_1_3' title="bbox 1449 177 2159 318">
    <p class='ocr_par' dir='ltr' id='par_1_4' title="bbox 1449 177 2159 318">
     <span class='ocr_line' id='line_1_9' title="bbox 2061 177 2159 222; baseline 0 0"><span class='ocrx_word' id='word_1_77' title='bbox 2061 177 2159 222; x_wconf 75' lang='lat'>415</span> 
     </span>
     <span class='ocr_line' id='line_1_10' title="bbox 1449 273 2091 318; baseline 0.002 -3"><span class='ocrx_word' id='word_1_78' title='bbox 1449 273 1963 318; x_wconf 71' lang='lat' dir='ltr'>ARTICVLUS</span> <span class='ocrx_word' id='word_1_79' title='bbox 2023 279 2091 317; x_wconf 88' lang='lat' dir='ltr'>Vl.</span> 
     </span>
    </p>
   </div>
   <div class='ocr_carea' id='block_1_4' title="bbox 12 249 15 404">
    <p class='ocr_par' dir='ltr' id='par_1_5' title="bbox 12 249 15 404">
     <span class='ocr_line' id='line_1_11' title="bbox 12 249 15 404; baseline 0 3607"><span class='ocrx_word' id='word_1_80' title='bbox 12 249 15 404; x_wconf 95' lang='lat' dir='ltr'> </span> 
     </span>
    </p>
   </div>
   <div class='ocr_carea' id='block_1_5' title="bbox 1299 374 2242 527">
    <p class='ocr_par' dir='ltr' id='par_1_6' title="bbox 1299 374 2242 527">
     <span class='ocr_line' id='line_1_12' title="bbox 1299 374 2242 427; baseline 0.001 -13"><span class='ocrx_word' id='word_1_81' title='bbox 1299 376 1435 414; x_wconf 80' lang='lat' dir='ltr'>Utrum</span> <span class='ocrx_word' id='word_1_82' title='bbox 1458 374 1613 415; x_wconf 82' lang='lat' dir='ltr'>remiffio</span> <span class='ocrx_word' id='word_1_83' title='bbox 1632 388 1865 425; x_wconf 86' lang='lat' dir='ltr'>peccatorum</span> <span class='ocrx_word' id='word_1_84' title='bbox 1886 377 2016 415; x_wconf 86' lang='lat' dir='ltr'>debeat</span> <span class='ocrx_word' id='word_1_85' title='bbox 2037 382 2242 427; x_wconf 84' lang='lat' dir='ltr'>computari</span> 
     </span>
     <span class='ocr_line' id='line_1_13' title="bbox 1372 427 2169 476; baseline 0.005 -14"><span class='ocrx_word' id='word_1_86' title='bbox 1372 428 1467 463; x_wconf 82' lang='lat' dir='ltr'>inter</span> <span class='ocrx_word' id='word_1_87' title='bbox 1482 438 1522 463; x_wconf 85' lang='lat' dir='ltr'>ea</span> <span class='ocrx_word' id='word_1_88' title='bbox 1537 453 1551 470; x_wconf 87' lang='lat'><em>‚</em></span> <span class='ocrx_word' id='word_1_89' title='bbox 1588 438 1668 476; x_wconf 85' lang='lat' dir='ltr'>quae</span> <span class='ocrx_word' id='word_1_90' title='bbox 1685 429 1921 476; x_wconf 77' lang='lat' dir='ltr'>requiruntur</span> <span class='ocrx_word' id='word_1_91' title='bbox 1937 429 1980 465; x_wconf 88' lang='lat' dir='ltr'>ad</span> <span class='ocrx_word' id='word_1_92' title='bbox 1994 427 2169 475; x_wconf 63' lang='lat' dir='ltr'>justifica-</span> 
     </span>
     <span class='ocr_line' id='line_1_14' title="bbox 1623 479 1919 527; baseline -0.014 -10"><span class='ocrx_word' id='word_1_93' title='bbox 1623 490 1763 517; x_wconf 76' lang='lat' dir='ltr'>tionem</span> <span class='ocrx_word' id='word_1_94' title='bbox 1788 479 1919 527; x_wconf 85' lang='lat' dir='ltr'>impii.</span> 
     </span>
    </p>
   </div>
   <div class='ocr_carea' id='block_1_6' title="bbox 0 498 7 558">
    <p class='ocr_par' dir='ltr' id='par_1_7' title="bbox 0 498 7 558">
     <span class='ocr_line' id='line_1_15' title="bbox 0 498 7 516; baseline 0 0"><span class='ocrx_word' id='word_1_95' title='bbox 0 498 7 516; x_wconf 71' lang='lat' dir='ltr'>i</span> 
     </span>
     <span class='ocr_line' id='line_1_16' title="bbox 0 537 7 558; baseline 0 0"><span class='ocrx_word' id='word_1_96' title='bbox 0 537 7 558; x_wconf 72' lang='grc' dir='ltr'>Ι</span> 
     </span>
    </p>
   </div>
   <div class='ocr_carea' id='block_1_7' title="bbox 11 418 15 570">
    <p class='ocr_par' dir='ltr' id='par_1_8' title="bbox 11 418 15 570">
     <span class='ocr_line' id='line_1_17' title="bbox 11 418 15 570; baseline 0 3441"><span class='ocrx_word' id='word_1_97' title='bbox 11 418 15 570; x_wconf 95' lang='lat' dir='ltr'> </span> 
     </span>
    </p>
   </div>
   <div class='ocr_carea' id='block_1_8' title="bbox 5 1633 222 1869">
    <p class='ocr_par' dir='ltr' id='par_1_9' title="bbox 6 1633 186 1705">
     <span class='ocr_line' id='line_1_18' title="bbox 6 1633 186 1674; baseline 0 -11"><span class='ocrx_word' id='word_1_98' title='bbox 6 1643 7 1674; x_wconf 60' lang='lat'>1</span> <span class='ocrx_word' id='word_1_99' title='bbox 23 1633 186 1673; x_wconf 77' lang='lat' dir='ltr'><strong>Quomodo</strong></span> 
     </span>
     <span class='ocr_line' id='line_1_19' title="bbox 21 1682 164 1705; baseline -0.028 0"><span class='ocrx_word' id='word_1_100' title='bbox 21 1682 164 1705; x_wconf 65' lang='lat' dir='ltr'>contritio</span> 
     </span>
    </p>

    <p class='ocr_par' dir='ltr' id='par_1_10' title="bbox 5 1712 222 1783">
     <span class='ocr_line' id='line_1_20' title="bbox 5 1712 222 1754; baseline 0.005 -14"><span class='ocrx_word' id='word_1_101' title='bbox 5 1720 7 1740; x_wconf 85' lang='lat'>1</span> <span class='ocrx_word' id='word_1_102' title='bbox 22 1712 150 1754; x_wconf 55' lang='lat' dir='ltr'>precedit</span> <span class='ocrx_word' id='word_1_103' title='bbox 163 1731 173 1746; x_wconf 90' lang='lat'>‚</span> <span class='ocrx_word' id='word_1_104' title='bbox 194 1712 222 1741; x_wconf 86' lang='lat'>&amp;</span> 
     </span>
     <span class='ocr_line' id='line_1_21' title="bbox 22 1752 220 1783; baseline -0.015 0"><span class='ocrx_word' id='word_1_105' title='bbox 22 1753 145 1783; x_wconf 65' lang='lat' dir='ltr'>sequitur</span> <span class='ocrx_word' id='word_1_106' title='bbox 170 1752 220 1781; x_wconf 89' lang='lat' dir='ltr'>de-</span> 
     </span>
    </p>

    <p class='ocr_par' dir='ltr' id='par_1_11' title="bbox 5 1791 161 1825">
     <span class='ocr_line' id='line_1_22' title="bbox 5 1791 161 1825; baseline -0.013 -6"><span class='ocrx_word' id='word_1_107' title='bbox 5 1814 7 1825; x_wconf 67' lang='lat'>,</span> <span class='ocrx_word' id='word_1_108' title='bbox 23 1791 161 1820; x_wconf 80' lang='lat' dir='ltr'>letinnem</span> 
     </span>
    </p>

    <p class='ocr_par' dir='ltr' id='par_1_12' title="bbox 5 1827 151 1869">
     <span class='ocr_line' id='line_1_23' title="bbox 5 1827 151 1869; baseline -0.007 -11"><span class='ocrx_word' id='word_1_109' title='bbox 5 1827 7 1858; x_wconf 81' lang='lat'>¹]</span> <span class='ocrx_word' id='word_1_110' title='bbox 23 1829 129 1869; x_wconf 80' lang='lat' dir='ltr'>peccati</span> <span class='ocrx_word' id='word_1_111' title='bbox 141 1846 151 1857; x_wconf 86' lang='lat'>.</span> 
     </span>
    </p>
   </div>
   <div class='ocr_carea' id='block_1_9' title="bbox 35 528 1222 3449">
    <p class='ocr_par' dir='ltr' id='par_1_13' title="bbox 35 528 1222 626">
     <span class='ocr_line' id='line_1_24' title="bbox 35 528 183 565; baseline 0 -11"><span class='ocrx_word' id='word_1_112' title='bbox 35 528 183 565; x_wconf 74' lang='lat' dir='ltr'>congruo?</span> 
     </span>
     <span class='ocr_line' id='line_1_25' title="bbox 265 576 1222 626; baseline -0.002 -10"><span class='ocrx_word' id='word_1_113' title='bbox 265 579 411 619; x_wconf 77' lang='lat' dir='ltr'>instanti</span> <span class='ocrx_word' id='word_1_114' title='bbox 426 576 678 625; x_wconf 77' lang='lat' dir='ltr'>praemiationis</span> <span class='ocrx_word' id='word_1_115' title='bbox 692 576 768 624; x_wconf 84' lang='lat' dir='ltr'>post</span> <span class='ocrx_word' id='word_1_116' title='bbox 791 578 955 614; x_wconf 87' lang='lat' dir='ltr'>meritum</span> <span class='ocrx_word' id='word_1_117' title='bbox 974 577 1018 615; x_wconf 89' lang='lat' dir='ltr'>de</span> <span class='ocrx_word' id='word_1_118' title='bbox 1032 578 1222 626; x_wconf 86' lang='lat' dir='ltr'>condigno</span> 
     </span>
    </p>

    <p class='ocr_par' dir='ltr' id='par_1_14' title="bbox 260 627 1219 1579">
     <span class='ocr_line' id='line_1_26' title="bbox 265 627 1218 680; baseline -0.001 -14"><span class='ocrx_word' id='word_1_119' title='bbox 265 641 400 680; x_wconf 72' lang='lat' dir='ltr'>potiere</span> <span class='ocrx_word' id='word_1_120' title='bbox 416 628 555 668; x_wconf 80' lang='lat' dir='ltr'>obicem</span> <span class='ocrx_word' id='word_1_121' title='bbox 588 627 710 675; x_wconf 87' lang='lat' dir='ltr'>ficque</span> <span class='ocrx_word' id='word_1_122' title='bbox 725 628 759 663; x_wconf 85' lang='lat' dir='ltr'>in</span> <span class='ocrx_word' id='word_1_123' title='bbox 777 629 902 665; x_wconf 88' lang='lat' dir='ltr'>mortis</span> <span class='ocrx_word' id='word_1_124' title='bbox 920 628 1066 667; x_wconf 84' lang='lat' dir='ltr'>instanti</span> <span class='ocrx_word' id='word_1_125' title='bbox 1091 630 1218 677; x_wconf 87' lang='lat' dir='ltr'>nequit</span> 
     </span>
     <span class='ocr_line' id='line_1_27' title="bbox 266 678 1219 729; baseline -0.001 -12"><span class='ocrx_word' id='word_1_126' title='bbox 266 683 349 729; x_wconf 78' lang='lat' dir='ltr'>quis</span> <span class='ocrx_word' id='word_1_127' title='bbox 367 678 564 720; x_wconf 61' lang='lat' dir='ltr'>demet-eth</span> <span class='ocrx_word' id='word_1_128' title='bbox 592 678 782 717; x_wconf 77' lang='lat' dir='ltr'>tuneenim</span> <span class='ocrx_word' id='word_1_129' title='bbox 797 679 924 721; x_wconf 79' lang='lat' dir='ltr'>merito</span> <span class='ocrx_word' id='word_1_130' title='bbox 937 678 1001 716; x_wconf 84' lang='lat' dir='ltr'>suo</span> <span class='ocrx_word' id='word_1_131' title='bbox 1017 680 1125 722; x_wconf 81' lang='lat' dir='ltr'>debet</span> <span class='ocrx_word' id='word_1_132' title='bbox 1139 679 1219 723; x_wconf 72' lang='lat' dir='ltr'>red·</span> 
     </span>
     <span class='ocr_line' id='line_1_28' title="bbox 266 729 1217 778; baseline -0.001 -11"><span class='ocrx_word' id='word_1_133' title='bbox 266 733 304 768; x_wconf 81' lang='lat' dir='ltr'>di</span> <span class='ocrx_word' id='word_1_134' title='bbox 319 729 624 778; x_wconf 54' lang='lat' dir='ltr'>impeccabilitam</span> <span class='ocrx_word' id='word_1_135' title='bbox 659 741 779 767; x_wconf 81' lang='lat' dir='ltr'>tamen</span> <span class='ocrx_word' id='word_1_136' title='bbox 801 731 889 778; x_wconf 68' lang='lat' dir='ltr'>quia,</span> <span class='ocrx_word' id='word_1_137' title='bbox 911 732 1041 773; x_wconf 79' lang='lat' dir='ltr'>meruit</span> <span class='ocrx_word' id='word_1_138' title='bbox 1068 731 1111 768; x_wconf 85' lang='lat' dir='ltr'>de</span> <span class='ocrx_word' id='word_1_139' title='bbox 1127 743 1217 768; x_wconf 52' lang='lat' dir='ltr'>cona</span> 
     </span>
     <span class='ocr_line' id='line_1_29' title="bbox 265 780 1216 831; baseline 0 -14"><span class='ocrx_word' id='word_1_140' title='bbox 265 793 360 831; x_wconf 78' lang='lat' dir='ltr'>grno</span> <span class='ocrx_word' id='word_1_141' title='bbox 375 806 387 822; x_wconf 92' lang='lat'>,</span> <span class='ocrx_word' id='word_1_142' title='bbox 408 780 523 827; x_wconf 81' lang='lat' dir='ltr'>porest</span> <span class='ocrx_word' id='word_1_143' title='bbox 536 781 863 829; x_wconf 79' lang='lat' dir='ltr'>ponere-obicemin</span> <span class='ocrx_word' id='word_1_144' title='bbox 880 782 1097 817; x_wconf 83' lang='lat' dir='ltr'>illoinstanti</span> <span class='ocrx_word' id='word_1_145' title='bbox 1114 807 1124 822; x_wconf 87' lang='lat'>‚</span> <span class='ocrx_word' id='word_1_146' title='bbox 1149 783 1216 817; x_wconf 75' lang='lat' dir='ltr'>in..</span> 
     </span>
     <span class='ocr_line' id='line_1_30' title="bbox 264 831 1217 880; baseline -0.001 -12"><span class='ocrx_word' id='word_1_147' title='bbox 264 842 343 880; x_wconf 86' lang='lat' dir='ltr'>quo</span> <span class='ocrx_word' id='word_1_148' title='bbox 354 831 529 879; x_wconf 79' lang='lat' dir='ltr'>reciperet</span> <span class='ocrx_word' id='word_1_149' title='bbox 554 832 746 870; x_wconf 86' lang='lat' dir='ltr'>terminum</span> <span class='ocrx_word' id='word_1_150' title='bbox 768 832 946 870; x_wconf 86' lang='lat' dir='ltr'>meritide</span> <span class='ocrx_word' id='word_1_151' title='bbox 966 843 1157 878; x_wconf 81' lang='lat' dir='ltr'>congruo,</span> <span class='ocrx_word' id='word_1_152' title='bbox 1193 831 1217 867; x_wconf 82' lang='lat' dir='ltr'>fi</span> 
     </span>
     <span class='ocr_line' id='line_1_31' title="bbox 265 880 1215 925; baseline 0.003 -7"><span class='ocrx_word' id='word_1_153' title='bbox 265 893 341 921; x_wconf 85' lang='lat' dir='ltr'>non.</span> <span class='ocrx_word' id='word_1_154' title='bbox 359 880 444 918; x_wconf 79' lang='lat' dir='ltr'>effet</span> <span class='ocrx_word' id='word_1_155' title='bbox 465 883 560 919; x_wconf 73' lang='lat' dir='ltr'>obex</span> <span class='ocrx_word' id='word_1_156' title='bbox 575 897 589 925; x_wconf 78' lang='grc' dir='ltr'>;ι</span> <span class='ocrx_word' id='word_1_157' title='bbox 616 884 649 919; x_wconf 78' lang='grc'>8(</span> <span class='ocrx_word' id='word_1_158' title='bbox 677 884 764 920; x_wconf 84' lang='lat' dir='ltr'>licut</span> <span class='ocrx_word' id='word_1_159' title='bbox 785 885 818 920; x_wconf 88' lang='lat' dir='ltr'>in</span> <span class='ocrx_word' id='word_1_160' title='bbox 834 886 989 922; x_wconf 85' lang='lat' dir='ltr'>termino</span> <span class='ocrx_word' id='word_1_161' title='bbox 1011 884 1127 921; x_wconf 86' lang='lat' dir='ltr'>meriti</span> <span class='ocrx_word' id='word_1_162' title='bbox 1144 881 1215 921; x_wconf 68' lang='lat' dir='ltr'>de)</span> 
     </span>
     <span class='ocr_line' id='line_1_32' title="bbox 264 934 1216 981; baseline -0.002 -11"><span class='ocrx_word' id='word_1_163' title='bbox 264 944 431 978; x_wconf 84' lang='lat' dir='ltr'>congruo</span> <span class='ocrx_word' id='word_1_164' title='bbox 446 934 561 979; x_wconf 79' lang='lat' dir='ltr'>potest</span> <span class='ocrx_word' id='word_1_165' title='bbox 581 946 654 971; x_wconf 89' lang='lat' dir='ltr'>non</span> <span class='ocrx_word' id='word_1_166' title='bbox 666 935 795 971; x_wconf 85' lang='lat' dir='ltr'>babere</span> <span class='ocrx_word' id='word_1_167' title='bbox 812 934 899 970; x_wconf 88' lang='lat' dir='ltr'>illud</span> <span class='ocrx_word' id='word_1_168' title='bbox 913 961 926 978; x_wconf 90' lang='lat'>‚</span> <span class='ocrx_word' id='word_1_169' title='bbox 951 934 1051 981; x_wconf 84' lang='lat' dir='ltr'>quod</span> <span class='ocrx_word' id='word_1_170' title='bbox 1064 936 1192 969; x_wconf 88' lang='lat' dir='ltr'>meruit</span> <span class='ocrx_word' id='word_1_171' title='bbox 1203 959 1216 976; x_wconf 92' lang='lat'>‚</span> 
     </span>
     <span class='ocr_line' id='line_1_33' title="bbox 264 984 1217 1031; baseline 0 -12"><span class='ocrx_word' id='word_1_172' title='bbox 264 985 353 1031; x_wconf 82' lang='lat' dir='ltr'>quia</span> <span class='ocrx_word' id='word_1_173' title='bbox 379 985 481 1030; x_wconf 84' lang='lat' dir='ltr'>ponit</span> <span class='ocrx_word' id='word_1_174' title='bbox 510 986 652 1022; x_wconf 84' lang='lat' dir='ltr'>obicem</span> <span class='ocrx_word' id='word_1_175' title='bbox 677 999 690 1027; x_wconf 82' lang='lat'>3</span> <span class='ocrx_word' id='word_1_176' title='bbox 726 986 774 1025; x_wconf 85' lang='lat' dir='ltr'>ita</span> <span class='ocrx_word' id='word_1_177' title='bbox 791 984 842 1022; x_wconf 83' lang='lat' dir='ltr'>est</span> <span class='ocrx_word' id='word_1_178' title='bbox 868 985 1058 1022; x_wconf 83' lang='lat' dir='ltr'>verifimile</span> <span class='ocrx_word' id='word_1_179' title='bbox 1078 1012 1089 1026; x_wconf 90' lang='lat'><em>‚</em></span> <span class='ocrx_word' id='word_1_180' title='bbox 1117 984 1217 1020; x_wconf 80' lang='lat' dir='ltr'>hunc</span> 
     </span>
     <span class='ocr_line' id='line_1_34' title="bbox 264 1035 1218 1084; baseline 0 -13"><span class='ocrx_word' id='word_1_181' title='bbox 264 1047 337 1071; x_wconf 84' lang='lat' dir='ltr'>non</span> <span class='ocrx_word' id='word_1_182' title='bbox 356 1035 667 1081; x_wconf 77' lang='lat' dir='ltr'>consequuturum</span> <span class='ocrx_word' id='word_1_183' title='bbox 693 1037 809 1081; x_wconf 77' lang='lat' dir='ltr'>illud,</span> <span class='ocrx_word' id='word_1_184' title='bbox 837 1036 881 1072; x_wconf 84' lang='lat' dir='ltr'>ad</span> <span class='ocrx_word' id='word_1_185' title='bbox 894 1036 993 1084; x_wconf 84' lang='lat' dir='ltr'>quod</span> <span class='ocrx_word' id='word_1_186' title='bbox 1016 1036 1097 1072; x_wconf 82' lang='lat' dir='ltr'>talis</span> <span class='ocrx_word' id='word_1_187' title='bbox 1115 1035 1218 1071; x_wconf 67' lang='lat' dir='ltr'>aetus</span> 
     </span>
     <span class='ocr_line' id='line_1_35' title="bbox 263 1084 1218 1134; baseline 0.002 -14"><span class='ocrx_word' id='word_1_188' title='bbox 263 1084 419 1132; x_wconf 80' lang='lat' dir='ltr'>disponit</span> <span class='ocrx_word' id='word_1_189' title='bbox 436 1088 615 1123; x_wconf 82' lang='lat' dir='ltr'>meritorie</span> <span class='ocrx_word' id='word_1_190' title='bbox 632 1088 675 1122; x_wconf 83' lang='lat' dir='ltr'>de</span> <span class='ocrx_word' id='word_1_191' title='bbox 688 1099 879 1134; x_wconf 82' lang='lat' dir='ltr'>congruo;</span> <span class='ocrx_word' id='word_1_192' title='bbox 899 1088 961 1123; x_wconf 84' lang='lat' dir='ltr'>nifi</span> <span class='ocrx_word' id='word_1_193' title='bbox 976 1087 1164 1123; x_wconf 84' lang='lat' dir='ltr'>continuet</span> <span class='ocrx_word' id='word_1_194' title='bbox 1181 1088 1218 1122; x_wconf 86' lang='lat' dir='ltr'>in</span> 
     </span>
     <span class='ocr_line' id='line_1_36' title="bbox 261 1135 1216 1181; baseline 0.002 -11"><span class='ocrx_word' id='word_1_195' title='bbox 261 1136 329 1171; x_wconf 83' lang='lat' dir='ltr'>illo</span> <span class='ocrx_word' id='word_1_196' title='bbox 349 1135 493 1172; x_wconf 88' lang='lat' dir='ltr'>instanti</span> <span class='ocrx_word' id='word_1_197' title='bbox 509 1138 630 1174; x_wconf 68' lang='lat' dir='ltr'>aflnm</span> <span class='ocrx_word' id='word_1_198' title='bbox 653 1138 801 1173; x_wconf 84' lang='lat' dir='ltr'>fimilem</span> <span class='ocrx_word' id='word_1_199' title='bbox 815 1137 850 1172; x_wconf 87' lang='lat' dir='ltr'>in</span> <span class='ocrx_word' id='word_1_200' title='bbox 868 1147 994 1181; x_wconf 79' lang='lat' dir='ltr'>genere</span> <span class='ocrx_word' id='word_1_201' title='bbox 1010 1138 1118 1173; x_wconf 83' lang='lat' dir='ltr'>moris</span> <span class='ocrx_word' id='word_1_202' title='bbox 1133 1163 1142 1171; x_wconf 95' lang='lat'><strong><em>.</em></strong></span> <span class='ocrx_word' id='word_1_203' title='bbox 1173 1138 1216 1173; x_wconf 85' lang='lat' dir='ltr'>Et</span> 
     </span>
     <span class='ocr_line' id='line_1_37' title="bbox 262 1185 1217 1234; baseline 0.003 -14"><span class='ocrx_word' id='word_1_204' title='bbox 262 1185 346 1225; x_wconf 75' lang='lat' dir='ltr'>ideo,</span> <span class='ocrx_word' id='word_1_205' title='bbox 361 1188 477 1232; x_wconf 86' lang='lat' dir='ltr'>prima</span> <span class='ocrx_word' id='word_1_206' title='bbox 495 1190 551 1223; x_wconf 85' lang='lat' dir='ltr'>via</span> <span class='ocrx_word' id='word_1_207' title='bbox 579 1188 724 1224; x_wconf 86' lang='lat' dir='ltr'>videtur</span> <span class='ocrx_word' id='word_1_208' title='bbox 741 1187 989 1223; x_wconf 81' lang='lat' dir='ltr'>rationabilior</span> <span class='ocrx_word' id='word_1_209' title='bbox 1005 1210 1018 1229; x_wconf 91' lang='lat'>‚</span> <span class='ocrx_word' id='word_1_210' title='bbox 1059 1199 1217 1234; x_wconf 51' lang='lat' dir='ltr'>nempL,</span> 
     </span>
     <span class='ocr_line' id='line_1_38' title="bbox 260 1236 1216 1285; baseline -0.001 -11"><span class='ocrx_word' id='word_1_211' title='bbox 260 1248 327 1285; x_wconf 74' lang='lat' dir='ltr'>pet·</span> <span class='ocrx_word' id='word_1_212' title='bbox 343 1236 463 1273; x_wconf 61' lang='lat' dir='ltr'>achim</span> <span class='ocrx_word' id='word_1_213' title='bbox 475 1238 691 1284; x_wconf 79' lang='lat' dir='ltr'>poenitentiae</span> <span class='ocrx_word' id='word_1_214' title='bbox 710 1237 899 1274; x_wconf 87' lang='lat' dir='ltr'>informem</span> <span class='ocrx_word' id='word_1_215' title='bbox 912 1265 924 1280; x_wconf 82' lang='grc'>,</span> <span class='ocrx_word' id='word_1_216' title='bbox 935 1236 993 1273; x_wconf 75' lang='lat' dir='ltr'>fed</span> <span class='ocrx_word' id='word_1_217' title='bbox 1006 1238 1109 1283; x_wconf 87' lang='lat' dir='ltr'>plene</span> <span class='ocrx_word' id='word_1_218' title='bbox 1126 1262 1135 1279; x_wconf 92' lang='lat'><strong>,</strong></span> <span class='ocrx_word' id='word_1_219' title='bbox 1158 1238 1216 1274; x_wconf 86' lang='lat' dir='ltr'>vei</span> 
     </span>
     <span class='ocr_line' id='line_1_39' title="bbox 263 1286 1213 1333; baseline 0.001 -10"><span class='ocrx_word' id='word_1_220' title='bbox 263 1288 460 1331; x_wconf 74' lang='lat' dir='ltr'>semiplene</span> <span class='ocrx_word' id='word_1_221' title='bbox 473 1286 871 1326; x_wconf 84' lang='lat' dir='ltr'>circumstantionatum</span> <span class='ocrx_word' id='word_1_222' title='bbox 887 1289 921 1324; x_wconf 90' lang='lat' dir='ltr'>in</span> <span class='ocrx_word' id='word_1_223' title='bbox 936 1299 1068 1333; x_wconf 80' lang='lat' dir='ltr'>genere</span> <span class='ocrx_word' id='word_1_224' title='bbox 1083 1289 1213 1331; x_wconf 83' lang='lat' dir='ltr'>moris,</span> 
     </span>
     <span class='ocr_line' id='line_1_40' title="bbox 260 1337 1215 1387; baseline 0.001 -13"><span class='ocrx_word' id='word_1_225' title='bbox 260 1338 373 1377; x_wconf 80' lang='lat' dir='ltr'>deleri</span> <span class='ocrx_word' id='word_1_226' title='bbox 403 1348 621 1385; x_wconf 81' lang='lat' dir='ltr'>peccatum,</span> <span class='ocrx_word' id='word_1_227' title='bbox 660 1349 702 1374; x_wconf 84' lang='lat' dir='ltr'>ut</span> <span class='ocrx_word' id='word_1_228' title='bbox 729 1351 791 1387; x_wconf 87' lang='lat' dir='ltr'>per</span> <span class='ocrx_word' id='word_1_229' title='bbox 819 1337 1085 1387; x_wconf 81' lang='lat' dir='ltr'>dil&#39;pofitionem</span> <span class='ocrx_word' id='word_1_230' title='bbox 1126 1351 1215 1387; x_wconf 79' lang='lat' dir='ltr'>prae·</span> 
     </span>
     <span class='ocr_line' id='line_1_41' title="bbox 261 1389 1215 1437; baseline 0.002 -14"><span class='ocrx_word' id='word_1_231' title='bbox 261 1389 358 1424; x_wconf 83' lang='lat' dir='ltr'>viam</span> <span class='ocrx_word' id='word_1_232' title='bbox 378 1404 399 1428; x_wconf 44' lang='lat'>‚⁷</span> <span class='ocrx_word' id='word_1_233' title='bbox 419 1389 452 1423; x_wconf 83' lang='grc'>8(</span> <span class='ocrx_word' id='word_1_234' title='bbox 474 1391 648 1429; x_wconf 63' lang='lat' dir='ltr'>meritumv</span> <span class='ocrx_word' id='word_1_235' title='bbox 658 1389 701 1425; x_wconf 87' lang='lat' dir='ltr'>de</span> <span class='ocrx_word' id='word_1_236' title='bbox 714 1401 878 1436; x_wconf 84' lang='lat' dir='ltr'>congruo</span> <span class='ocrx_word' id='word_1_237' title='bbox 897 1403 907 1431; x_wconf 86' lang='lat'>3</span> <span class='ocrx_word' id='word_1_238' title='bbox 937 1402 1000 1437; x_wconf 88' lang='lat' dir='ltr'>per</span> <span class='ocrx_word' id='word_1_239' title='bbox 1012 1389 1131 1425; x_wconf 60' lang='lat' dir='ltr'>afflum</span> <span class='ocrx_word' id='word_1_240' title='bbox 1149 1401 1215 1425; x_wconf 85' lang='lat' dir='ltr'>au-</span> 
     </span>
     <span class='ocr_line' id='line_1_42' title="bbox 261 1439 1214 1488; baseline 0.002 -14"><span class='ocrx_word' id='word_1_241' title='bbox 261 1448 334 1475; x_wconf 79' lang='lat' dir='ltr'>tem</span> <span class='ocrx_word' id='word_1_242' title='bbox 353 1440 571 1485; x_wconf 76' lang='lat' dir='ltr'>poenitemtae</span> <span class='ocrx_word' id='word_1_243' title='bbox 590 1465 603 1482; x_wconf 91' lang='lat'>‚</span> <span class='ocrx_word' id='word_1_244' title='bbox 630 1440 696 1488; x_wconf 90' lang='lat' dir='ltr'>qui</span> <span class='ocrx_word' id='word_1_245' title='bbox 713 1439 760 1476; x_wconf 88' lang='lat' dir='ltr'>est</span> <span class='ocrx_word' id='word_1_246' title='bbox 780 1440 955 1476; x_wconf 84' lang='lat' dir='ltr'>formatus</span> <span class='ocrx_word' id='word_1_247' title='bbox 974 1467 982 1481; x_wconf 86' lang='lat'>‚</span> <span class='ocrx_word' id='word_1_248' title='bbox 1011 1440 1045 1475; x_wconf 86' lang='grc'>8(</span> <span class='ocrx_word' id='word_1_249' title='bbox 1075 1439 1214 1476; x_wconf 85' lang='lat' dir='ltr'>dicitur</span> 
     </span>
     <span class='ocr_line' id='line_1_43' title="bbox 261 1489 1215 1539; baseline -0.002 -14"><span class='ocrx_word' id='word_1_250' title='bbox 261 1489 438 1526; x_wconf 86' lang='lat' dir='ltr'>contritio</span> <span class='ocrx_word' id='word_1_251' title='bbox 456 1516 468 1532; x_wconf 95' lang='lat'>‚</span> <span class='ocrx_word' id='word_1_252' title='bbox 496 1489 665 1537; x_wconf 78' lang='lat' dir='ltr'>deletur,</span> <span class='ocrx_word' id='word_1_253' title='bbox 691 1501 731 1528; x_wconf 87' lang='lat' dir='ltr'>ut</span> <span class='ocrx_word' id='word_1_254' title='bbox 748 1501 811 1539; x_wconf 86' lang='lat' dir='ltr'>per</span> <span class='ocrx_word' id='word_1_255' title='bbox 825 1489 945 1527; x_wconf 58' lang='lat' dir='ltr'>aetum</span> <span class='ocrx_word' id='word_1_256' title='bbox 969 1491 1215 1530; x_wconf 47' lang='lat' dir='ltr'>concomitata!</span> 
     </span>
     <span class='ocr_line' id='line_1_44' title="bbox 260 1549 360 1579; baseline 0.02 -4"><span class='ocrx_word' id='word_1_257' title='bbox 260 1549 334 1577; x_wconf 89' lang='lat' dir='ltr'>tem</span> <span class='ocrx_word' id='word_1_258' title='bbox 348 1566 360 1579; x_wconf 53' lang='lat'>2</span> 
     </span>
    </p>

    <p class='ocr_par' dir='ltr' id='par_1_15' title="bbox 248 1590 1212 2196">
     <span class='ocr_line' id='line_1_45' title="bbox 364 1590 1211 1641; baseline -0.001 -11"><span class='ocrx_word' id='word_1_259' title='bbox 364 1593 409 1630; x_wconf 86' lang='lat' dir='ltr'>Et</span> <span class='ocrx_word' id='word_1_260' title='bbox 422 1603 504 1630; x_wconf 89' lang='lat' dir='ltr'>cum</span> <span class='ocrx_word' id='word_1_261' title='bbox 516 1595 682 1641; x_wconf 80' lang='lat' dir='ltr'>arguitur</span> <span class='ocrx_word' id='word_1_262' title='bbox 696 1621 707 1637; x_wconf 85' lang='lat'><strong>,</strong></span> <span class='ocrx_word' id='word_1_263' title='bbox 731 1594 903 1631; x_wconf 75' lang='lat' dir='ltr'>contritio</span> <span class='ocrx_word' id='word_1_264' title='bbox 918 1604 958 1629; x_wconf 75' lang='lat' dir='ltr'>ur</span> <span class='ocrx_word' id='word_1_265' title='bbox 972 1593 1146 1629; x_wconf 84' lang='lat' dir='ltr'>contritio</span> <span class='ocrx_word' id='word_1_266' title='bbox 1162 1590 1211 1629; x_wconf 74' lang='lat' dir='ltr'>se.</span> 
     </span>
     <span class='ocr_line' id='line_1_46' title="bbox 262 1643 1211 1691; baseline -0.002 -11"><span class='ocrx_word' id='word_1_267' title='bbox 262 1643 396 1690; x_wconf 84' lang='lat' dir='ltr'>quitur-</span> <span class='ocrx_word' id='word_1_268' title='bbox 430 1645 548 1691; x_wconf 68' lang='lat' dir='ltr'>culrae</span> <span class='ocrx_word' id='word_1_269' title='bbox 577 1645 791 1681; x_wconf 72' lang='lat' dir='ltr'>deletionem</span> <span class='ocrx_word' id='word_1_270' title='bbox 812 1643 1031 1691; x_wconf 67' lang='lat' dir='ltr'>Responsio:</span> <span class='ocrx_word' id='word_1_271' title='bbox 1070 1643 1211 1686; x_wconf 67' lang='lat' dir='ltr'>Aaus,</span> 
     </span>
     <span class='ocr_line' id='line_1_47' title="bbox 258 1693 1212 1742; baseline 0.003 -15"><span class='ocrx_word' id='word_1_272' title='bbox 258 1696 322 1742; x_wconf 89' lang='lat' dir='ltr'>qni</span> <span class='ocrx_word' id='word_1_273' title='bbox 339 1693 388 1730; x_wconf 87' lang='lat' dir='ltr'>est</span> <span class='ocrx_word' id='word_1_274' title='bbox 401 1695 589 1739; x_wconf 82' lang='lat' dir='ltr'>contritio,</span> <span class='ocrx_word' id='word_1_275' title='bbox 604 1693 637 1729; x_wconf 87' lang='lat' dir='ltr'>in</span> <span class='ocrx_word' id='word_1_276' title='bbox 650 1696 772 1732; x_wconf 88' lang='lat' dir='ltr'>eodem</span> <span class='ocrx_word' id='word_1_277' title='bbox 787 1693 928 1731; x_wconf 81' lang='lat' dir='ltr'>instanti</span> <span class='ocrx_word' id='word_1_278' title='bbox 942 1694 1112 1738; x_wconf 79' lang='lat' dir='ltr'>temporis</span> <span class='ocrx_word' id='word_1_279' title='bbox 1125 1706 1212 1739; x_wconf 76' lang='lat' dir='ltr'>pra:-</span> 
     </span>
     <span class='ocr_line' id='line_1_48' title="bbox 258 1743 1211 1786; baseline -0.001 -6"><span class='ocrx_word' id='word_1_280' title='bbox 258 1745 355 1780; x_wconf 81' lang='lat' dir='ltr'>cedit</span> <span class='ocrx_word' id='word_1_281' title='bbox 370 1756 496 1780; x_wconf 76' lang='lat' dir='ltr'>natura</span> <span class='ocrx_word' id='word_1_282' title='bbox 520 1745 733 1782; x_wconf 75' lang='lat' dir='ltr'>deletionem</span> <span class='ocrx_word' id='word_1_283' title='bbox 751 1772 760 1786; x_wconf 92' lang='lat'><em>,</em></span> <span class='ocrx_word' id='word_1_284' title='bbox 776 1746 857 1780; x_wconf 81' lang='lat' dir='ltr'>licet</span> <span class='ocrx_word' id='word_1_285' title='bbox 875 1755 913 1779; x_wconf 90' lang='lat' dir='ltr'>ut</span> <span class='ocrx_word' id='word_1_286' title='bbox 927 1745 1098 1781; x_wconf 82' lang='lat' dir='ltr'>contritio</span> <span class='ocrx_word' id='word_1_287' title='bbox 1115 1769 1125 1784; x_wconf 94' lang='lat'><em>,</em></span> <span class='ocrx_word' id='word_1_288' title='bbox 1141 1743 1211 1779; x_wconf 82' lang='lat' dir='ltr'>boc</span> 
     </span>
     <span class='ocr_line' id='line_1_49' title="bbox 258 1793 1209 1842; baseline -0.001 -11"><span class='ocrx_word' id='word_1_289' title='bbox 258 1794 307 1831; x_wconf 86' lang='lat' dir='ltr'>est</span> <span class='ocrx_word' id='word_1_290' title='bbox 325 1822 333 1836; x_wconf 93' lang='lat'>,</span> <span class='ocrx_word' id='word_1_291' title='bbox 366 1805 404 1829; x_wconf 87' lang='lat' dir='ltr'>ut</span> <span class='ocrx_word' id='word_1_292' title='bbox 430 1794 605 1831; x_wconf 68' lang='lat' dir='ltr'>foi-matrs</span> <span class='ocrx_word' id='word_1_293' title='bbox 625 1824 633 1834; x_wconf 70' lang='grc'>,</span> <span class='ocrx_word' id='word_1_294' title='bbox 672 1795 844 1842; x_wconf 81' lang='lat' dir='ltr'>sequatur</span> <span class='ocrx_word' id='word_1_295' title='bbox 868 1793 1091 1833; x_wconf 75' lang='lat' dir='ltr'>deletionem,</span> <span class='ocrx_word' id='word_1_296' title='bbox 1115 1793 1209 1830; x_wconf 86' lang='lat' dir='ltr'>ordi-.</span> 
     </span>
     <span class='ocr_line' id='line_1_50' title="bbox 258 1842 1208 1887; baseline -0.004 -5"><span class='ocrx_word' id='word_1_297' title='bbox 258 1858 302 1882; x_wconf 82' lang='lat' dir='ltr'>ne</span> <span class='ocrx_word' id='word_1_298' title='bbox 319 1855 485 1887; x_wconf 80' lang='lat' dir='ltr'>naturae3</span> <span class='ocrx_word' id='word_1_299' title='bbox 524 1846 554 1881; x_wconf 69' lang='lat'>8&lt;</span> <span class='ocrx_word' id='word_1_300' title='bbox 574 1846 619 1882; x_wconf 87' lang='lat' dir='ltr'>fic</span> <span class='ocrx_word' id='word_1_301' title='bbox 634 1847 682 1883; x_wconf 90' lang='lat' dir='ltr'>est</span> <span class='ocrx_word' id='word_1_302' title='bbox 708 1844 973 1881; x_wconf 74' lang='lat' dir='ltr'>concedentium</span> <span class='ocrx_word' id='word_1_303' title='bbox 1003 1870 1013 1886; x_wconf 90' lang='lat'>‚</span> <span class='ocrx_word' id='word_1_304' title='bbox 1050 1845 1084 1878; x_wconf 90' lang='lat' dir='ltr'>in</span> <span class='ocrx_word' id='word_1_305' title='bbox 1109 1842 1208 1878; x_wconf 85' lang='lat' dir='ltr'>sensu</span> 
     </span>
     <span class='ocr_line' id='line_1_51' title="bbox 257 1894 1208 1943; baseline 0 -13"><span class='ocrx_word' id='word_1_306' title='bbox 257 1895 441 1931; x_wconf 83' lang='lat' dir='ltr'>divifionis</span> <span class='ocrx_word' id='word_1_307' title='bbox 457 1922 467 1937; x_wconf 92' lang='lat'>,</span> <span class='ocrx_word' id='word_1_308' title='bbox 500 1908 564 1943; x_wconf 78' lang='lat' dir='ltr'>per</span> <span class='ocrx_word' id='word_1_309' title='bbox 581 1897 697 1932; x_wconf 60' lang='lat' dir='ltr'>aetum</span> <span class='ocrx_word' id='word_1_310' title='bbox 716 1924 726 1938; x_wconf 95' lang='lat'><strong>‚</strong></span> <span class='ocrx_word' id='word_1_311' title='bbox 751 1895 815 1938; x_wconf 77' lang='lat' dir='ltr'>nui</span> <span class='ocrx_word' id='word_1_312' title='bbox 837 1895 886 1931; x_wconf 81' lang='lat' dir='ltr'>est</span> <span class='ocrx_word' id='word_1_313' title='bbox 903 1895 1073 1930; x_wconf 81' lang='lat' dir='ltr'>contritio</span> <span class='ocrx_word' id='word_1_314' title='bbox 1097 1894 1208 1929; x_wconf 58' lang='lat' dir='ltr'>deleri</span> 
     </span>
     <span class='ocr_line' id='line_1_52' title="bbox 258 1945 1210 1994; baseline -0.001 -13"><span class='ocrx_word' id='word_1_315' title='bbox 258 1957 450 1993; x_wconf 86' lang='lat' dir='ltr'>peccatum</span> <span class='ocrx_word' id='word_1_316' title='bbox 475 1958 513 1983; x_wconf 86' lang='lat' dir='ltr'>ut</span> <span class='ocrx_word' id='word_1_317' title='bbox 530 1959 592 1993; x_wconf 85' lang='lat' dir='ltr'>per</span> <span class='ocrx_word' id='word_1_318' title='bbox 619 1947 882 1994; x_wconf 81' lang='lat' dir='ltr'>dispolitionem</span> <span class='ocrx_word' id='word_1_319' title='bbox 911 1946 1061 1981; x_wconf 84' lang='lat' dir='ltr'>omnino</span> <span class='ocrx_word' id='word_1_320' title='bbox 1085 1945 1210 1989; x_wconf 69' lang='lat' dir='ltr'>proxi-</span> 
     </span>
     <span class='ocr_line' id='line_1_53' title="bbox 256 1996 1207 2038; baseline -0.003 -4"><span class='ocrx_word' id='word_1_321' title='bbox 256 2009 379 2038; x_wconf 81' lang='lat' dir='ltr'>mam3</span> <span class='ocrx_word' id='word_1_322' title='bbox 408 2009 471 2034; x_wconf 83' lang='lat' dir='ltr'>nec</span> <span class='ocrx_word' id='word_1_323' title='bbox 493 1997 541 2033; x_wconf 87' lang='lat' dir='ltr'>est</span> <span class='ocrx_word' id='word_1_324' title='bbox 568 1998 824 2034; x_wconf 58' lang='lat' dir='ltr'>inconveniens</span> <span class='ocrx_word' id='word_1_325' title='bbox 842 2025 850 2036; x_wconf 77' lang='lat'><em>.</em></span> <span class='ocrx_word' id='word_1_326' title='bbox 891 1997 962 2033; x_wconf 83' lang='lat' dir='ltr'>imo</span> <span class='ocrx_word' id='word_1_327' title='bbox 985 1996 1207 2031; x_wconf 68' lang='lat' dir='ltr'>conveniens</span> 
     </span>
     <span class='ocr_line' id='line_1_54' title="bbox 257 2046 1209 2094; baseline -0.001 -11"><span class='ocrx_word' id='word_1_328' title='bbox 257 2049 416 2094; x_wconf 76' lang='lat' dir='ltr'>apprime</span> <span class='ocrx_word' id='word_1_329' title='bbox 431 2047 480 2085; x_wconf 86' lang='lat' dir='ltr'>est</span> <span class='ocrx_word' id='word_1_330' title='bbox 497 2075 507 2089; x_wconf 91' lang='lat'>‚</span> <span class='ocrx_word' id='word_1_331' title='bbox 523 2048 788 2086; x_wconf 72' lang='lat' dir='ltr'>dispositionem</span> <span class='ocrx_word' id='word_1_332' title='bbox 807 2050 1008 2094; x_wconf 60' lang='lat' dir='ltr'>proximam</span> <span class='ocrx_word' id='word_1_333' title='bbox 1021 2046 1088 2082; x_wconf 79' lang='lat' dir='ltr'>esl‘e</span> <span class='ocrx_word' id='word_1_334' title='bbox 1106 2046 1209 2082; x_wconf 67' lang='lat' dir='ltr'>firmil</span> 
     </span>
     <span class='ocr_line' id='line_1_55' title="bbox 256 2097 1208 2152; baseline -0.001 -18"><span class='ocrx_word' id='word_1_335' title='bbox 256 2110 339 2134; x_wconf 83' lang='lat' dir='ltr'>cum</span> <span class='ocrx_word' id='word_1_336' title='bbox 359 2098 469 2134; x_wconf 76' lang='lat' dir='ltr'>forma</span> <span class='ocrx_word' id='word_1_337' title='bbox 489 2125 499 2139; x_wconf 80' lang='grc'><em>,</em></span> <span class='ocrx_word' id='word_1_338' title='bbox 531 2099 574 2136; x_wconf 78' lang='lat' dir='ltr'>ad</span> <span class='ocrx_word' id='word_1_339' title='bbox 590 2111 699 2149; x_wconf 87' lang='lat' dir='ltr'>quam</span> <span class='ocrx_word' id='word_1_340' title='bbox 713 2099 868 2152; x_wconf 81' lang='lat' dir='ltr'>disponit</span> <span class='ocrx_word' id='word_1_341' title='bbox 885 2126 895 2136; x_wconf 89' lang='lat'><strong>.</strong></span> <span class='ocrx_word' id='word_1_342' title='bbox 920 2099 1106 2135; x_wconf 58' lang='lat' dir='ltr'>Haeienus</span> <span class='ocrx_word' id='word_1_343' title='bbox 1121 2097 1208 2133; x_wconf 88' lang='lat' dir='ltr'>Ma·</span> 
     </span>
     <span class='ocr_line' id='line_1_56' title="bbox 248 2149 917 2196; baseline 0.003 -13"><span class='ocrx_word' id='word_1_344' title='bbox 248 2150 364 2196; x_wconf 77' lang='lat' dir='ltr'>gister</span> <span class='ocrx_word' id='word_1_345' title='bbox 381 2149 507 2184; x_wconf 70' lang='lat' dir='ltr'>scotus</span> <span class='ocrx_word' id='word_1_346' title='bbox 522 2174 531 2184; x_wconf 88' lang='lat'><em>.</em></span> <span class='ocrx_word' id='word_1_347' title='bbox 915 2181 917 2185; x_wconf 87' lang='lat'><em>.</em></span> 
     </span>
    </p>

    <p class='ocr_par' dir='ltr' id='par_1_16' title="bbox 253 2201 1211 3449">
     <span class='ocr_line' id='line_1_57' title="bbox 359 2201 1209 2249; baseline -0.002 -13"><span class='ocrx_word' id='word_1_348' title='bbox 359 2225 385 2240; x_wconf 83' lang='grc'>,,</span> <span class='ocrx_word' id='word_1_349' title='bbox 413 2201 531 2236; x_wconf 77' lang='lat' dir='ltr'>Docet</span> <span class='ocrx_word' id='word_1_350' title='bbox 553 2201 676 2247; x_wconf 82' lang='lat' dir='ltr'>itaque</span> <span class='ocrx_word' id='word_1_351' title='bbox 694 2201 834 2241; x_wconf 67' lang='lat' dir='ltr'>Doe&#39;ior</span> <span class='ocrx_word' id='word_1_352' title='bbox 849 2228 858 2241; x_wconf 87' lang='lat'><strong>‚</strong></span> <span class='ocrx_word' id='word_1_353' title='bbox 887 2203 996 2249; x_wconf 87' lang='lat' dir='ltr'>eique</span> <span class='ocrx_word' id='word_1_354' title='bbox 1009 2201 1209 2247; x_wconf 75' lang='lat' dir='ltr'>adstipula-</span> 
     </span>
     <span class='ocr_line' id='line_1_58' title="bbox 255 2248 1209 2298; baseline 0.008 -15"><span class='ocrx_word' id='word_1_355' title='bbox 255 2275 284 2293; x_wconf 84' lang='lat'>‚,</span> <span class='ocrx_word' id='word_1_356' title='bbox 314 2249 341 2284; x_wconf 90' lang='lat' dir='ltr'>ri</span> <span class='ocrx_word' id='word_1_357' title='bbox 359 2248 500 2285; x_wconf 79' lang='lat' dir='ltr'>videtur</span> <span class='ocrx_word' id='word_1_358' title='bbox 515 2251 772 2288; x_wconf 67' lang='lat' dir='ltr'>Tridentinum</span> <span class='ocrx_word' id='word_1_359' title='bbox 788 2252 862 2288; x_wconf 77' lang='lat' dir='ltr'>seii&#39;.</span> <span class='ocrx_word' id='word_1_360' title='bbox 875 2254 910 2290; x_wconf 90' lang='lat'>6.</span> <span class='ocrx_word' id='word_1_361' title='bbox 930 2266 1007 2298; x_wconf 80' lang='lat' dir='ltr'>cap·</span> <span class='ocrx_word' id='word_1_362' title='bbox 1027 2263 1064 2297; x_wconf 82' lang='lat'>&#39;7-</span> <span class='ocrx_word' id='word_1_363' title='bbox 1076 2279 1085 2293; x_wconf 86' lang='lat'><strong>‚</strong></span> <span class='ocrx_word' id='word_1_364' title='bbox 1100 2262 1209 2290; x_wconf 55' lang='lat'><strong>000*-</strong></span> 
     </span>
     <span class='ocr_line' id='line_1_59' title="bbox 255 2300 1210 2349; baseline 0 -15"><span class='ocrx_word' id='word_1_365' title='bbox 255 2322 283 2344; x_wconf 84' lang='lat'>,‚</span> <span class='ocrx_word' id='word_1_366' title='bbox 310 2310 384 2335; x_wconf 85' lang='lat' dir='ltr'>tere</span> <span class='ocrx_word' id='word_1_367' title='bbox 405 2300 588 2337; x_wconf 80' lang='lat' dir='ltr'>bominem</span> <span class='ocrx_word' id='word_1_368' title='bbox 617 2302 817 2349; x_wconf 62' lang='lat' dir='ltr'>subjeetum</span> <span class='ocrx_word' id='word_1_369' title='bbox 838 2304 995 2344; x_wconf 76' lang='lat' dir='ltr'>peccatis</span> <span class='ocrx_word' id='word_1_370' title='bbox 1016 2303 1058 2336; x_wconf 86' lang='lat' dir='ltr'>de</span> <span class='ocrx_word' id='word_1_371' title='bbox 1074 2301 1210 2336; x_wconf 87' lang='lat' dir='ltr'>auxilio</span> 
     </span>
     <span class='ocr_line' id='line_1_60' title="bbox 255 2349 1210 2397; baseline 0 -13"><span class='ocrx_word' id='word_1_372' title='bbox 255 2377 283 2394; x_wconf 91' lang='lat'>‚,</span> <span class='ocrx_word' id='word_1_373' title='bbox 314 2351 382 2385; x_wconf 87' lang='lat' dir='ltr'>Dei</span> <span class='ocrx_word' id='word_1_374' title='bbox 412 2351 604 2386; x_wconf 78' lang='lat' dir='ltr'>excitantis</span> <span class='ocrx_word' id='word_1_375' title='bbox 618 2379 628 2393; x_wconf 95' lang='lat'>‚</span> <span class='ocrx_word' id='word_1_376' title='bbox 668 2352 850 2388; x_wconf 79' lang='lat' dir='ltr'>moventis</span> <span class='ocrx_word' id='word_1_377' title='bbox 868 2381 875 2393; x_wconf 88' lang='lat'><em>,</em></span> <span class='ocrx_word' id='word_1_378' title='bbox 908 2353 942 2389; x_wconf 72' lang='lat'>8&lt;</span> <span class='ocrx_word' id='word_1_379' title='bbox 973 2349 1183 2397; x_wconf 78' lang='lat' dir='ltr'>adjuvantis</span> <span class='ocrx_word' id='word_1_380' title='bbox 1198 2375 1210 2391; x_wconf 94' lang='lat'>‚</span> 
     </span>
     <span class='ocr_line' id='line_1_61' title="bbox 256 2401 1207 2448; baseline 0 -13"><span class='ocrx_word' id='word_1_381' title='bbox 256 2427 285 2443; x_wconf 86' lang='lat'>‚‚</span> <span class='ocrx_word' id='word_1_382' title='bbox 314 2413 378 2444; x_wconf 81' lang='lat' dir='ltr'>per</span> <span class='ocrx_word' id='word_1_383' title='bbox 392 2401 642 2439; x_wconf 82' lang='lat' dir='ltr'>motumliberi</span> <span class='ocrx_word' id='word_1_384' title='bbox 666 2401 808 2439; x_wconf 82' lang='lat' dir='ltr'>arbitrii</span> <span class='ocrx_word' id='word_1_385' title='bbox 833 2401 1015 2448; x_wconf 80' lang='lat' dir='ltr'>insurgere</span> <span class='ocrx_word' id='word_1_386' title='bbox 1042 2402 1077 2435; x_wconf 83' lang='lat' dir='ltr'>in</span> <span class='ocrx_word' id='word_1_387' title='bbox 1107 2401 1207 2436; x_wconf 86' lang='lat' dir='ltr'>dete-</span> 
     </span>
     <span class='ocr_line' id='line_1_62' title="bbox 256 2450 1209 2501; baseline 0.007 -16"><span class='ocrx_word' id='word_1_388' title='bbox 256 2477 286 2493; x_wconf 87' lang='lat'><strong>„</strong></span> <span class='ocrx_word' id='word_1_389' title='bbox 313 2451 500 2490; x_wconf 83' lang='lat' dir='ltr'>stationem</span> <span class='ocrx_word' id='word_1_390' title='bbox 514 2463 744 2501; x_wconf 73' lang='lat' dir='ltr'>peccatorum</span> <span class='ocrx_word' id='word_1_391' title='bbox 761 2478 769 2490; x_wconf 79' lang='grc'>,</span> <span class='ocrx_word' id='word_1_392' title='bbox 796 2452 830 2487; x_wconf 79' lang='lat' dir='ltr'>in</span> <span class='ocrx_word' id='word_1_393' title='bbox 844 2465 926 2498; x_wconf 75' lang='lat' dir='ltr'>quae</span> <span class='ocrx_word' id='word_1_394' title='bbox 942 2450 1110 2497; x_wconf 75' lang='lat' dir='ltr'>lapsusest</span> <span class='ocrx_word' id='word_1_395' title='bbox 1127 2463 1209 2492; x_wconf 68' lang='lat' dir='ltr'>,ea-</span> 
     </span>
     <span class='ocr_line' id='line_1_63' title="bbox 256 2501 1209 2552; baseline 0 -17"><span class='ocrx_word' id='word_1_396' title='bbox 256 2527 284 2544; x_wconf 82' lang='grc'>,,</span> <span class='ocrx_word' id='word_1_397' title='bbox 313 2514 384 2548; x_wconf 85' lang='lat' dir='ltr'>que</span> <span class='ocrx_word' id='word_1_398' title='bbox 398 2504 556 2537; x_wconf 79' lang='lat' dir='ltr'>execrari</span> <span class='ocrx_word' id='word_1_399' title='bbox 573 2515 682 2552; x_wconf 84' lang='lat' dir='ltr'>atque</span> <span class='ocrx_word' id='word_1_400' title='bbox 696 2501 807 2542; x_wconf 77' lang='lat' dir='ltr'>odifl&#39;e</span> <span class='ocrx_word' id='word_1_401' title='bbox 821 2528 831 2543; x_wconf 84' lang='lat'>,</span> <span class='ocrx_word' id='word_1_402' title='bbox 859 2503 892 2540; x_wconf 79' lang='lat'>&amp;</span> <span class='ocrx_word' id='word_1_403' title='bbox 910 2505 1083 2547; x_wconf 76' lang='lat' dir='ltr'>poenitere</span> <span class='ocrx_word' id='word_1_404' title='bbox 1106 2501 1209 2537; x_wconf 81' lang='lat' dir='ltr'>deni-</span> 
     </span>
     <span class='ocr_line' id='line_1_64' title="bbox 256 2550 1207 2603; baseline 0.002 -16"><span class='ocrx_word' id='word_1_405' title='bbox 256 2575 286 2594; x_wconf 80' lang='lat'>„</span> <span class='ocrx_word' id='word_1_406' title='bbox 313 2564 385 2587; x_wconf 86' lang='lat' dir='ltr'>nue</span> <span class='ocrx_word' id='word_1_407' title='bbox 414 2550 747 2597; x_wconf 69' lang='lat' dir='ltr'>ejusmodiabluum</span> <span class='ocrx_word' id='word_1_408' title='bbox 781 2565 1007 2603; x_wconf 80' lang='lat' dir='ltr'>pravorum3</span> <span class='ocrx_word' id='word_1_409' title='bbox 1036 2551 1137 2599; x_wconf 87' lang='lat' dir='ltr'>quod</span> <span class='ocrx_word' id='word_1_410' title='bbox 1159 2562 1207 2589; x_wconf 61' lang='lat' dir='ltr'>aa</span> 
     </span>
     <span class='ocr_line' id='line_1_65' title="bbox 258 2602 1207 2653; baseline -0.004 -10"><span class='ocrx_word' id='word_1_411' title='bbox 258 2628 284 2644; x_wconf 63' lang='lat'>‚2</span> <span class='ocrx_word' id='word_1_412' title='bbox 317 2605 394 2639; x_wconf 85' lang='lat' dir='ltr'>Deo</span> <span class='ocrx_word' id='word_1_413' title='bbox 415 2602 549 2640; x_wconf 84' lang='lat' dir='ltr'>summe</span> <span class='ocrx_word' id='word_1_414' title='bbox 579 2604 745 2653; x_wconf 74' lang='lat' dir='ltr'>diligibili</span> <span class='ocrx_word' id='word_1_415' title='bbox 768 2605 986 2645; x_wconf 78' lang='lat' dir='ltr'>averterint,</span> <span class='ocrx_word' id='word_1_416' title='bbox 1016 2602 1207 2653; x_wconf 85' lang='lat' dir='ltr'>injuriam·</span> 
     </span>
     <span class='ocr_line' id='line_1_66' title="bbox 258 2653 1207 2701; baseline 0.004 -14"><span class='ocrx_word' id='word_1_417' title='bbox 258 2678 287 2695; x_wconf 90' lang='lat'>„</span> <span class='ocrx_word' id='word_1_418' title='bbox 314 2653 672 2701; x_wconf 85' lang='lat' dir='ltr'>qneilliintuletint‚</span> <span class='ocrx_word' id='word_1_419' title='bbox 694 2667 735 2692; x_wconf 83' lang='lat' dir='ltr'>ut</span> <span class='ocrx_word' id='word_1_420' title='bbox 757 2655 899 2692; x_wconf 84' lang='lat' dir='ltr'>veniam</span> <span class='ocrx_word' id='word_1_421' title='bbox 925 2666 1051 2690; x_wconf 84' lang='lat' dir='ltr'>eorum</span> <span class='ocrx_word' id='word_1_422' title='bbox 1077 2666 1096 2688; x_wconf 91' lang='lat' dir='ltr'>a</span> <span class='ocrx_word' id='word_1_423' title='bbox 1129 2656 1207 2691; x_wconf 90' lang='lat' dir='ltr'>Deo</span> 
     </span>
     <span class='ocr_line' id='line_1_67' title="bbox 255 2703 1204 2752; baseline 0.005 -16"><span class='ocrx_word' id='word_1_424' title='bbox 255 2728 286 2746; x_wconf 80' lang='lat'>‚‚</span> <span class='ocrx_word' id='word_1_425' title='bbox 311 2705 477 2740; x_wconf 79' lang='lat' dir='ltr'>obtinere</span> <span class='ocrx_word' id='word_1_426' title='bbox 507 2717 617 2752; x_wconf 81' lang='lat' dir='ltr'>queat</span> <span class='ocrx_word' id='word_1_427' title='bbox 638 2733 648 2747; x_wconf 94' lang='lat'><em>‚</em></span> <span class='ocrx_word' id='word_1_428' title='bbox 684 2707 717 2742; x_wconf 81' lang='grc'>8(</span> <span class='ocrx_word' id='word_1_429' title='bbox 741 2703 931 2752; x_wconf 75' lang='lat' dir='ltr'>justificari</span> <span class='ocrx_word' id='word_1_430' title='bbox 949 2731 959 2746; x_wconf 91' lang='lat'>‚</span> <span class='ocrx_word' id='word_1_431' title='bbox 988 2704 1098 2746; x_wconf 86' lang='lat' dir='ltr'>idest,</span> <span class='ocrx_word' id='word_1_432' title='bbox 1127 2706 1204 2742; x_wconf 59' lang='lat' dir='ltr'>de,</span> 
     </span>
     <span class='ocr_line' id='line_1_68' title="bbox 256 2754 1208 2804; baseline 0 -14"><span class='ocrx_word' id='word_1_433' title='bbox 256 2779 285 2796; x_wconf 90' lang='lat'><em>„</em></span> <span class='ocrx_word' id='word_1_434' title='bbox 314 2754 500 2801; x_wconf 81' lang='lat' dir='ltr'>impietate</span> <span class='ocrx_word' id='word_1_435' title='bbox 534 2781 545 2796; x_wconf 85' lang='lat'>,</span> <span class='ocrx_word' id='word_1_436' title='bbox 581 2757 616 2791; x_wconf 87' lang='lat' dir='ltr'>in</span> <span class='ocrx_word' id='word_1_437' title='bbox 639 2767 712 2804; x_wconf 83' lang='lat' dir='ltr'>qua</span> <span class='ocrx_word' id='word_1_438' title='bbox 733 2766 850 2792; x_wconf 88' lang='lat' dir='ltr'>manet</span> <span class='ocrx_word' id='word_1_439' title='bbox 878 2781 888 2796; x_wconf 92' lang='lat'>,</span> <span class='ocrx_word' id='word_1_440' title='bbox 932 2755 975 2790; x_wconf 88' lang='lat' dir='ltr'>ad</span> <span class='ocrx_word' id='word_1_441' title='bbox 997 2754 1208 2802; x_wconf 58' lang='lat' dir='ltr'>justitiam</span> 
     </span>
     <span class='ocr_line' id='line_1_69' title="bbox 255 2804 1208 2848; baseline 0.001 -9"><span class='ocrx_word' id='word_1_442' title='bbox 255 2826 286 2848; x_wconf 76' lang='lat'>9,</span> <span class='ocrx_word' id='word_1_443' title='bbox 316 2805 460 2841; x_wconf 82' lang='lat' dir='ltr'>reverti.</span> <span class='ocrx_word' id='word_1_444' title='bbox 477 2807 587 2841; x_wconf 86' lang='lat' dir='ltr'>Porto</span> <span class='ocrx_word' id='word_1_445' title='bbox 600 2807 816 2843; x_wconf 82' lang='lat' dir='ltr'>intervenire</span> <span class='ocrx_word' id='word_1_446' title='bbox 830 2805 963 2842; x_wconf 83' lang='lat' dir='ltr'>debere</span> <span class='ocrx_word' id='word_1_447' title='bbox 981 2808 1012 2843; x_wconf 86' lang='grc'>8(</span> <span class='ocrx_word' id='word_1_448' title='bbox 1033 2804 1114 2841; x_wconf 78' lang='lat' dir='ltr'>fidei</span> <span class='ocrx_word' id='word_1_449' title='bbox 1130 2817 1208 2842; x_wconf 91' lang='lat' dir='ltr'>mo-</span> 
     </span>
     <span class='ocr_line' id='line_1_70' title="bbox 254 2855 1206 2904; baseline 0.004 -14"><span class='ocrx_word' id='word_1_450' title='bbox 254 2879 282 2897; x_wconf 90' lang='lat'><strong>„</strong></span> <span class='ocrx_word' id='word_1_451' title='bbox 310 2865 390 2890; x_wconf 87' lang='lat' dir='ltr'>tum</span> <span class='ocrx_word' id='word_1_452' title='bbox 407 2880 418 2896; x_wconf 90' lang='lat'><em>,</em></span> <span class='ocrx_word' id='word_1_453' title='bbox 445 2855 532 2891; x_wconf 82' lang='lat' dir='ltr'>idest</span> <span class='ocrx_word' id='word_1_454' title='bbox 549 2882 562 2899; x_wconf 96' lang='lat'><em>‚</em></span> <span class='ocrx_word' id='word_1_455' title='bbox 593 2867 815 2904; x_wconf 81' lang='lat' dir='ltr'>peccatorem</span> <span class='ocrx_word' id='word_1_456' title='bbox 831 2857 969 2892; x_wconf 82' lang='lat' dir='ltr'>moveri</span> <span class='ocrx_word' id='word_1_457' title='bbox 985 2855 1029 2892; x_wconf 88' lang='lat' dir='ltr'>ad</span> <span class='ocrx_word' id='word_1_458' title='bbox 1060 2866 1206 2903; x_wconf 81' lang='lat' dir='ltr'>peccata</span> 
     </span>
     <span class='ocr_line' id='line_1_71' title="bbox 255 2903 1208 2954; baseline 0.003 -14"><span class='ocrx_word' id='word_1_459' title='bbox 255 2930 283 2947; x_wconf 91' lang='lat'>‚,</span> <span class='ocrx_word' id='word_1_460' title='bbox 310 2903 516 2942; x_wconf 87' lang='lat' dir='ltr'>detestanda</span> <span class='ocrx_word' id='word_1_461' title='bbox 531 2918 576 2941; x_wconf 86' lang='lat' dir='ltr'>ex</span> <span class='ocrx_word' id='word_1_462' title='bbox 595 2908 728 2954; x_wconf 73' lang='lat' dir='ltr'>reguliS</span> <span class='ocrx_word' id='word_1_463' title='bbox 742 2908 911 2944; x_wconf 85' lang='lat' dir='ltr'>revelatis</span> <span class='ocrx_word' id='word_1_464' title='bbox 925 2933 935 2949; x_wconf 88' lang='lat'>,</span> <span class='ocrx_word' id='word_1_465' title='bbox 948 2907 1055 2943; x_wconf 87' lang='lat' dir='ltr'>etiam</span> <span class='ocrx_word' id='word_1_466' title='bbox 1073 2907 1107 2942; x_wconf 84' lang='lat' dir='ltr'>in</span> <span class='ocrx_word' id='word_1_467' title='bbox 1122 2919 1208 2953; x_wconf 82' lang='lat' dir='ltr'>prae·</span> 
     </span>
     <span class='ocr_line' id='line_1_72' title="bbox 254 2955 1207 3001; baseline -0.004 -5"><span class='ocrx_word' id='word_1_468' title='bbox 254 2980 284 2998; x_wconf 64' lang='grc' dir='ltr'>,ι</span> <span class='ocrx_word' id='word_1_469' title='bbox 313 2955 399 2992; x_wconf 76' lang='lat' dir='ltr'>senti</span> <span class='ocrx_word' id='word_1_470' title='bbox 415 2967 520 2994; x_wconf 62' lang='lat' dir='ltr'>tettu</span> <span class='ocrx_word' id='word_1_471' title='bbox 537 2955 677 2993; x_wconf 66' lang='lat' dir='ltr'>Doaor</span> <span class='ocrx_word' id='word_1_472' title='bbox 693 2958 848 2994; x_wconf 85' lang='lat' dir='ltr'>declarat</span> <span class='ocrx_word' id='word_1_473' title='bbox 862 2958 984 2994; x_wconf 85' lang='lat' dir='ltr'>dicens</span> <span class='ocrx_word' id='word_1_474' title='bbox 1001 2985 1011 3001; x_wconf 93' lang='lat'>,</span> <span class='ocrx_word' id='word_1_475' title='bbox 1042 2956 1207 2994; x_wconf 79' lang='lat' dir='ltr'>confide-</span> 
     </span>
     <span class='ocr_line' id='line_1_73' title="bbox 255 3005 1210 3056; baseline -0.001 -14"><span class='ocrx_word' id='word_1_476' title='bbox 255 3029 284 3049; x_wconf 82' lang='lat'>„</span> <span class='ocrx_word' id='word_1_477' title='bbox 312 3005 485 3044; x_wconf 83' lang='lat' dir='ltr'>rationem</span> <span class='ocrx_word' id='word_1_478' title='bbox 503 3009 677 3043; x_wconf 81' lang='lat' dir='ltr'>manentis</span> <span class='ocrx_word' id='word_1_479' title='bbox 690 3008 723 3043; x_wconf 89' lang='lat' dir='ltr'>in</span> <span class='ocrx_word' id='word_1_480' title='bbox 740 3009 896 3056; x_wconf 85' lang='lat' dir='ltr'>peccatis</span> <span class='ocrx_word' id='word_1_481' title='bbox 910 3035 920 3050; x_wconf 89' lang='lat'>,</span> <span class='ocrx_word' id='word_1_482' title='bbox 950 3007 1081 3044; x_wconf 85' lang='lat' dir='ltr'>versari</span> <span class='ocrx_word' id='word_1_483' title='bbox 1101 3019 1210 3050; x_wconf 70' lang='lat' dir='ltr'>opor-</span> 
     </span>
     <span class='ocr_line' id='line_1_74' title="bbox 254 3056 1208 3106; baseline 0.002 -14"><span class='ocrx_word' id='word_1_484' title='bbox 254 3081 284 3098; x_wconf 88' lang='lat'><strong>„</strong></span> <span class='ocrx_word' id='word_1_485' title='bbox 311 3066 386 3092; x_wconf 88' lang='lat' dir='ltr'>tere</span> <span class='ocrx_word' id='word_1_486' title='bbox 415 3060 508 3094; x_wconf 83' lang='lat' dir='ltr'>circa</span> <span class='ocrx_word' id='word_1_487' title='bbox 533 3058 664 3103; x_wconf 82' lang='lat' dir='ltr'>flagitia</span> <span class='ocrx_word' id='word_1_488' title='bbox 681 3084 693 3100; x_wconf 96' lang='lat'>,</span> <span class='ocrx_word' id='word_1_489' title='bbox 743 3058 886 3106; x_wconf 80' lang='lat' dir='ltr'>utsunt</span> <span class='ocrx_word' id='word_1_490' title='bbox 916 3060 986 3096; x_wconf 84' lang='lat' dir='ltr'>Dei</span> <span class='ocrx_word' id='word_1_491' title='bbox 1011 3056 1176 3105; x_wconf 77' lang='lat' dir='ltr'>offenstva</span> <span class='ocrx_word' id='word_1_492' title='bbox 1198 3085 1208 3101; x_wconf 94' lang='lat'>,</span> 
     </span>
     <span class='ocr_line' id='line_1_75' title="bbox 253 3106 1208 3156; baseline 0.004 -13"><span class='ocrx_word' id='word_1_493' title='bbox 253 3129 283 3151; x_wconf 83' lang='lat'>,‚</span> <span class='ocrx_word' id='word_1_494' title='bbox 309 3106 616 3156; x_wconf 78' lang='lat' dir='ltr'>transgredientia</span> <span class='ocrx_word' id='word_1_495' title='bbox 635 3135 643 3149; x_wconf 94' lang='lat'>‚</span> <span class='ocrx_word' id='word_1_496' title='bbox 670 3109 796 3154; x_wconf 80' lang='lat' dir='ltr'>Legem</span> <span class='ocrx_word' id='word_1_497' title='bbox 825 3109 987 3146; x_wconf 79' lang='lat' dir='ltr'>divinam</span> <span class='ocrx_word' id='word_1_498' title='bbox 1004 3136 1014 3151; x_wconf 89' lang='lat'><strong>,</strong></span> <span class='ocrx_word' id='word_1_499' title='bbox 1043 3119 1208 3147; x_wconf 75' lang='lat' dir='ltr'>averten-</span> 
     </span>
     <span class='ocr_line' id='line_1_76' title="bbox 257 3157 1208 3208; baseline 0.003 -14"><span class='ocrx_word' id='word_1_500' title='bbox 257 3183 285 3201; x_wconf 88' lang='lat'>,‚</span> <span class='ocrx_word' id='word_1_501' title='bbox 314 3159 367 3194; x_wconf 79' lang='lat' dir='ltr'>tia</span> <span class='ocrx_word' id='word_1_502' title='bbox 385 3171 406 3193; x_wconf 91' lang='lat' dir='ltr'>a</span> <span class='ocrx_word' id='word_1_503' title='bbox 435 3160 543 3200; x_wconf 71' lang='lat' dir='ltr'>Deo,</span> <span class='ocrx_word' id='word_1_504' title='bbox 581 3158 627 3200; x_wconf 69' lang='grc' dir='ltr'>ὠ*</span> <span class='ocrx_word' id='word_1_505' title='bbox 656 3159 842 3196; x_wconf 70' lang='lat' dir='ltr'>induFliva</span> <span class='ocrx_word' id='word_1_506' title='bbox 872 3157 1208 3208; x_wconf 72' lang='lat' dir='ltr'>aeternifupplicii.</span> 
     </span>
     <span class='ocr_line' id='line_1_77' title="bbox 255 3209 1207 3257; baseline 0.001 -12"><span class='ocrx_word' id='word_1_507' title='bbox 255 3233 284 3250; x_wconf 86' lang='lat'>,‚</span> <span class='ocrx_word' id='word_1_508' title='bbox 309 3211 395 3257; x_wconf 76' lang='lat' dir='ltr'>Que</span> <span class='ocrx_word' id='word_1_509' title='bbox 413 3210 540 3255; x_wconf 88' lang='lat' dir='ltr'>utique</span> <span class='ocrx_word' id='word_1_510' title='bbox 554 3209 711 3245; x_wconf 76' lang='lat' dir='ltr'>rationes</span> <span class='ocrx_word' id='word_1_511' title='bbox 726 3211 758 3246; x_wconf 87' lang='grc'>8(</span> <span class='ocrx_word' id='word_1_512' title='bbox 778 3211 912 3246; x_wconf 85' lang='lat' dir='ltr'>motiva</span> <span class='ocrx_word' id='word_1_513' title='bbox 935 3222 1006 3245; x_wconf 87' lang='lat' dir='ltr'>non</span> <span class='ocrx_word' id='word_1_514' title='bbox 1026 3209 1104 3246; x_wconf 85' lang='lat' dir='ltr'>sunt</span> <span class='ocrx_word' id='word_1_515' title='bbox 1121 3222 1207 3246; x_wconf 85' lang='lat' dir='ltr'>nota</span> 
     </span>
     <span class='ocr_line' id='line_1_78' title="bbox 256 3257 1210 3308; baseline -0.003 -13"><span class='ocrx_word' id='word_1_516' title='bbox 256 3282 285 3299; x_wconf 83' lang='lat'>,‚</span> <span class='ocrx_word' id='word_1_517' title='bbox 313 3257 373 3292; x_wconf 74' lang='lat' dir='ltr'>nisl</span> <span class='ocrx_word' id='word_1_518' title='bbox 388 3273 451 3307; x_wconf 85' lang='lat' dir='ltr'>per</span> <span class='ocrx_word' id='word_1_519' title='bbox 466 3261 608 3305; x_wconf 70' lang='lat' dir='ltr'>regulas</span> <span class='ocrx_word' id='word_1_520' title='bbox 633 3261 809 3296; x_wconf 79' lang='lat' dir='ltr'>revelatas</span> <span class='ocrx_word' id='word_1_521' title='bbox 825 3289 832 3301; x_wconf 90' lang='lat'>,</span> <span class='ocrx_word' id='word_1_522' title='bbox 864 3261 1071 3308; x_wconf 81' lang='lat' dir='ltr'>utamplius</span> <span class='ocrx_word' id='word_1_523' title='bbox 1093 3261 1210 3298; x_wconf 85' lang='lat' dir='ltr'>decla.</span> 
     </span>
     <span class='ocr_line' id='line_1_79' title="bbox 260 3309 1210 3360; baseline 0 -11"><span class='ocrx_word' id='word_1_524' title='bbox 260 3332 289 3349; x_wconf 73' lang='grc' dir='ltr'><strong>υ</strong></span> <span class='ocrx_word' id='word_1_525' title='bbox 318 3317 371 3341; x_wconf 85' lang='lat' dir='ltr'>rat</span> <span class='ocrx_word' id='word_1_526' title='bbox 392 3310 531 3346; x_wconf 65' lang='lat' dir='ltr'>Doflor.</span> <span class='ocrx_word' id='word_1_527' title='bbox 549 3313 679 3349; x_wconf 79' lang='lat' dir='ltr'>citatus</span> <span class='ocrx_word' id='word_1_528' title='bbox 692 3309 762 3358; x_wconf 66' lang='lat' dir='ltr'>dast</span> <span class='ocrx_word' id='word_1_529' title='bbox 796 3323 848 3357; x_wconf 85' lang='lat'>¹4·</span> <span class='ocrx_word' id='word_1_530' title='bbox 862 3309 1000 3360; x_wconf 82' lang='lat' dir='ltr'>4.sent.</span> <span class='ocrx_word' id='word_1_531' title='bbox 1017 3323 1048 3358; x_wconf 82' lang='lat' dir='ltr'>q.</span> <span class='ocrx_word' id='word_1_532' title='bbox 1066 3324 1099 3359; x_wconf 90' lang='lat'>3.</span> <span class='ocrx_word' id='word_1_533' title='bbox 1114 3312 1210 3349; x_wconf 83' lang='lat' dir='ltr'>Vide</span> 
     </span>
     <span class='ocr_line' id='line_1_80' title="bbox 261 3361 1211 3412; baseline 0.008 -19"><span class='ocrx_word' id='word_1_534' title='bbox 261 3382 288 3399; x_wconf 93' lang='lat'><em>„</em></span> <span class='ocrx_word' id='word_1_535' title='bbox 318 3367 399 3403; x_wconf 82' lang='lat' dir='ltr'>qnae</span> <span class='ocrx_word' id='word_1_536' title='bbox 430 3371 598 3400; x_wconf 85' lang='lat' dir='ltr'>notantur</span> <span class='ocrx_word' id='word_1_537' title='bbox 622 3362 715 3398; x_wconf 85' lang='lat' dir='ltr'>infra</span> <span class='ocrx_word' id='word_1_538' title='bbox 747 3361 854 3412; x_wconf 85' lang='lat' dir='ltr'>supet</span> <span class='ocrx_word' id='word_1_539' title='bbox 885 3361 1080 3399; x_wconf 68' lang='lat' dir='ltr'>arczculam</span> <span class='ocrx_word' id='word_1_540' title='bbox 1119 3364 1211 3400; x_wconf 61' lang='lat' dir='ltr'>offla·</span> 
     </span>
     <span class='ocr_line' id='line_1_81' title="bbox 261 3417 434 3449; baseline 0 -7"><span class='ocrx_word' id='word_1_541' title='bbox 261 3431 289 3449; x_wconf 87' lang='lat'>‚,</span> <span class='ocrx_word' id='word_1_542' title='bbox 319 3417 402 3444; x_wconf 63' lang='lat' dir='ltr'>oum</span> <span class='ocrx_word' id='word_1_543' title='bbox 424 3434 434 3442; x_wconf 91' lang='lat'><strong><em>.</em></strong></span> 
     </span>
    </p>
   </div>
   <div class='ocr_carea' id='block_1_10' title="bbox 1448 577 2089 678">
    <p class='ocr_par' dir='ltr' id='par_1_17' title="bbox 1448 577 2089 678">
     <span class='ocr_line' id='line_1_82' title="bbox 1448 577 2089 628; baseline -0.002 -12"><span class='ocrx_word' id='word_1_544' title='bbox 1448 577 1582 616; x_wconf 70' lang='lat' dir='ltr'>Doflor</span> <span class='ocrx_word' id='word_1_545' title='bbox 1604 579 1684 616; x_wconf 70' lang='lat' dir='ltr'>loct‘s</span> <span class='ocrx_word' id='word_1_546' title='bbox 1703 581 1742 616; x_wconf 79' lang='lat' dir='ltr'>in</span> <span class='ocrx_word' id='word_1_547' title='bbox 1768 579 1929 628; x_wconf 70' lang='lat' dir='ltr'>margitle</span> <span class='ocrx_word' id='word_1_548' title='bbox 1951 579 2089 615; x_wconf 74' lang='lat' dir='ltr'>citatis.</span> 
     </span>
     <span class='ocr_line' id='line_1_83' title="bbox 1487 629 2057 678; baseline -0.005 -11"><span class='ocrx_word' id='word_1_549' title='bbox 1487 631 1534 667; x_wconf 77' lang='lat' dir='ltr'>S.</span> <span class='ocrx_word' id='word_1_550' title='bbox 1553 630 1675 668; x_wconf 87' lang='lat' dir='ltr'>Thom.</span> <span class='ocrx_word' id='word_1_551' title='bbox 1692 644 1720 668; x_wconf 88' lang='lat' dir='ltr'>t.</span> <span class='ocrx_word' id='word_1_552' title='bbox 1741 639 1776 667; x_wconf 84' lang='lat'>2.</span> <span class='ocrx_word' id='word_1_553' title='bbox 1794 643 1828 678; x_wconf 86' lang='lat' dir='ltr'>q.</span> <span class='ocrx_word' id='word_1_554' title='bbox 1849 629 2057 677; x_wconf 78' lang='lat' dir='ltr'>113.art.6.</span> 
     </span>
    </p>
   </div>
   <div class='ocr_carea' id='block_1_11' title="bbox 1410 730 2245 781">
    <p class='ocr_par' dir='ltr' id='par_1_18' title="bbox 1410 730 2245 781">
     <span class='ocr_line' id='line_1_84' title="bbox 1410 730 2245 781; baseline -0.002 -12"><span class='ocrx_word' id='word_1_555' title='bbox 1410 731 1598 781; x_wconf 78' lang='lat' dir='ltr'>Espondeo</span> <span class='ocrx_word' id='word_1_556' title='bbox 1608 730 1801 771; x_wconf 83' lang='lat' dir='ltr'>dicendum</span> <span class='ocrx_word' id='word_1_557' title='bbox 1817 755 1831 777; x_wconf 85' lang='lat'>,</span> <span class='ocrx_word' id='word_1_558' title='bbox 1857 732 1966 781; x_wconf 79' lang='lat' dir='ltr'>ipsam</span> <span class='ocrx_word' id='word_1_559' title='bbox 1979 731 2245 779; x_wconf 59' lang='lat' dir='ltr'>peccatorum-s</span> 
     </span>
    </p>
   </div>
   <div class='ocr_carea' id='block_1_12' title="bbox 1288 832 2304 2036">
    <p class='ocr_par' dir='ltr' id='par_1_19' title="bbox 1288 832 2304 2036">
     <span class='ocr_line' id='line_1_85' title="bbox 1298 832 2245 884; baseline -0.003 -14"><span class='ocrx_word' id='word_1_560' title='bbox 1298 841 1380 874; x_wconf 76' lang='lat' dir='ltr'>quae</span> <span class='ocrx_word' id='word_1_561' title='bbox 1398 834 1689 882; x_wconf 81' lang='lat' dir='ltr'>requirunturad</span> <span class='ocrx_word' id='word_1_562' title='bbox 1706 836 1805 884; x_wconf 87' lang='lat' dir='ltr'>impii</span> <span class='ocrx_word' id='word_1_563' title='bbox 1818 832 2110 881; x_wconf 80' lang='lat' dir='ltr'>justificationem</span> <span class='ocrx_word' id='word_1_564' title='bbox 2124 853 2133 863; x_wconf 86' lang='lat'><strong>·</strong></span> <span class='ocrx_word' id='word_1_565' title='bbox 2150 834 2245 880; x_wconf 78' lang='lat' dir='ltr'>Qae</span> 
     </span>
     <span class='ocr_line' id='line_1_86' title="bbox 1300 879 2247 933; baseline 0.006 -19"><span class='ocrx_word' id='word_1_566' title='bbox 1300 879 1434 921; x_wconf 83' lang='lat' dir='ltr'>solutio</span> <span class='ocrx_word' id='word_1_567' title='bbox 1453 885 1639 933; x_wconf 84' lang='lat' dir='ltr'>perspicua</span> <span class='ocrx_word' id='word_1_568' title='bbox 1653 886 1705 924; x_wconf 87' lang='lat' dir='ltr'>est</span> <span class='ocrx_word' id='word_1_569' title='bbox 1719 899 1764 923; x_wconf 87' lang='lat' dir='ltr'>ex</span> <span class='ocrx_word' id='word_1_570' title='bbox 1787 885 1892 924; x_wconf 59' lang='lat' dir='ltr'>dic-*tis</span> <span class='ocrx_word' id='word_1_571' title='bbox 1904 893 1976 922; x_wconf 80' lang='lat' dir='ltr'>art.</span> <span class='ocrx_word' id='word_1_572' title='bbox 1997 894 2027 919; x_wconf 81' lang='lat'>1·</span> <span class='ocrx_word' id='word_1_573' title='bbox 2043 881 2086 918; x_wconf 83' lang='lat' dir='ltr'>de</span> <span class='ocrx_word' id='word_1_574' title='bbox 2107 884 2247 922; x_wconf 77' lang='lat' dir='ltr'>ratione</span> 
     </span>
     <span class='ocr_line' id='line_1_87' title="bbox 1302 932 2304 982; baseline -0.003 -14"><span class='ocrx_word' id='word_1_575' title='bbox 1302 932 1336 967; x_wconf 75' lang='lat'>8&lt;</span> <span class='ocrx_word' id='word_1_576' title='bbox 1356 944 1484 974; x_wconf 81' lang='lat' dir='ltr'>natura</span> <span class='ocrx_word' id='word_1_577' title='bbox 1509 935 1779 980; x_wconf 78' lang='lat' dir='ltr'>justificationis</span> <span class='ocrx_word' id='word_1_578' title='bbox 1795 961 1805 972; x_wconf 89' lang='lat'><strong>.</strong></span> <span class='ocrx_word' id='word_1_579' title='bbox 1846 939 1944 974; x_wconf 85' lang='lat' dir='ltr'>Nam</span> <span class='ocrx_word' id='word_1_580' title='bbox 1968 943 2138 982; x_wconf 85' lang='lat' dir='ltr'>peccator</span> <span class='ocrx_word' id='word_1_581' title='bbox 2163 933 2246 978; x_wconf 84' lang='lat' dir='ltr'>qui·</span> <span class='ocrx_word' id='word_1_582' title='bbox 2297 941 2304 949; x_wconf 90' lang='lat'>·</span> 
     </span>
     <span class='ocr_line' id='line_1_88' title="bbox 1300 983 2247 1032; baseline -0.004 -11"><span class='ocrx_word' id='word_1_583' title='bbox 1300 992 1459 1029; x_wconf 78' lang='lat' dir='ltr'>Cumque</span> <span class='ocrx_word' id='word_1_584' title='bbox 1475 985 1523 1026; x_wconf 86' lang='lat' dir='ltr'>est</span> <span class='ocrx_word' id='word_1_585' title='bbox 1541 987 1622 1022; x_wconf 90' lang='lat' dir='ltr'>Deo</span> <span class='ocrx_word' id='word_1_586' title='bbox 1634 987 1814 1029; x_wconf 86' lang='lat' dir='ltr'>inimicus,</span> <span class='ocrx_word' id='word_1_587' title='bbox 1825 983 2013 1032; x_wconf 63' lang='lat' dir='ltr'>objeaum</span> <span class='ocrx_word' id='word_1_588' title='bbox 2030 984 2089 1019; x_wconf 84' lang='lat' dir='ltr'>irae</span> <span class='ocrx_word' id='word_1_589' title='bbox 2102 983 2247 1026; x_wconf 69' lang='lat' dir='ltr'>divinae,</span> 
     </span>
     <span class='ocr_line' id='line_1_89' title="bbox 1299 1032 2247 1084; baseline 0.001 -16"><span class='ocrx_word' id='word_1_590' title='bbox 1299 1033 1335 1068; x_wconf 57' lang='grc' dir='ltr'>ἃ(</span> <span class='ocrx_word' id='word_1_591' title='bbox 1363 1035 1552 1072; x_wconf 83' lang='lat' dir='ltr'>ordinatus</span> <span class='ocrx_word' id='word_1_592' title='bbox 1570 1036 1614 1072; x_wconf 88' lang='lat' dir='ltr'>ad</span> <span class='ocrx_word' id='word_1_593' title='bbox 1640 1046 1810 1073; x_wconf 85' lang='lat' dir='ltr'>aeternum</span> <span class='ocrx_word' id='word_1_594' title='bbox 1835 1032 2047 1084; x_wconf 79' lang='lat' dir='ltr'>supplicium</span> <span class='ocrx_word' id='word_1_595' title='bbox 2065 1060 2075 1077; x_wconf 90' lang='lat'><strong>,</strong></span> <span class='ocrx_word' id='word_1_596' title='bbox 2110 1034 2247 1080; x_wconf 80' lang='lat' dir='ltr'>qnippe</span> 
     </span>
     <span class='ocr_line' id='line_1_90' title="bbox 1300 1083 2244 1132; baseline 0 -11"><span class='ocrx_word' id='word_1_597' title='bbox 1300 1094 1410 1130; x_wconf 83' lang='lat' dir='ltr'>quem</span> <span class='ocrx_word' id='word_1_598' title='bbox 1429 1089 1530 1123; x_wconf 84' lang='lat' dir='ltr'>Deus</span> <span class='ocrx_word' id='word_1_599' title='bbox 1545 1085 1669 1123; x_wconf 87' lang='lat' dir='ltr'>ulcisci</span> <span class='ocrx_word' id='word_1_600' title='bbox 1685 1088 1770 1122; x_wconf 88' lang='lat' dir='ltr'>velit</span> <span class='ocrx_word' id='word_1_601' title='bbox 1787 1112 1797 1127; x_wconf 85' lang='lat'>,</span> <span class='ocrx_word' id='word_1_602' title='bbox 1811 1087 1973 1132; x_wconf 87' lang='lat' dir='ltr'>quandiu</span> <span class='ocrx_word' id='word_1_603' title='bbox 1991 1086 2149 1132; x_wconf 82' lang='lat' dir='ltr'>peccatis</span> <span class='ocrx_word' id='word_1_604' title='bbox 2163 1083 2244 1121; x_wconf 84' lang='lat' dir='ltr'>sub-</span> 
     </span>
     <span class='ocr_line' id='line_1_91' title="bbox 1297 1132 2244 1185; baseline -0.003 -15"><span class='ocrx_word' id='word_1_605' title='bbox 1297 1132 1418 1180; x_wconf 63' lang='lat' dir='ltr'>jeaus</span> <span class='ocrx_word' id='word_1_606' title='bbox 1445 1138 1628 1174; x_wconf 86' lang='lat' dir='ltr'>invenitur</span> <span class='ocrx_word' id='word_1_607' title='bbox 1644 1165 1654 1175; x_wconf 87' lang='lat'><strong>.</strong></span> <span class='ocrx_word' id='word_1_608' title='bbox 1676 1137 1804 1185; x_wconf 86' lang='lat' dir='ltr'>Justus</span> <span class='ocrx_word' id='word_1_609' title='bbox 1820 1148 1941 1173; x_wconf 88' lang='lat' dir='ltr'>autem</span> <span class='ocrx_word' id='word_1_610' title='bbox 1957 1138 1985 1172; x_wconf 87' lang='lat' dir='ltr'>is</span> <span class='ocrx_word' id='word_1_611' title='bbox 2012 1132 2079 1171; x_wconf 76' lang='lat' dir='ltr'>effe</span> <span class='ocrx_word' id='word_1_612' title='bbox 2095 1148 2166 1173; x_wconf 81' lang='lat' dir='ltr'>non</span> <span class='ocrx_word' id='word_1_613' title='bbox 2192 1136 2244 1171; x_wconf 86' lang='lat' dir='ltr'>in.</span> 
     </span>
     <span class='ocr_line' id='line_1_92' title="bbox 1297 1186 2246 1236; baseline -0.001 -12"><span class='ocrx_word' id='word_1_614' title='bbox 1297 1186 1495 1231; x_wconf 60' lang='lat' dir='ltr'>mingitur,</span> <span class='ocrx_word' id='word_1_615' title='bbox 1523 1187 1989 1236; x_wconf 80' lang='lat' dir='ltr'>nifipraecedentequadam</span> <span class='ocrx_word' id='word_1_616' title='bbox 2013 1187 2246 1223; x_wconf 65' lang='lat' dir='ltr'>mutatione-2</span> 
     </span>
     <span class='ocr_line' id='line_1_93' title="bbox 1297 1236 2246 1286; baseline 0 -14"><span class='ocrx_word' id='word_1_617' title='bbox 1297 1236 1480 1281; x_wconf 84' lang='lat' dir='ltr'>privativa</span> <span class='ocrx_word' id='word_1_618' title='bbox 1497 1264 1508 1280; x_wconf 89' lang='lat'><strong>,</strong></span> <span class='ocrx_word' id='word_1_619' title='bbox 1534 1251 1608 1286; x_wconf 83' lang='lat' dir='ltr'>qua</span> <span class='ocrx_word' id='word_1_620' title='bbox 1639 1239 1840 1275; x_wconf 86' lang='lat' dir='ltr'>deinimico</span> <span class='ocrx_word' id='word_1_621' title='bbox 1870 1237 1932 1272; x_wconf 84' lang='lat' dir='ltr'>fiat</span> <span class='ocrx_word' id='word_1_622' title='bbox 1953 1247 2024 1271; x_wconf 89' lang='lat' dir='ltr'>non</span> <span class='ocrx_word' id='word_1_623' title='bbox 2055 1236 2246 1272; x_wconf 84' lang='lat' dir='ltr'>inimicus.</span> 
     </span>
     <span class='ocr_line' id='line_1_94' title="bbox 1296 1285 2248 1336; baseline -0.007 -10"><span class='ocrx_word' id='word_1_624' title='bbox 1296 1288 1387 1326; x_wconf 61' lang='lat' dir='ltr'>Hice.</span> <span class='ocrx_word' id='word_1_625' title='bbox 1404 1299 1521 1329; x_wconf 81' lang='lat' dir='ltr'>autem</span> <span class='ocrx_word' id='word_1_626' title='bbox 1538 1291 1692 1326; x_wconf 81' lang='lat' dir='ltr'>mutatio</span> <span class='ocrx_word' id='word_1_627' title='bbox 1704 1288 1887 1336; x_wconf 79' lang='lat' dir='ltr'>peragitur</span> <span class='ocrx_word' id='word_1_628' title='bbox 1900 1299 1961 1334; x_wconf 83' lang='lat' dir='ltr'>per</span> <span class='ocrx_word' id='word_1_629' title='bbox 1981 1285 2248 1323; x_wconf 69' lang='lat' dir='ltr'>remiffioncm.»</span> 
     </span>
     <span class='ocr_line' id='line_1_95' title="bbox 1297 1336 2248 1386; baseline 0.002 -15"><span class='ocrx_word' id='word_1_630' title='bbox 1297 1347 1532 1386; x_wconf 79' lang='lat' dir='ltr'>peccatorum</span> <span class='ocrx_word' id='word_1_631' title='bbox 1552 1367 1560 1377; x_wconf 89' lang='lat'><strong><em>.</em></strong></span> <span class='ocrx_word' id='word_1_632' title='bbox 1591 1342 1752 1380; x_wconf 84' lang='lat' dir='ltr'>Peccatis</span> <span class='ocrx_word' id='word_1_633' title='bbox 1770 1340 1864 1377; x_wconf 88' lang='lat' dir='ltr'>enim</span> <span class='ocrx_word' id='word_1_634' title='bbox 1881 1336 2023 1374; x_wconf 78' lang='lat' dir='ltr'>dimiliis</span> <span class='ocrx_word' id='word_1_635' title='bbox 2042 1362 2052 1377; x_wconf 91' lang='lat'>‚</span> <span class='ocrx_word' id='word_1_636' title='bbox 2079 1348 2139 1382; x_wconf 84' lang='lat' dir='ltr'>per</span> <span class='ocrx_word' id='word_1_637' title='bbox 2169 1347 2248 1382; x_wconf 74' lang='lat' dir='ltr'>qnae</span> 
     </span>
     <span class='ocr_line' id='line_1_96' title="bbox 1298 1385 2251 1433; baseline -0.009 -5"><span class='ocrx_word' id='word_1_638' title='bbox 1298 1399 1374 1424; x_wconf 84' lang='lat' dir='ltr'>erat</span> <span class='ocrx_word' id='word_1_639' title='bbox 1391 1389 1472 1427; x_wconf 76' lang='lat' dir='ltr'>Deo</span> <span class='ocrx_word' id='word_1_640' title='bbox 1489 1391 1629 1428; x_wconf 84' lang='lat' dir='ltr'>invisus</span> <span class='ocrx_word' id='word_1_641' title='bbox 1645 1419 1654 1433; x_wconf 93' lang='lat'>,</span> <span class='ocrx_word' id='word_1_642' title='bbox 1681 1392 1778 1427; x_wconf 87' lang='lat' dir='ltr'>illico</span> <span class='ocrx_word' id='word_1_643' title='bbox 1789 1389 1911 1426; x_wconf 87' lang='lat' dir='ltr'>evadit</span> <span class='ocrx_word' id='word_1_644' title='bbox 1926 1389 1974 1424; x_wconf 86' lang='lat' dir='ltr'>illi</span> <span class='ocrx_word' id='word_1_645' title='bbox 1991 1387 2125 1422; x_wconf 87' lang='lat' dir='ltr'>amicus</span> <span class='ocrx_word' id='word_1_646' title='bbox 2142 1385 2174 1424; x_wconf 86' lang='grc'>8(</span> <span class='ocrx_word' id='word_1_647' title='bbox 2192 1397 2251 1420; x_wconf 88' lang='lat' dir='ltr'>ac-</span> 
     </span>
     <span class='ocr_line' id='line_1_97' title="bbox 1296 1437 2249 1487; baseline 0.002 -11"><span class='ocrx_word' id='word_1_648' title='bbox 1296 1450 1425 1486; x_wconf 84' lang='lat' dir='ltr'>ceptus</span> <span class='ocrx_word' id='word_1_649' title='bbox 1439 1468 1447 1481; x_wconf 95' lang='lat'><strong>,</strong></span> <span class='ocrx_word' id='word_1_650' title='bbox 1463 1453 1590 1487; x_wconf 75' lang='lat' dir='ltr'>potens</span> <span class='ocrx_word' id='word_1_651' title='bbox 1606 1442 1757 1479; x_wconf 81' lang='lat' dir='ltr'>subinde</span> <span class='ocrx_word' id='word_1_652' title='bbox 1774 1439 1954 1479; x_wconf 83' lang='lat' dir='ltr'>meritorie</span> <span class='ocrx_word' id='word_1_653' title='bbox 1967 1437 2108 1484; x_wconf 79' lang='lat' dir='ltr'>operari</span> <span class='ocrx_word' id='word_1_654' title='bbox 2122 1464 2132 1478; x_wconf 86' lang='lat'>‚</span> <span class='ocrx_word' id='word_1_655' title='bbox 2147 1437 2249 1483; x_wconf 67' lang='lat' dir='ltr'>quod</span> 
     </span>
     <span class='ocr_line' id='line_1_98' title="bbox 1297 1489 2248 1539; baseline -0.005 -14"><span class='ocrx_word' id='word_1_656' title='bbox 1297 1489 1413 1526; x_wconf 80' lang='lat' dir='ltr'>facere</span> <span class='ocrx_word' id='word_1_657' title='bbox 1427 1493 1601 1539; x_wconf 67' lang='lat' dir='ltr'>priusfibi</span> <span class='ocrx_word' id='word_1_658' title='bbox 1617 1504 1687 1528; x_wconf 93' lang='lat' dir='ltr'>non</span> <span class='ocrx_word' id='word_1_659' title='bbox 1713 1493 1840 1528; x_wconf 84' lang='lat' dir='ltr'>licebat</span> <span class='ocrx_word' id='word_1_660' title='bbox 1860 1517 1868 1527; x_wconf 89' lang='lat'><strong>.</strong></span> <span class='ocrx_word' id='word_1_661' title='bbox 1898 1489 2151 1525; x_wconf 82' lang='lat' dir='ltr'>Veruntamen</span> <span class='ocrx_word' id='word_1_662' title='bbox 2177 1499 2248 1524; x_wconf 86' lang='lat' dir='ltr'>non</span> 
     </span>
     <span class='ocr_line' id='line_1_99' title="bbox 1296 1537 2250 1589; baseline -0.005 -12"><span class='ocrx_word' id='word_1_663' title='bbox 1296 1543 1464 1589; x_wconf 78' lang='lat' dir='ltr'>perillam</span> <span class='ocrx_word' id='word_1_664' title='bbox 1492 1546 1697 1589; x_wconf 80' lang='lat' dir='ltr'>negativam</span> <span class='ocrx_word' id='word_1_665' title='bbox 1718 1543 1951 1579; x_wconf 81' lang='lat' dir='ltr'>mutationem</span> <span class='ocrx_word' id='word_1_666' title='bbox 1983 1538 2057 1573; x_wconf 82' lang='lat' dir='ltr'>baec</span> <span class='ocrx_word' id='word_1_667' title='bbox 2074 1537 2104 1575; x_wconf 86' lang='lat' dir='ltr'>ei</span> <span class='ocrx_word' id='word_1_668' title='bbox 2136 1538 2250 1573; x_wconf 81' lang='lat' dir='ltr'>obve-</span> 
     </span>
     <span class='ocr_line' id='line_1_100' title="bbox 1295 1587 2248 1636; baseline -0.007 -5"><span class='ocrx_word' id='word_1_669' title='bbox 1295 1591 1382 1631; x_wconf 69' lang='lat' dir='ltr'>nisse</span> <span class='ocrx_word' id='word_1_670' title='bbox 1394 1592 1667 1631; x_wconf 77' lang='lat' dir='ltr'>existimandum</span> <span class='ocrx_word' id='word_1_671' title='bbox 1680 1594 1752 1635; x_wconf 87' lang='lat' dir='ltr'>est;</span> <span class='ocrx_word' id='word_1_672' title='bbox 1777 1592 1832 1628; x_wconf 86' lang='lat' dir='ltr'>sed</span> <span class='ocrx_word' id='word_1_673' title='bbox 1862 1591 1972 1636; x_wconf 81' lang='lat' dir='ltr'>magis</span> <span class='ocrx_word' id='word_1_674' title='bbox 1987 1587 2168 1625; x_wconf 82' lang='lat' dir='ltr'>mediante</span> <span class='ocrx_word' id='word_1_675' title='bbox 2183 1589 2248 1624; x_wconf 78' lang='lat' dir='ltr'>alia</span> 
     </span>
     <span class='ocr_line' id='line_1_101' title="bbox 1296 1639 2247 1690; baseline -0.005 -11"><span class='ocrx_word' id='word_1_676' title='bbox 1296 1643 1444 1687; x_wconf 78' lang='lat' dir='ltr'>positiva</span> <span class='ocrx_word' id='word_1_677' title='bbox 1463 1645 1668 1681; x_wconf 73' lang='lat' dir='ltr'>mutatione</span> <span class='ocrx_word' id='word_1_678' title='bbox 1685 1670 1695 1685; x_wconf 86' lang='lat'>‚</span> <span class='ocrx_word' id='word_1_679' title='bbox 1713 1656 1785 1690; x_wconf 83' lang='lat' dir='ltr'>qua</span> <span class='ocrx_word' id='word_1_680' title='bbox 1800 1643 1844 1679; x_wconf 85' lang='lat' dir='ltr'>de</span> <span class='ocrx_word' id='word_1_681' title='bbox 1861 1641 2010 1686; x_wconf 79' lang='lat' dir='ltr'>indigno</span> <span class='ocrx_word' id='word_1_682' title='bbox 2026 1639 2096 1676; x_wconf 76' lang='lat' dir='ltr'>vita</span> <span class='ocrx_word' id='word_1_683' title='bbox 2116 1650 2247 1675; x_wconf 75' lang='lat' dir='ltr'>:eterna</span> 
     </span>
     <span class='ocr_line' id='line_1_102' title="bbox 1295 1690 2246 1740; baseline -0.005 -12"><span class='ocrx_word' id='word_1_684' title='bbox 1295 1693 1336 1728; x_wconf 84' lang='lat' dir='ltr'>fit</span> <span class='ocrx_word' id='word_1_685' title='bbox 1354 1704 1484 1729; x_wconf 79' lang='lat' dir='ltr'>aeterna</span> <span class='ocrx_word' id='word_1_686' title='bbox 1502 1693 1668 1735; x_wconf 67' lang='lat' dir='ltr'>felicitate</span> <span class='ocrx_word' id='word_1_687' title='bbox 1696 1694 1856 1740; x_wconf 80' lang='lat' dir='ltr'>dignus3</span> <span class='ocrx_word' id='word_1_688' title='bbox 1889 1693 1923 1728; x_wconf 77' lang='lat'>8&lt;</span> <span class='ocrx_word' id='word_1_689' title='bbox 1941 1690 1983 1726; x_wconf 86' lang='lat' dir='ltr'>de</span> <span class='ocrx_word' id='word_1_690' title='bbox 2013 1701 2246 1734; x_wconf 65' lang='lat' dir='ltr'>nequeunte)</span> 
     </span>
     <span class='ocr_line' id='line_1_103' title="bbox 1296 1739 2246 1792; baseline -0.001 -13"><span class='ocrx_word' id='word_1_691' title='bbox 1296 1744 1478 1780; x_wconf 84' lang='lat' dir='ltr'>meritorie</span> <span class='ocrx_word' id='word_1_692' title='bbox 1492 1747 1634 1784; x_wconf 61' lang='lat' dir='ltr'>onerari</span> <span class='ocrx_word' id='word_1_693' title='bbox 1647 1772 1657 1788; x_wconf 89' lang='lat'>,</span> <span class='ocrx_word' id='word_1_694' title='bbox 1672 1755 1797 1792; x_wconf 78' lang='lat' dir='ltr'>potens</span> <span class='ocrx_word' id='word_1_695' title='bbox 1815 1755 1919 1792; x_wconf 84' lang='lat' dir='ltr'>agere</span> <span class='ocrx_word' id='word_1_696' title='bbox 1936 1739 2117 1777; x_wconf 77' lang='lat' dir='ltr'>meritorie</span> <span class='ocrx_word' id='word_1_697' title='bbox 2134 1768 2141 1775; x_wconf 84' lang='lat'><em>.</em></span> <span class='ocrx_word' id='word_1_698' title='bbox 2158 1742 2246 1778; x_wconf 84' lang='lat' dir='ltr'>Haec</span> 
     </span>
     <span class='ocr_line' id='line_1_104' title="bbox 1295 1788 2246 1841; baseline -0.003 -13"><span class='ocrx_word' id='word_1_699' title='bbox 1295 1805 1381 1829; x_wconf 83' lang='lat' dir='ltr'>vero</span> <span class='ocrx_word' id='word_1_700' title='bbox 1408 1795 1556 1841; x_wconf 66' lang='lat' dir='ltr'>positiva</span> <span class='ocrx_word' id='word_1_701' title='bbox 1578 1795 1754 1838; x_wconf 83' lang='lat' dir='ltr'>mutatio,</span> <span class='ocrx_word' id='word_1_702' title='bbox 1791 1795 1834 1831; x_wconf 88' lang='lat' dir='ltr'>de</span> <span class='ocrx_word' id='word_1_703' title='bbox 1861 1793 1976 1840; x_wconf 83' lang='lat' dir='ltr'>gratia</span> <span class='ocrx_word' id='word_1_704' title='bbox 2006 1789 2067 1829; x_wconf 79' lang='lat' dir='ltr'>{ibi</span> <span class='ocrx_word' id='word_1_705' title='bbox 2083 1788 2125 1828; x_wconf 87' lang='lat' dir='ltr'>de</span> <span class='ocrx_word' id='word_1_706' title='bbox 2149 1803 2246 1825; x_wconf 78' lang='lat' dir='ltr'>novo</span> 
     </span>
     <span class='ocr_line' id='line_1_105' title="bbox 1298 1842 2245 1893; baseline -0.005 -12"><span class='ocrx_word' id='word_1_707' title='bbox 1298 1843 1495 1881; x_wconf 75' lang='lat' dir='ltr'>inhaerente</span> <span class='ocrx_word' id='word_1_708' title='bbox 1512 1846 1695 1893; x_wconf 82' lang='lat' dir='ltr'>procedit,</span> <span class='ocrx_word' id='word_1_709' title='bbox 1722 1844 1765 1880; x_wconf 82' lang='lat' dir='ltr'>ad</span> <span class='ocrx_word' id='word_1_710' title='bbox 1789 1857 1899 1892; x_wconf 85' lang='lat' dir='ltr'>quam</span> <span class='ocrx_word' id='word_1_711' title='bbox 1915 1842 2145 1881; x_wconf 65' lang='lat' dir='ltr'>inhaerentem</span> <span class='ocrx_word' id='word_1_712' title='bbox 2172 1843 2245 1876; x_wconf 86' lang='lat' dir='ltr'>ani·</span> 
     </span>
     <span class='ocr_line' id='line_1_106' title="bbox 1291 1889 2245 1943; baseline -0.002 -13"><span class='ocrx_word' id='word_1_713' title='bbox 1291 1906 1357 1930; x_wconf 86' lang='lat' dir='ltr'>rnae</span> <span class='ocrx_word' id='word_1_714' title='bbox 1384 1894 1544 1933; x_wconf 77' lang='lat' dir='ltr'>senuitur</span> <span class='ocrx_word' id='word_1_715' title='bbox 1568 1895 1728 1943; x_wconf 77' lang='lat' dir='ltr'>depulsio</span> <span class='ocrx_word' id='word_1_716' title='bbox 1757 1905 1990 1941; x_wconf 83' lang='lat' dir='ltr'>peccatorum</span> <span class='ocrx_word' id='word_1_717' title='bbox 2007 1919 2016 1933; x_wconf 91' lang='lat'>‚</span> <span class='ocrx_word' id='word_1_718' title='bbox 2046 1889 2245 1928; x_wconf 66' lang='lat' dir='ltr'>uteffeetus</span> 
     </span>
     <span class='ocr_line' id='line_1_107' title="bbox 1291 1941 2246 1988; baseline 0.001 -8"><span class='ocrx_word' id='word_1_719' title='bbox 1291 1944 1527 1982; x_wconf 84' lang='lat' dir='ltr'>secundarius</span> <span class='ocrx_word' id='word_1_720' title='bbox 1540 1949 1662 1988; x_wconf 81' lang='lat' dir='ltr'>illius3</span> <span class='ocrx_word' id='word_1_721' title='bbox 1691 1956 1729 1982; x_wconf 90' lang='lat' dir='ltr'>ut</span> <span class='ocrx_word' id='word_1_722' title='bbox 1756 1945 1911 1985; x_wconf 82' lang='lat' dir='ltr'>articulo</span> <span class='ocrx_word' id='word_1_723' title='bbox 1926 1954 1963 1981; x_wconf 86' lang='lat'>2.</span> <span class='ocrx_word' id='word_1_724' title='bbox 1990 1941 2246 1981; x_wconf 82' lang='lat' dir='ltr'>declaratum..</span> 
     </span>
     <span class='ocr_line' id='line_1_108' title="bbox 1288 1996 1381 2036; baseline -0.011 -3"><span class='ocrx_word' id='word_1_725' title='bbox 1288 1996 1357 2033; x_wconf 81' lang='lat' dir='ltr'>fuit</span> <span class='ocrx_word' id='word_1_726' title='bbox 1370 2021 1381 2036; x_wconf 80' lang='grc'><strong>.</strong></span> 
     </span>
    </p>
   </div>
   <div class='ocr_carea' id='block_1_13' title="bbox 1372 2093 2172 2139">
    <p class='ocr_par' dir='ltr' id='par_1_20' title="bbox 1372 2093 2172 2139">
     <span class='ocr_line' id='line_1_109' title="bbox 1372 2093 2172 2139; baseline -0.011 0"><span class='ocrx_word' id='word_1_727' title='bbox 1372 2098 1770 2139; x_wconf 80' lang='lat' dir='ltr'>ARTlCULUS</span> <span class='ocrx_word' id='word_1_728' title='bbox 1814 2093 2172 2138; x_wconf 80' lang='lat' dir='ltr'>INC1DENS.</span> 
     </span>
    </p>
   </div>
   <div class='ocr_carea' id='block_1_14' title="bbox 1342 2193 2194 2299">
    <p class='ocr_par' dir='ltr' id='par_1_21' title="bbox 1342 2193 2194 2299">
     <span class='ocr_line' id='line_1_110' title="bbox 1342 2193 2194 2244; baseline -0.009 -6"><span class='ocrx_word' id='word_1_729' title='bbox 1342 2201 1478 2240; x_wconf 82' lang='lat' dir='ltr'>Utrum</span> <span class='ocrx_word' id='word_1_730' title='bbox 1493 2200 1642 2237; x_wconf 80' lang='lat' dir='ltr'>remiliio</span> <span class='ocrx_word' id='word_1_731' title='bbox 1659 2201 1766 2244; x_wconf 64' lang='lat' dir='ltr'>culpe</span> <span class='ocrx_word' id='word_1_732' title='bbox 1783 2227 1794 2244; x_wconf 86' lang='lat'><strong>,</strong></span> <span class='ocrx_word' id='word_1_733' title='bbox 1822 2200 1857 2235; x_wconf 78' lang='grc'>8(</span> <span class='ocrx_word' id='word_1_734' title='bbox 1875 2197 2006 2235; x_wconf 69' lang='grc' dir='ltr'>ἱηῖιιῐῗο</span> <span class='ocrx_word' id='word_1_735' title='bbox 2023 2194 2137 2241; x_wconf 70' lang='lat' dir='ltr'>gratie</span> <span class='ocrx_word' id='word_1_736' title='bbox 2154 2193 2194 2231; x_wconf 84' lang='lat' dir='ltr'>fit</span> 
     </span>
     <span class='ocr_line' id='line_1_111' title="bbox 1521 2246 2017 2299; baseline -0.01 -11"><span class='ocrx_word' id='word_1_737' title='bbox 1521 2264 1591 2289; x_wconf 86' lang='lat' dir='ltr'>una</span> <span class='ocrx_word' id='word_1_738' title='bbox 1609 2252 1815 2299; x_wconf 72' lang='lat' dir='ltr'>simpliciter</span> <span class='ocrx_word' id='word_1_739' title='bbox 1831 2250 1985 2287; x_wconf 78' lang='lat' dir='ltr'>mutatio</span> <span class='ocrx_word' id='word_1_740' title='bbox 2005 2246 2017 2283; x_wconf 73' lang='grc' dir='ltr'><strong>ἒ</strong></span> 
     </span>
    </p>
   </div>
   <div class='ocr_carea' id='block_1_15' title="bbox 1317 2348 2218 2447">
    <p class='ocr_par' dir='ltr' id='par_1_22' title="bbox 1317 2348 2218 2447">
     <span class='ocr_line' id='line_1_112' title="bbox 1317 2348 2218 2395; baseline 0 -5"><span class='ocrx_word' id='word_1_741' title='bbox 1317 2351 1449 2390; x_wconf 68' lang='lat' dir='ltr'>Doftor</span> <span class='ocrx_word' id='word_1_742' title='bbox 1458 2361 1494 2395; x_wconf 89' lang='lat'>4.</span> <span class='ocrx_word' id='word_1_743' title='bbox 1506 2349 1586 2395; x_wconf 81' lang='lat' dir='ltr'>dist.</span> <span class='ocrx_word' id='word_1_744' title='bbox 1598 2363 1606 2383; x_wconf 81' lang='lat' dir='ltr'>v</span> <span class='ocrx_word' id='word_1_745' title='bbox 1617 2351 1653 2386; x_wconf 90' lang='lat'>6.</span> <span class='ocrx_word' id='word_1_746' title='bbox 1668 2351 1858 2395; x_wconf 69' lang='lat' dir='ltr'>utriurqtte</span> <span class='ocrx_word' id='word_1_747' title='bbox 1869 2348 2016 2388; x_wconf 61' lang='lat' dir='ltr'>siriasi-</span> <span class='ocrx_word' id='word_1_748' title='bbox 2038 2350 2080 2386; x_wconf 76' lang='lat' dir='ltr'>S.</span> <span class='ocrx_word' id='word_1_749' title='bbox 2098 2352 2218 2390; x_wconf 80' lang='lat' dir='ltr'><em>Thom.</em></span> 
     </span>
     <span class='ocr_line' id='line_1_113' title="bbox 1401 2398 2144 2447; baseline 0.003 -10"><span class='ocrx_word' id='word_1_750' title='bbox 1401 2412 1471 2437; x_wconf 61' lang='grc' dir='ltr'>με.</span> <span class='ocrx_word' id='word_1_751' title='bbox 1487 2413 1539 2447; x_wconf 58' lang='lat' dir='ltr'>qa</span> <span class='ocrx_word' id='word_1_752' title='bbox 1555 2410 1722 2445; x_wconf 79' lang='lat' dir='ltr'>13.art.1.</span> <span class='ocrx_word' id='word_1_753' title='bbox 1738 2402 1784 2442; x_wconf 60' lang='grc' dir='ltr'>(θ’</span> <span class='ocrx_word' id='word_1_754' title='bbox 1800 2401 1833 2437; x_wconf 85' lang='grc'>6,</span> <span class='ocrx_word' id='word_1_755' title='bbox 1849 2402 1912 2436; x_wconf 82' lang='lat' dir='ltr'>ubi</span> <span class='ocrx_word' id='word_1_756' title='bbox 1924 2398 2120 2446; x_wconf 74' lang='lat' dir='ltr'>Cajetamaes</span> <span class='ocrx_word' id='word_1_757' title='bbox 2132 2429 2144 2445; x_wconf 92' lang='lat'><em>‚</em></span> 
     </span>
    </p>
   </div>
   <div class='ocr_carea' id='block_1_16' title="bbox 1444 2449 2092 2500">
    <p class='ocr_par' dir='ltr' id='par_1_23' title="bbox 1444 2449 2092 2500">
     <span class='ocr_line' id='line_1_114' title="bbox 1444 2449 2092 2500; baseline 0.003 -13"><span class='ocrx_word' id='word_1_758' title='bbox 1444 2449 1658 2500; x_wconf 75' lang='lat' dir='ltr'>Vasquefiux</span> <span class='ocrx_word' id='word_1_759' title='bbox 1674 2480 1685 2495; x_wconf 90' lang='lat'><em>,</em></span> <span class='ocrx_word' id='word_1_760' title='bbox 1712 2453 1852 2500; x_wconf 67' lang='lat' dir='ltr'>uicique</span> <span class='ocrx_word' id='word_1_761' title='bbox 1885 2450 2066 2498; x_wconf 68' lang='lat' dir='ltr'>Thovaistae</span> <span class='ocrx_word' id='word_1_762' title='bbox 2082 2477 2092 2488; x_wconf 84' lang='lat'><strong>.</strong></span> 
     </span>
    </p>
   </div>
   <div class='ocr_carea' id='block_1_17' title="bbox 1289 2551 2304 3818">
    <p class='ocr_par' dir='ltr' id='par_1_24' title="bbox 1412 2551 2243 2601">
     <span class='ocr_line' id='line_1_115' title="bbox 1412 2551 2243 2601; baseline 0.001 -12"><span class='ocrx_word' id='word_1_763' title='bbox 1412 2552 1534 2590; x_wconf 84' lang='lat' dir='ltr'>ldetur</span> <span class='ocrx_word' id='word_1_764' title='bbox 1565 2553 1742 2593; x_wconf 81' lang='lat' dir='ltr'>remiffi03</span> <span class='ocrx_word' id='word_1_765' title='bbox 1785 2553 1845 2589; x_wconf 85' lang='lat' dir='ltr'>seu</span> <span class='ocrx_word' id='word_1_766' title='bbox 1871 2551 2031 2601; x_wconf 73' lang='lat' dir='ltr'>depulsio</span> <span class='ocrx_word' id='word_1_767' title='bbox 2058 2554 2172 2600; x_wconf 83' lang='lat' dir='ltr'>culpae</span> <span class='ocrx_word' id='word_1_768' title='bbox 2197 2554 2243 2590; x_wconf 78' lang='lat' dir='ltr'>ab</span> 
     </span>
    </p>

    <p class='ocr_par' dir='ltr' id='par_1_25' title="bbox 1289 2602 2304 3311">
     <span class='ocr_line' id='line_1_116' title="bbox 1423 2602 2241 2650; baseline 0.001 -11"><span class='ocrx_word' id='word_1_769' title='bbox 1423 2605 1541 2641; x_wconf 86' lang='lat' dir='ltr'>anima</span> <span class='ocrx_word' id='word_1_770' title='bbox 1560 2632 1570 2647; x_wconf 87' lang='lat'><strong><em>‚</em></strong></span> <span class='ocrx_word' id='word_1_771' title='bbox 1598 2606 1627 2639; x_wconf 60' lang='grc' dir='ltr'>εἰ*</span> <span class='ocrx_word' id='word_1_772' title='bbox 1644 2607 1767 2650; x_wconf 73' lang='lat' dir='ltr'>gratiae</span> <span class='ocrx_word' id='word_1_773' title='bbox 1784 2602 1913 2640; x_wconf 72' lang='lat' dir='ltr'>infufio</span> <span class='ocrx_word' id='word_1_774' title='bbox 1929 2630 1940 2646; x_wconf 93' lang='lat'><strong>,</strong></span> <span class='ocrx_word' id='word_1_775' title='bbox 1968 2615 2038 2639; x_wconf 90' lang='lat' dir='ltr'>non</span> <span class='ocrx_word' id='word_1_776' title='bbox 2062 2604 2128 2641; x_wconf 80' lang='lat' dir='ltr'>esse</span> <span class='ocrx_word' id='word_1_777' title='bbox 2141 2617 2241 2640; x_wconf 73' lang='lat' dir='ltr'>una..</span> 
     </span>
     <span class='ocr_line' id='line_1_117' title="bbox 1291 2655 2243 2701; baseline -0.003 -9"><span class='ocrx_word' id='word_1_778' title='bbox 1291 2656 1490 2701; x_wconf 78' lang='lat' dir='ltr'>eademque</span> <span class='ocrx_word' id='word_1_779' title='bbox 1505 2656 1711 2701; x_wconf 76' lang='lat' dir='ltr'>{impliciter</span> <span class='ocrx_word' id='word_1_780' title='bbox 1728 2655 1883 2693; x_wconf 71' lang='lat' dir='ltr'>mutatio</span> <span class='ocrx_word' id='word_1_781' title='bbox 1899 2679 1909 2691; x_wconf 82' lang='lat'><strong>.</strong></span> <span class='ocrx_word' id='word_1_782' title='bbox 1941 2655 2077 2690; x_wconf 83' lang='lat' dir='ltr'>Etenim</span> <span class='ocrx_word' id='word_1_783' title='bbox 2100 2655 2243 2692; x_wconf 65' lang='lat' dir='ltr'>Author</span> 
     </span>
     <span class='ocr_line' id='line_1_118' title="bbox 1292 2705 2304 2753; baseline 0 -12"><span class='ocrx_word' id='word_1_784' title='bbox 1292 2710 1336 2744; x_wconf 91' lang='lat' dir='ltr'>de</span> <span class='ocrx_word' id='word_1_785' title='bbox 1351 2718 1433 2743; x_wconf 84' lang='lat' dir='ltr'>vera</span> <span class='ocrx_word' id='word_1_786' title='bbox 1449 2733 1458 2748; x_wconf 94' lang='lat'>,</span> <span class='ocrx_word' id='word_1_787' title='bbox 1481 2709 1511 2744; x_wconf 80' lang='grc'>8(</span> <span class='ocrx_word' id='word_1_788' title='bbox 1532 2706 1613 2742; x_wconf 69' lang='lat' dir='ltr'>fals-1</span> <span class='ocrx_word' id='word_1_789' title='bbox 1630 2707 1837 2753; x_wconf 68' lang='lat' dir='ltr'>poenitentia</span> <span class='ocrx_word' id='word_1_790' title='bbox 1854 2718 1865 2746; x_wconf 82' lang='lat'>3</span> <span class='ocrx_word' id='word_1_791' title='bbox 1885 2705 2085 2741; x_wconf 77' lang='lat' dir='ltr'>Dolena&#39;um</span> <span class='ocrx_word' id='word_1_792' title='bbox 2097 2707 2146 2752; x_wconf 71' lang='lat' dir='ltr'>⁶st</span> <span class='ocrx_word' id='word_1_793' title='bbox 2160 2733 2171 2749; x_wconf 89' lang='lat'>‚</span> <span class='ocrx_word' id='word_1_794' title='bbox 2188 2707 2240 2741; x_wconf 80' lang='lat' dir='ltr'>in·</span> <span class='ocrx_word' id='word_1_795' title='bbox 2294 2739 2304 2750; x_wconf 81' lang='grc'>,</span> 
     </span>
     <span class='ocr_line' id='line_1_119' title="bbox 1289 2756 2243 2806; baseline -0.002 -12"><span class='ocrx_word' id='word_1_796' title='bbox 1289 2760 1395 2806; x_wconf 87' lang='lat' dir='ltr'>quit,</span> <span class='ocrx_word' id='word_1_797' title='bbox 1417 2760 1616 2804; x_wconf 82' lang='lat' dir='ltr'>peccatori,</span> <span class='ocrx_word' id='word_1_798' title='bbox 1643 2771 1708 2795; x_wconf 73' lang='lat' dir='ltr'>non</span> <span class='ocrx_word' id='word_1_799' title='bbox 1736 2757 1840 2793; x_wconf 73' lang='lat' dir='ltr'>solam</span> <span class='ocrx_word' id='word_1_800' title='bbox 1867 2760 2156 2804; x_wconf 65' lang='lat' dir='ltr'>quodpectavit‚</span> <span class='ocrx_word' id='word_1_801' title='bbox 2175 2756 2243 2804; x_wconf 68' lang='lat' dir='ltr'>sed</span> 
     </span>
     <span class='ocr_line' id='line_1_120' title="bbox 1290 2807 2242 2858; baseline -0.002 -13"><span class='ocrx_word' id='word_1_802' title='bbox 1290 2811 1377 2858; x_wconf 81' lang='lat' dir='ltr'>quia</span> <span class='ocrx_word' id='word_1_803' title='bbox 1388 2807 1424 2852; x_wconf 64' lang='lat' dir='ltr'>l}</span> <span class='ocrx_word' id='word_1_804' title='bbox 1438 2810 1578 2843; x_wconf 80' lang='lat' dir='ltr'>virtute</span> <span class='ocrx_word' id='word_1_805' title='bbox 1591 2809 1773 2857; x_wconf 66' lang='lat' dir='ltr'>priva-ric.</span> <span class='ocrx_word' id='word_1_806' title='bbox 1793 2809 1945 2843; x_wconf 79' lang='lat' dir='ltr'>Peccare</span> <span class='ocrx_word' id='word_1_807' title='bbox 1961 2808 2073 2852; x_wconf 85' lang='lat' dir='ltr'>igitur</span> <span class='ocrx_word' id='word_1_808' title='bbox 2089 2820 2159 2843; x_wconf 89' lang='lat' dir='ltr'>non</span> <span class='ocrx_word' id='word_1_809' title='bbox 2190 2807 2242 2843; x_wconf 83' lang='lat' dir='ltr'>est</span> 
     </span>
     <span class='ocr_line' id='line_1_121' title="bbox 1292 2858 2242 2906; baseline -0.002 -10"><span class='ocrx_word' id='word_1_810' title='bbox 1292 2859 1491 2896; x_wconf 75' lang='lat' dir='ltr'>formaliter</span> <span class='ocrx_word' id='word_1_811' title='bbox 1504 2860 1537 2895; x_wconf 86' lang='lat' dir='ltr'>se</span> <span class='ocrx_word' id='word_1_812' title='bbox 1553 2861 1688 2895; x_wconf 84' lang='lat' dir='ltr'>virtute</span> <span class='ocrx_word' id='word_1_813' title='bbox 1707 2860 1872 2906; x_wconf 75' lang='lat' dir='ltr'>privare:</span> <span class='ocrx_word' id='word_1_814' title='bbox 1902 2871 1966 2894; x_wconf 87' lang='lat' dir='ltr'>nec</span> <span class='ocrx_word' id='word_1_815' title='bbox 1995 2858 2144 2894; x_wconf 82' lang='lat' dir='ltr'>subinde</span> <span class='ocrx_word' id='word_1_816' title='bbox 2160 2870 2242 2905; x_wconf 82' lang='lat' dir='ltr'>pec-</span> 
     </span>
     <span class='ocr_line' id='line_1_122' title="bbox 1290 2909 2243 2954; baseline -0.001 -10"><span class='ocrx_word' id='word_1_817' title='bbox 1290 2920 1413 2949; x_wconf 83' lang='lat' dir='ltr'>eatum</span> <span class='ocrx_word' id='word_1_818' title='bbox 1431 2909 1628 2946; x_wconf 83' lang='lat' dir='ltr'>formaliter</span> <span class='ocrx_word' id='word_1_819' title='bbox 1640 2910 1688 2946; x_wconf 85' lang='lat' dir='ltr'>est</span> <span class='ocrx_word' id='word_1_820' title='bbox 1701 2909 1850 2945; x_wconf 79' lang='lat' dir='ltr'>virtutis</span> <span class='ocrx_word' id='word_1_821' title='bbox 1870 2910 2025 2954; x_wconf 72' lang='lat' dir='ltr'>privatio</span> <span class='ocrx_word' id='word_1_822' title='bbox 2038 2936 2046 2944; x_wconf 89' lang='lat'><strong>.</strong></span> <span class='ocrx_word' id='word_1_823' title='bbox 2065 2910 2132 2947; x_wconf 85' lang='lat' dir='ltr'>Sed</span> <span class='ocrx_word' id='word_1_824' title='bbox 2152 2909 2172 2944; x_wconf 82' lang='lat' dir='ltr'>fi</span> <span class='ocrx_word' id='word_1_825' title='bbox 2188 2912 2243 2943; x_wconf 85' lang='lat' dir='ltr'>in-</span> 
     </span>
     <span class='ocr_line' id='line_1_123' title="bbox 1291 2959 2242 3007; baseline -0.003 -10"><span class='ocrx_word' id='word_1_826' title='bbox 1291 2960 1383 2997; x_wconf 66' lang='lat' dir='ltr'>fusio</span> <span class='ocrx_word' id='word_1_827' title='bbox 1396 2963 1520 3004; x_wconf 77' lang='lat' dir='ltr'>gratiae</span> <span class='ocrx_word' id='word_1_828' title='bbox 1533 2987 1544 3004; x_wconf 92' lang='lat'><em>‚</em></span> <span class='ocrx_word' id='word_1_829' title='bbox 1560 2972 1640 3007; x_wconf 85' lang='lat' dir='ltr'>quae</span> <span class='ocrx_word' id='word_1_830' title='bbox 1658 2959 1706 2997; x_wconf 86' lang='lat' dir='ltr'>est</span> <span class='ocrx_word' id='word_1_831' title='bbox 1721 2960 1837 2995; x_wconf 79' lang='lat' dir='ltr'>virtus</span> <span class='ocrx_word' id='word_1_832' title='bbox 1852 2959 1889 2994; x_wconf 81' lang='lat' dir='ltr'>lit</span> <span class='ocrx_word' id='word_1_833' title='bbox 1908 2959 2101 2996; x_wconf 72' lang='lat' dir='ltr'>formaliter</span> <span class='ocrx_word' id='word_1_834' title='bbox 2115 2959 2242 3007; x_wconf 73' lang='lat' dir='ltr'>depul-</span> 
     </span>
     <span class='ocr_line' id='line_1_124' title="bbox 1291 3010 2241 3059; baseline -0.001 -12"><span class='ocrx_word' id='word_1_835' title='bbox 1291 3012 1342 3051; x_wconf 81' lang='lat' dir='ltr'>{io</span> <span class='ocrx_word' id='word_1_836' title='bbox 1355 3010 1511 3058; x_wconf 83' lang='lat' dir='ltr'>alicujus</span> <span class='ocrx_word' id='word_1_837' title='bbox 1530 3011 1745 3059; x_wconf 81' lang='lat' dir='ltr'>privationis</span> <span class='ocrx_word' id='word_1_838' title='bbox 1759 3038 1769 3053; x_wconf 95' lang='lat'><strong><em>,</em></strong></span> <span class='ocrx_word' id='word_1_839' title='bbox 1798 3022 1870 3046; x_wconf 86' lang='lat' dir='ltr'>non</span> <span class='ocrx_word' id='word_1_840' title='bbox 1887 3011 2031 3047; x_wconf 75' lang='lat' dir='ltr'>alterius</span> <span class='ocrx_word' id='word_1_841' title='bbox 2051 3012 2114 3046; x_wconf 85' lang='lat' dir='ltr'>erit</span> <span class='ocrx_word' id='word_1_842' title='bbox 2130 3022 2241 3057; x_wconf 81' lang='lat' dir='ltr'>quam</span> 
     </span>
     <span class='ocr_line' id='line_1_125' title="bbox 1291 3060 2241 3111; baseline -0.001 -13"><span class='ocrx_word' id='word_1_843' title='bbox 1291 3061 1437 3111; x_wconf 78' lang='lat' dir='ltr'>proprie</span> <span class='ocrx_word' id='word_1_844' title='bbox 1454 3061 1668 3110; x_wconf 74' lang='lat' dir='ltr'>privationis</span> <span class='ocrx_word' id='word_1_845' title='bbox 1686 3088 1697 3104; x_wconf 92' lang='lat'><em>,</em></span> <span class='ocrx_word' id='word_1_846' title='bbox 1711 3073 1799 3108; x_wconf 88' lang='lat' dir='ltr'>ergo</span> <span class='ocrx_word' id='word_1_847' title='bbox 1815 3071 1885 3097; x_wconf 90' lang='lat' dir='ltr'>non</span> <span class='ocrx_word' id='word_1_848' title='bbox 1897 3060 1946 3098; x_wconf 86' lang='lat' dir='ltr'>est</span> <span class='ocrx_word' id='word_1_849' title='bbox 1963 3061 2035 3109; x_wconf 77' lang='lat' dir='ltr'>ipsa</span> <span class='ocrx_word' id='word_1_850' title='bbox 2048 3062 2163 3107; x_wconf 85' lang='lat' dir='ltr'>culpae</span> <span class='ocrx_word' id='word_1_851' title='bbox 2176 3075 2241 3097; x_wconf 83' lang='lat' dir='ltr'>ex-</span> 
     </span>
     <span class='ocr_line' id='line_1_126' title="bbox 1294 3110 2243 3162; baseline -0.004 -14"><span class='ocrx_word' id='word_1_852' title='bbox 1294 3112 1410 3162; x_wconf 71' lang='lat' dir='ltr'>pulsio</span> <span class='ocrx_word' id='word_1_853' title='bbox 1429 3125 1441 3153; x_wconf 71' lang='grc' dir='ltr'><strong>ς</strong></span> <span class='ocrx_word' id='word_1_854' title='bbox 1471 3113 1583 3159; x_wconf 80' lang='lat' dir='ltr'>igitur</span> <span class='ocrx_word' id='word_1_855' title='bbox 1599 3110 1649 3149; x_wconf 83' lang='lat' dir='ltr'>est</span> <span class='ocrx_word' id='word_1_856' title='bbox 1676 3114 1744 3148; x_wconf 80' lang='lat' dir='ltr'>alia</span> <span class='ocrx_word' id='word_1_857' title='bbox 1763 3113 1911 3148; x_wconf 76' lang='lat' dir='ltr'>materia</span> <span class='ocrx_word' id='word_1_858' title='bbox 1927 3112 2064 3148; x_wconf 86' lang='lat' dir='ltr'>doloris</span> <span class='ocrx_word' id='word_1_859' title='bbox 2088 3113 2243 3155; x_wconf 78' lang='lat' dir='ltr'>privatio</span> 
     </span>
     <span class='ocr_line' id='line_1_127' title="bbox 1292 3160 2243 3211; baseline -0.001 -12"><span class='ocrx_word' id='word_1_860' title='bbox 1292 3163 1443 3199; x_wconf 83' lang='lat' dir='ltr'>virtutis</span> <span class='ocrx_word' id='word_1_861' title='bbox 1458 3189 1470 3205; x_wconf 89' lang='lat'>‚</span> <span class='ocrx_word' id='word_1_862' title='bbox 1499 3164 1531 3198; x_wconf 76' lang='lat'>8&lt;</span> <span class='ocrx_word' id='word_1_863' title='bbox 1549 3160 1620 3211; x_wconf 82' lang='lat' dir='ltr'>ipsa</span> <span class='ocrx_word' id='word_1_864' title='bbox 1637 3165 1740 3210; x_wconf 84' lang='lat' dir='ltr'>culpa</span> <span class='ocrx_word' id='word_1_865' title='bbox 1757 3191 1766 3206; x_wconf 90' lang='lat'>‚</span> <span class='ocrx_word' id='word_1_866' title='bbox 1796 3174 1884 3207; x_wconf 83' lang='lat' dir='ltr'>ergo</span> <span class='ocrx_word' id='word_1_867' title='bbox 1900 3175 1962 3208; x_wconf 83' lang='lat' dir='ltr'>per</span> <span class='ocrx_word' id='word_1_868' title='bbox 1979 3163 2216 3209; x_wconf 63' lang='lat' dir='ltr'>oppositum.»</span> <span class='ocrx_word' id='word_1_869' title='bbox 2232 3190 2243 3205; x_wconf 92' lang='lat'>‚</span> 
     </span>
     <span class='ocr_line' id='line_1_128' title="bbox 1292 3212 2242 3261; baseline -0.001 -11"><span class='ocrx_word' id='word_1_870' title='bbox 1292 3212 1461 3261; x_wconf 73' lang='lat' dir='ltr'>expulsio</span> <span class='ocrx_word' id='word_1_871' title='bbox 1490 3213 1597 3259; x_wconf 70' lang='lat' dir='ltr'>culpe</span> <span class='ocrx_word' id='word_1_872' title='bbox 1619 3213 1837 3260; x_wconf 86' lang='lat' dir='ltr'>virtutisque</span> <span class='ocrx_word' id='word_1_873' title='bbox 1867 3212 2043 3250; x_wconf 86' lang='lat' dir='ltr'>restitutio</span> <span class='ocrx_word' id='word_1_874' title='bbox 2061 3240 2074 3259; x_wconf 90' lang='lat'><em>‚</em></span> <span class='ocrx_word' id='word_1_875' title='bbox 2103 3213 2151 3251; x_wconf 85' lang='lat' dir='ltr'>est</span> <span class='ocrx_word' id='word_1_876' title='bbox 2175 3215 2242 3249; x_wconf 84' lang='lat' dir='ltr'>alia</span> 
     </span>
     <span class='ocr_line' id='line_1_129' title="bbox 1291 3263 1807 3311; baseline 0.002 -11"><span class='ocrx_word' id='word_1_877' title='bbox 1291 3276 1400 3311; x_wconf 88' lang='lat' dir='ltr'>atque</span> <span class='ocrx_word' id='word_1_878' title='bbox 1415 3264 1480 3299; x_wconf 76' lang='lat' dir='ltr'>alia</span> <span class='ocrx_word' id='word_1_879' title='bbox 1494 3263 1639 3299; x_wconf 87' lang='lat' dir='ltr'>materia</span> <span class='ocrx_word' id='word_1_880' title='bbox 1656 3265 1780 3308; x_wconf 67' lang='lat' dir='ltr'>gaudii</span> <span class='ocrx_word' id='word_1_881' title='bbox 1797 3289 1807 3301; x_wconf 88' lang='grc'><strong>.</strong></span> 
     </span>
    </p>

    <p class='ocr_par' dir='ltr' id='par_1_26' title="bbox 1291 3314 2249 3818">
     <span class='ocr_line' id='line_1_130' title="bbox 1396 3314 2245 3362; baseline 0.001 -13"><span class='ocrx_word' id='word_1_882' title='bbox 1396 3317 1560 3359; x_wconf 79' lang='lat' dir='ltr'>Preterea</span> <span class='ocrx_word' id='word_1_883' title='bbox 1578 3340 1587 3353; x_wconf 83' lang='grc'>,</span> <span class='ocrx_word' id='word_1_884' title='bbox 1622 3314 1660 3349; x_wconf 93' lang='lat' dir='ltr'>ln</span> <span class='ocrx_word' id='word_1_885' title='bbox 1677 3315 1874 3351; x_wconf 80' lang='lat' dir='ltr'>moralibus</span> <span class='ocrx_word' id='word_1_886' title='bbox 1889 3314 2076 3362; x_wconf 81' lang='lat' dir='ltr'>corruptio</span> <span class='ocrx_word' id='word_1_887' title='bbox 2091 3314 2170 3350; x_wconf 81' lang='lat' dir='ltr'>vitii</span> <span class='ocrx_word' id='word_1_888' title='bbox 2196 3314 2245 3350; x_wconf 85' lang='lat' dir='ltr'>est</span> 
     </span>
     <span class='ocr_line' id='line_1_131' title="bbox 1292 3365 2248 3412; baseline -0.001 -12"><span class='ocrx_word' id='word_1_889' title='bbox 1292 3365 1365 3401; x_wconf 85' lang='lat' dir='ltr'>alia</span> <span class='ocrx_word' id='word_1_890' title='bbox 1384 3366 1540 3400; x_wconf 77' lang='lat' dir='ltr'>mutatio</span> <span class='ocrx_word' id='word_1_891' title='bbox 1551 3365 1818 3402; x_wconf 71' lang='lat' dir='ltr'>abindnffione</span> <span class='ocrx_word' id='word_1_892' title='bbox 1831 3367 1979 3402; x_wconf 79' lang='lat' dir='ltr'>virtutis</span> <span class='ocrx_word' id='word_1_893' title='bbox 1996 3378 2008 3406; x_wconf 78' lang='lat'>3</span> <span class='ocrx_word' id='word_1_894' title='bbox 2031 3377 2117 3412; x_wconf 82' lang='lat' dir='ltr'>ergo</span> <span class='ocrx_word' id='word_1_895' title='bbox 2132 3365 2248 3401; x_wconf 70' lang='lat' dir='ltr'>fimiti-</span> 
     </span>
     <span class='ocr_line' id='line_1_132' title="bbox 1292 3415 2247 3461; baseline -0.001 -9"><span class='ocrx_word' id='word_1_896' title='bbox 1292 3426 1348 3452; x_wconf 86' lang='lat' dir='ltr'>ter</span> <span class='ocrx_word' id='word_1_897' title='bbox 1360 3416 1420 3450; x_wconf 84' lang='lat' dir='ltr'>hic</span> <span class='ocrx_word' id='word_1_898' title='bbox 1435 3440 1445 3450; x_wconf 86' lang='lat'><em>.</em></span> <span class='ocrx_word' id='word_1_899' title='bbox 1475 3415 1646 3452; x_wconf 86' lang='lat' dir='ltr'>Probatio</span> <span class='ocrx_word' id='word_1_900' title='bbox 1660 3417 1903 3454; x_wconf 83' lang='lat' dir='ltr'>antecedentis</span> <span class='ocrx_word' id='word_1_901' title='bbox 1919 3417 2071 3453; x_wconf 83' lang='lat' dir='ltr'>:vitium</span> <span class='ocrx_word' id='word_1_902' title='bbox 2086 3415 2134 3452; x_wconf 87' lang='lat' dir='ltr'>est</span> <span class='ocrx_word' id='word_1_903' title='bbox 2146 3429 2247 3461; x_wconf 80' lang='lat' dir='ltr'>quae-</span> 
     </span>
     <span class='ocr_line' id='line_1_133' title="bbox 1291 3466 2247 3513; baseline 0 -12"><span class='ocrx_word' id='word_1_904' title='bbox 1291 3466 1377 3504; x_wconf 83' lang='lat' dir='ltr'>dam</span> <span class='ocrx_word' id='word_1_905' title='bbox 1390 3467 1549 3511; x_wconf 82' lang='lat' dir='ltr'>qualitas</span> <span class='ocrx_word' id='word_1_906' title='bbox 1562 3466 1770 3513; x_wconf 78' lang='lat' dir='ltr'>pofitiva‚ut</span> <span class='ocrx_word' id='word_1_907' title='bbox 1786 3469 1964 3503; x_wconf 85' lang='lat' dir='ltr'>timiditas</span> <span class='ocrx_word' id='word_1_908' title='bbox 1983 3491 1997 3509; x_wconf 83' lang='lat'><strong>‚</strong></span> <span class='ocrx_word' id='word_1_909' title='bbox 2023 3468 2080 3502; x_wconf 88' lang='lat' dir='ltr'>vel</span> <span class='ocrx_word' id='word_1_910' title='bbox 2094 3468 2247 3513; x_wconf 79' lang='lat' dir='ltr'>parcitas</span> 
     </span>
     <span class='ocr_line' id='line_1_134' title="bbox 1292 3517 2245 3555; baseline 0 -1"><span class='ocrx_word' id='word_1_911' title='bbox 1292 3529 1366 3554; x_wconf 75' lang='lat' dir='ltr'>non</span> <span class='ocrx_word' id='word_1_912' title='bbox 1384 3517 1477 3552; x_wconf 86' lang='lat' dir='ltr'>enim</span> <span class='ocrx_word' id='word_1_913' title='bbox 1493 3519 1610 3553; x_wconf 91' lang='lat' dir='ltr'>omnis</span> <span class='ocrx_word' id='word_1_914' title='bbox 1628 3529 1749 3555; x_wconf 84' lang='lat' dir='ltr'>carens</span> <span class='ocrx_word' id='word_1_915' title='bbox 1776 3517 1990 3555; x_wconf 80' lang='lat' dir='ltr'>fortitudine</span> <span class='ocrx_word' id='word_1_916' title='bbox 2005 3517 2054 3553; x_wconf 84' lang='lat' dir='ltr'>est</span> <span class='ocrx_word' id='word_1_917' title='bbox 2074 3517 2245 3554; x_wconf 82' lang='lat' dir='ltr'>timidus:</span> 
     </span>
     <span class='ocr_line' id='line_1_135' title="bbox 1294 3566 2247 3610; baseline 0.002 -8"><span class='ocrx_word' id='word_1_918' title='bbox 1294 3566 1353 3602; x_wconf 86' lang='lat' dir='ltr'>sed</span> <span class='ocrx_word' id='word_1_919' title='bbox 1371 3567 1507 3604; x_wconf 84' lang='lat' dir='ltr'>habens</span> <span class='ocrx_word' id='word_1_920' title='bbox 1519 3567 1681 3604; x_wconf 77' lang='lat' dir='ltr'>habitum</span> <span class='ocrx_word' id='word_1_921' title='bbox 1700 3569 1927 3606; x_wconf 78' lang='lat' dir='ltr'>inclinantem</span> <span class='ocrx_word' id='word_1_922' title='bbox 1946 3568 1991 3603; x_wconf 77' lang='lat' dir='ltr'>ad</span> <span class='ocrx_word' id='word_1_923' title='bbox 2018 3568 2215 3604; x_wconf 85' lang='lat' dir='ltr'>timendum</span> <span class='ocrx_word' id='word_1_924' title='bbox 2233 3595 2247 3610; x_wconf 88' lang='lat'><em>,</em></span> 
     </span>
     <span class='ocr_line' id='line_1_136' title="bbox 1294 3618 2249 3667; baseline 0 -15"><span class='ocrx_word' id='word_1_925' title='bbox 1294 3629 1362 3652; x_wconf 86' lang='lat' dir='ltr'>nec</span> <span class='ocrx_word' id='word_1_926' title='bbox 1377 3618 1591 3664; x_wconf 82' lang='lat' dir='ltr'>quicunque</span> <span class='ocrx_word' id='word_1_927' title='bbox 1610 3619 1824 3655; x_wconf 81' lang='lat' dir='ltr'>liberalitate</span> <span class='ocrx_word' id='word_1_928' title='bbox 1840 3630 1966 3656; x_wconf 63' lang='lat' dir='ltr'>carens</span> <span class='ocrx_word' id='word_1_929' title='bbox 1980 3645 1992 3661; x_wconf 88' lang='lat'>,</span> <span class='ocrx_word' id='word_1_930' title='bbox 2019 3619 2066 3654; x_wconf 86' lang='lat' dir='ltr'>est</span> <span class='ocrx_word' id='word_1_931' title='bbox 2093 3631 2222 3667; x_wconf 86' lang='lat' dir='ltr'>parcus</span> <span class='ocrx_word' id='word_1_932' title='bbox 2238 3646 2249 3661; x_wconf 88' lang='lat'><strong><em>‚</em></strong></span> 
     </span>
     <span class='ocr_line' id='line_1_137' title="bbox 1294 3667 2249 3718; baseline 0.001 -14"><span class='ocrx_word' id='word_1_933' title='bbox 1294 3667 1353 3704; x_wconf 89' lang='lat' dir='ltr'>sed</span> <span class='ocrx_word' id='word_1_934' title='bbox 1370 3667 1435 3713; x_wconf 86' lang='lat' dir='ltr'>qui</span> <span class='ocrx_word' id='word_1_935' title='bbox 1457 3669 1625 3704; x_wconf 79' lang='lat' dir='ltr'>habitum</span> <span class='ocrx_word' id='word_1_936' title='bbox 1657 3669 1844 3718; x_wconf 74' lang='lat' dir='ltr'>acquisivit</span> <span class='ocrx_word' id='word_1_937' title='bbox 1871 3683 1918 3706; x_wconf 88' lang='lat' dir='ltr'>cx</span> <span class='ocrx_word' id='word_1_938' title='bbox 1945 3671 2076 3706; x_wconf 86' lang='lat' dir='ltr'>crebris</span> <span class='ocrx_word' id='word_1_939' title='bbox 2107 3670 2249 3707; x_wconf 64' lang='lat' dir='ltr'>aelibus</span> 
     </span>
     <span class='ocr_line' id='line_1_138' title="bbox 1293 3719 2249 3767; baseline 0.003 -15"><span class='ocrx_word' id='word_1_940' title='bbox 1293 3730 1401 3766; x_wconf 79' lang='lat' dir='ltr'>parce</span> <span class='ocrx_word' id='word_1_941' title='bbox 1416 3720 1547 3764; x_wconf 70' lang='lat' dir='ltr'>agendi</span> <span class='ocrx_word' id='word_1_942' title='bbox 1562 3747 1573 3754; x_wconf 92' lang='lat'><strong>.</strong></span> <span class='ocrx_word' id='word_1_943' title='bbox 1601 3720 1713 3767; x_wconf 78' lang='lat' dir='ltr'>Qotl</span> <span class='ocrx_word' id='word_1_944' title='bbox 1727 3721 1834 3756; x_wconf 79' lang='lat' dir='ltr'>ctiam</span> <span class='ocrx_word' id='word_1_945' title='bbox 1850 3720 1897 3756; x_wconf 78' lang='lat' dir='ltr'>est</span> <span class='ocrx_word' id='word_1_946' title='bbox 1915 3719 2062 3755; x_wconf 76' lang='lat' dir='ltr'>evidens</span> <span class='ocrx_word' id='word_1_947' title='bbox 2078 3721 2111 3756; x_wconf 84' lang='lat' dir='ltr'>in</span> <span class='ocrx_word' id='word_1_948' title='bbox 2134 3722 2249 3761; x_wconf 82' lang='lat' dir='ltr'>vitiis;</span> 
     </span>
     <span class='ocr_line' id='line_1_139' title="bbox 1297 3771 2249 3818; baseline 0.002 -14"><span class='ocrx_word' id='word_1_949' title='bbox 1297 3781 1378 3804; x_wconf 84' lang='lat' dir='ltr'>nam</span> <span class='ocrx_word' id='word_1_950' title='bbox 1404 3780 1561 3804; x_wconf 82' lang='lat' dir='ltr'>extrema</span> <span class='ocrx_word' id='word_1_951' title='bbox 1577 3771 1754 3806; x_wconf 83' lang='lat' dir='ltr'>inclinant</span> <span class='ocrx_word' id='word_1_952' title='bbox 1781 3772 1959 3818; x_wconf 87' lang='lat' dir='ltr'>potentias</span> <span class='ocrx_word' id='word_1_953' title='bbox 1976 3772 2181 3806; x_wconf 73' lang='lat' dir='ltr'>virtu-liter</span> <span class='ocrx_word' id='word_1_954' title='bbox 2204 3771 2249 3806; x_wconf 86' lang='lat' dir='ltr'>ad</span> 
     </span>
    </p>
   </div>
   <div class='ocr_carea' id='block_1_18' title="bbox 1299 3819 2249 3907">
    <p class='ocr_par' dir='ltr' id='par_1_27' title="bbox 1299 3819 2249 3907">
     <span class='ocr_line' id='line_1_140' title="bbox 1299 3819 2249 3907; baseline 0.002 -52"><span class='ocrx_word' id='word_1_955' title='bbox 1299 3819 1445 3856; x_wconf 76' lang='lat' dir='ltr'>habitus</span> <span class='ocrx_word' id='word_1_956' title='bbox 1463 3819 1524 3855; x_wconf 82' lang='lat' dir='ltr'>libi</span> <span class='ocrx_word' id='word_1_957' title='bbox 1538 3820 1741 3857; x_wconf 85' lang='lat' dir='ltr'>conformes</span> <span class='ocrx_word' id='word_1_958' title='bbox 1758 3848 1768 3863; x_wconf 88' lang='lat'><em>‚</em></span> <span class='ocrx_word' id='word_1_959' title='bbox 1798 3821 1885 3858; x_wconf 79' lang='lat' dir='ltr'>sicut</span> <span class='ocrx_word' id='word_1_960' title='bbox 1905 3820 2018 3856; x_wconf 81' lang='lat' dir='ltr'>media</span> <span class='ocrx_word' id='word_1_961' title='bbox 2034 3821 2077 3856; x_wconf 85' lang='lat' dir='ltr'>ad</span> <span class='ocrx_word' id='word_1_962' title='bbox 2090 3822 2249 3907; x_wconf 44' lang='lat' dir='ltr'>³61⁰}sp</span> 
     </span>
     <span class='ocr_line' id='line_1_141' title="bbox 2190 3883 2200 3905; baseline 0 0"><span class='ocrx_word' id='word_1_963' title='bbox 2190 3883 2200 3905; x_wconf 80' lang='grc' dir='ltr'>Ι</span> 
     </span>
    </p>
   </div>
   <div class='ocr_carea' id='block_1_19' title="bbox 1422 752 2478 833">
    <p class='ocr_par' dir='ltr' id='par_1_28' title="bbox 1422 752 2478 833">
     <span class='ocr_line' id='line_1_142' title="bbox 1422 752 2478 833; baseline -0.003 -15"><span class='ocrx_word' id='word_1_964' title='bbox 1422 783 1654 820; x_wconf 83' lang='lat' dir='ltr'>dimiffionem</span> <span class='ocrx_word' id='word_1_965' title='bbox 1686 785 1888 833; x_wconf 82' lang='lat' dir='ltr'>computari</span> <span class='ocrx_word' id='word_1_966' title='bbox 1917 782 2048 818; x_wconf 89' lang='lat' dir='ltr'>debere</span> <span class='ocrx_word' id='word_1_967' title='bbox 2085 782 2176 816; x_wconf 85' lang='lat' dir='ltr'>inter</span> <span class='ocrx_word' id='word_1_968' title='bbox 2203 792 2243 815; x_wconf 88' lang='lat' dir='ltr'>ea</span> <span class='ocrx_word' id='word_1_969' title='bbox 2284 752 2478 824; x_wconf 43' lang='lat' dir='ltr'>ffjssss‘f&#39;q&#39;</span> 
     </span>
    </p>
   </div>
   <div class='ocr_carea' id='block_1_20' title="bbox 2277 881 2476 950">
    <p class='ocr_par' dir='ltr' id='par_1_29' title="bbox 2277 881 2476 950">
     <span class='ocr_line' id='line_1_143' title="bbox 2277 881 2476 920; baseline 0.005 -9"><span class='ocrx_word' id='word_1_970' title='bbox 2277 892 2306 919; x_wconf 69' lang='lat'>4,</span> <span class='ocrx_word' id='word_1_971' title='bbox 2318 881 2377 911; x_wconf 79' lang='lat' dir='ltr'>dist.</span> <span class='ocrx_word' id='word_1_972' title='bbox 2388 891 2428 920; x_wconf 57' lang='grc' dir='ltr'>μς</span> <span class='ocrx_word' id='word_1_973' title='bbox 2437 886 2476 912; x_wconf 77' lang='lat'>.6.</span> 
     </span>
     <span class='ocr_line' id='line_1_144' title="bbox 2278 923 2345 950; baseline 0 0"><span class='ocrx_word' id='word_1_974' title='bbox 2278 931 2295 950; x_wconf 90' lang='lat' dir='ltr'>n</span> <span class='ocrx_word' id='word_1_975' title='bbox 2316 923 2345 950; x_wconf 82' lang='lat'>8.</span> 
     </span>
    </p>
   </div>
   <div class='ocr_carea' id='block_1_21' title="bbox 2277 1007 2477 1133">
    <p class='ocr_par' dir='ltr' id='par_1_30' title="bbox 2277 1007 2477 1133">
     <span class='ocr_line' id='line_1_145' title="bbox 2334 1007 2477 1041; baseline -0.007 -3"><span class='ocrx_word' id='word_1_976' title='bbox 2334 1007 2477 1041; x_wconf 75' lang='lat' dir='ltr'>videndus</span> 
     </span>
     <span class='ocr_line' id='line_1_146' title="bbox 2280 1053 2477 1091; baseline 0.015 -12"><span class='ocrx_word' id='word_1_977' title='bbox 2280 1053 2401 1091; x_wconf 81' lang='lat' dir='ltr'>Mayron</span> <span class='ocrx_word' id='word_1_978' title='bbox 2447 1055 2477 1081; x_wconf 84' lang='lat'>4·</span> 
     </span>
     <span class='ocr_line' id='line_1_147' title="bbox 2277 1091 2477 1133; baseline 0.005 -12"><span class='ocrx_word' id='word_1_979' title='bbox 2277 1091 2338 1122; x_wconf 69' lang='lat' dir='ltr'>dist·</span> <span class='ocrx_word' id='word_1_980' title='bbox 2354 1101 2364 1121; x_wconf 78' lang='grc' dir='ltr'>Ι</span> <span class='ocrx_word' id='word_1_981' title='bbox 2371 1111 2380 1122; x_wconf 81' lang='grc' dir='ltr'><strong><em>ο</em></strong></span> <span class='ocrx_word' id='word_1_982' title='bbox 2402 1104 2420 1133; x_wconf 79' lang='lat' dir='ltr'>q</span> <span class='ocrx_word' id='word_1_983' title='bbox 2427 1106 2435 1114; x_wconf 84' lang='lat'><em>⁰</em></span> <span class='ocrx_word' id='word_1_984' title='bbox 2446 1098 2477 1125; x_wconf 79' lang='lat'>4⁰</span> 
     </span>
    </p>
   </div>
   <div class='ocr_carea' id='block_1_22' title="bbox 2279 1786 2481 1903">
    <p class='ocr_par' dir='ltr' id='par_1_31' title="bbox 2279 1786 2481 1903">
     <span class='ocr_line' id='line_1_148' title="bbox 2339 1786 2481 1819; baseline -0.021 -4"><span class='ocrx_word' id='word_1_985' title='bbox 2339 1786 2481 1819; x_wconf 70' lang='lat' dir='ltr'>Pleraque</span> 
     </span>
     <span class='ocr_line' id='line_1_149' title="bbox 2281 1825 2480 1857; baseline -0.01 -3"><span class='ocrx_word' id='word_1_986' title='bbox 2281 1825 2333 1854; x_wconf 85' lang='lat' dir='ltr'>huc</span> <span class='ocrx_word' id='word_1_987' title='bbox 2366 1825 2480 1857; x_wconf 61' lang='lat' dir='ltr'>seientia,</span> 
     </span>
     <span class='ocr_line' id='line_1_150' title="bbox 2279 1873 2429 1903; baseline -0.013 -9"><span class='ocrx_word' id='word_1_988' title='bbox 2279 1873 2429 1903; x_wconf 62' lang='lat' dir='ltr'>tangentur</span> 
     </span>
    </p>
   </div>
   <div class='ocr_carea' id='block_1_23' title="bbox 2279 1902 2424 1942">
    <p class='ocr_par' dir='ltr' id='par_1_32' title="bbox 2279 1902 2424 1942">
     <span class='ocr_line' id='line_1_151' title="bbox 2279 1902 2424 1942; baseline -0.021 -8"><span class='ocrx_word' id='word_1_989' title='bbox 2279 1912 2336 1934; x_wconf 78' lang='lat' dir='ltr'>art.</span> <span class='ocrx_word' id='word_1_990' title='bbox 2344 1902 2424 1942; x_wconf 47' lang='lat' dir='ltr'>seqq.</span> 
     </span>
    </p>
   </div>
   <div class='ocr_carea' id='block_1_24' title="bbox 2277 2645 2479 2724">
    <p class='ocr_par' dir='ltr' id='par_1_33' title="bbox 2277 2645 2479 2724">
     <span class='ocr_line' id='line_1_152' title="bbox 2327 2645 2479 2683; baseline 0 -9"><span class='ocrx_word' id='word_1_991' title='bbox 2327 2645 2437 2683; x_wconf 66' lang='lat' dir='ltr'>Magist.</span> <span class='ocrx_word' id='word_1_992' title='bbox 2448 2656 2479 2683; x_wconf 72' lang='lat'>⁴·</span> 
     </span>
     <span class='ocr_line' id='line_1_153' title="bbox 2277 2680 2477 2724; baseline 0.02 -12"><span class='ocrx_word' id='word_1_993' title='bbox 2277 2680 2338 2713; x_wconf 82' lang='lat' dir='ltr'>dist.</span> <span class='ocrx_word' id='word_1_994' title='bbox 2356 2689 2398 2714; x_wconf 86' lang='lat'>16.</span> <span class='ocrx_word' id='word_1_995' title='bbox 2414 2696 2477 2724; x_wconf 78' lang='lat' dir='ltr'>cap·</span> 
     </span>
    </p>
   </div>
  </div>
 </body>
</html>
