2628 4011
98 1232 212 1264 Kithar.
231 1239 260 1268 3.

60 1271 128 1302 diff.
145 1280 191 1307 33·
202 1279 263 1301 art-

62 1319 92 1384 {1
102 1319 178 1378 qiilt'.
212 1357 263 1386 ις.

61 1396 115 1417 “t-
128 1396 155 1417 Ε.

61 1828 140 1862 Ma:-
153 1827 260 1855 Aureo-

61 1861 262 1904 lus'3.dis1'.33·

62 1911 121 1934 art.
135 1911 163 1939 ς.

64 1990 168 2028 4.dist.
183 2001 262 2025 29.n.

61 2040 112 2060 ιι.

66 2119 161 2186 306dist.
174 2127 220 2156 ις.
230 2129 260 2149 n.

69 2254 97 2282 3-
109 2245 262 2289 &bic-‚cap-

62 2294 91 2314 ι.
100 2286 135 2314 de
147 2286 259 2316 fortitu-

61 2322 125 2352 dine
159 2326 260 2356 virtute

59 2361 117 2392 late
127 2362 259 2394 differen-

59 2408 116 2429 tem
161 2401 257 2433 videtis

59 2440 191 2470 Richard.
227 2451 256 2478 3.

61 2478 124 2515 dr'st.
137 2487 149 2515 3
158 2488 186 2516 3·
196 2489 257 2510 art·

734 20 894 68 ‘somus
912 20 993 71 HJ,
1016 23 1122 69 Par.
1138 20 1196 98 [I.
1213 19 1405 95 Qaestt'o
1422 18 1585 68 LXVI.
1596 23 1697 71 Art.
1713 23 1770 70 II.

1319 89 1387 125 else
1404 91 1536 124 multas
1552 90 1658 126 facies
1672 118 1682 133 ‚
1707 101 1800 137 quas
1814 102 1983 129 memorat
2000 96 2197 142 Apostolus
2211 98 2284 134 di·'

304 95 425 130 ficiens
440 93 648 130 irascibilem
677 89 726 126 est
740 89 919 124 fortitudo
947 114 956 122 .
988 89 1089 125 Sicut
1117 102 1244 128 emm,

303 141 744 191 concupiscibilisindiget
771 139 932 173 ordinari
949 139 1044 173 circa
1065 153 1104 175 ea
1122 167 1133 182 ,
1161 152 1246 187 quae

304 193 385 230 sum
398 206 478 231 nata
493 196 607 240 primo
624 191 770 237 appeti,
782 201 824 224 ne
844 188 1074 224 immoderate
1087 191 1131 224 ad
1143 203 1182 226 ea
1196 190 1246 226 fe-

304 256 404 281 ratur
420 272 430 287 ,
458 247 503 279 ita
515 244 620 278 etiam
637 238 822 276 irascibilis
835 239 970 285 indiget
995 239 1169 275 moderari
1182 252 1244 288 pet

304 296 468 330 habitum
486 320 496 335 ‚
516 304 558 327 ne
573 289 810 324 immoderate
826 290 856 325 8(
872 290 959 323 citra
990 288 1170 326 dietamen
1187 303 1242 325 ra-

303 347 412 381 tionis
425 343 529 379 reElae
542 340 628 375 velit
640 339 824 375 offendens
843 339 1051 387 propellere,
1066 342 1099 376 8(
1118 340 1242 375 ulcisci

303 395 419 431 deillo
430 391 618 441 plusquam
635 391 738 426 causa
756 393 878 436 exigat
899 418 906 423 .
934 391 967 424 8(
985 391 1133 426 habitus
1162 403 1240 438 quo

301 444 504 489 disponitur
517 440 559 477 ad
577 442 846 488 propellendum
860 439 1043 476 offendens
1056 467 1066 481 ‚
1093 442 1161 476 dici
1180 452 1244 487 po-

301 495 366 531 test
382 492 593 530 bellicolitas
607 517 614 526 .
628 493 695 528 Sed
711 494 768 528 ille
783 519 794 535 ‚
817 504 892 538 quo
904 491 1104 539 disponitur
1117 493 1160 527 ad
1173 503 1242 526 non

301 543 543 591 repellendum
557 569 567 583 ‚
579 542 633 578 sed
650 545 759 590 magis
775 543 816 578 ad
832 542 1074 578 sustinendum
1091 567 1102 583 ,
1122 542 1245 590 appel-

301 594 576 640 latui-parientm
595 606 604 629 ε
633 595 664 630 8(
679 594 767 640 quia
782 592 964 628 difficilius
976 593 1024 628 est
1042 606 1113 629 nou
1127 593 1241 640 repel-

297 645 370 680 lere
382 670 392 686 ,
419 656 526 692 quam
545 645 714 693 repellere
726 644 826 691 quod
842 644 1034 679 molestiam
1048 643 1148 680 affert
1163 670 1173 685 ‚
1187 645 1242 679 vel

299 695 470 730 damnum
486 694 590 731 infert
609 722 620 738 ‚
646 695 726 730 ideo
749 697 929 743 patientia
953 693 1000 729 est
1028 695 1240 731 nobiliffima

300 744 479 780 fortitudo
493 770 501 779 .
533 749 658 794 <Qut
673 748 789 782 virtus
802 746 876 780 haec
892 745 1111 791 perfeetione
1139 755 1241 780 ante-

297 796 658 832 cellitomnibusillis
674 823 684 838 ,
707 809 786 843 quae
805 796 869 831 sub
895 795 1128 832 bellicofitate
1154 807 1240 830 con-

297 847 461 882 tinentur
476 874 485 889 ‚
512 849 648 883 caeteris
661 848 804 894 paribus
820 871 830 881 .

393 897 444 932 At
476 897 642 945 nunquid
679 898 917 945 temperantia
948 896 998 933 est
1032 895 1242 932 fortitudini

298 943 538 994 praeferenda,
566 949 621 984 vel
643 950 768 995 potius
797 948 972 984 fortitudo
995 949 1239 993 temperantia:

293 996 512 1045 perfefflone
528 999 736 1035 antecellit?
767 1002 844 1035 Nos
859 999 1012 1033 dicimus
1032 1024 1041 1038 ,
1057 997 1240 1033 fortitudi-

294 1059 377 1083 nem
395 1051 567 1086 virtutem
580 1049 646 1085 else
658 1050 891 1096 temperantia
914 1047 1240 1094 praestantiorem-2.

294 1101 393 1136 Nam
407 1101 644 1147 temparantia
662 1100 805 1145 requirit
822 1101 856 1134 in
890 1110 1014 1134 natura
1043 1109 1239 1146 temperata

295 1148 364 1185 effe
379 1150 474 1197 polsc
491 1152 646 1197 aliquam
664 1150 935 1185 detestationem
951 1150 1236 1192 immoderatam,

295 1201 397 1247 quod
409 1202 538 1247 utique
557 1199 604 1235 est
619 1199 899 1243 imperfeffionis
920 1227 928 1235 .
959 1200 1236 1242 Fortitudinem,

295 1262 367 1296 qua
385 1251 537 1287 afficitur*
551 1250 738 1286 irascibilis
752 1277 762 1292 ,
791 1252 876 1286 nibil
906 1251 973 1285 tale
1003 1249 1236 1296 consequitur

296 1301 488 1338 necessario
505 1328 515 1343 ,
542 1301 744 1337 veletiamsr
766 1301 873 1336 inesse
899 1302 1037 1335 dicatur
1053 1327 1063 1342 ‚
1090 1311 1237 1337 tamen...

296 1354 403 1399 longe
420 1350 546 1399 pejora
564 1350 642 1387 sunt
658 1355 745 1387 viti-2
758 1378 769 1394 ,
792 1364 870 1398 quae
885 1352 1002 1387 insunt
1016 1363 1076 1397 per
1099 1363 1235 1387 concu-

295 1402 503 1451 piscentiam
534 1402 604 1437 illis
623 1429 633 1444 ,
663 1415 742 1448 quae
767 1403 882 1437 insunt
911 1414 968 1442 per
987 1404 1070 1436 iram
1087 1429 1096 1443 ,
1115 1415 1150 1438 ut
1167 1405 1234 1438 late

296 1453 449 1489 ostendit
464 1452 569 1491 Arist.
587 1465 621 1498 7.
636 1453 755 1488 Echic.
770 1462 847 1498 cap.
862 1454 896 1487 6.
909 1454 1030 1487 Bonus
1043 1454 1148 1488 etiam
1170 1454 1235 1487 Ρο-

295 1504 419 1540 liticus
433 1514 492 1549 pcr
511 1502 760 1537 fortitudinem
792 1505 891 1548 eligit
923 1503 1039 1538 subire
1070 1515 1234 1545 mortem,

298 1555 358 1588 vel
372 1564 548 1600 exponere
564 1551 596 1587 se
622 1555 836 1594 tormentis,
866 1566 904 1588 ut
923 1554 1014 1587 salx-a
1042 1553 1079 1587 fit
1097 1553 1234 1596 Respu-

297 1604 391 1639 blica
407 1629 417 1643 ‚
445 1602 555 1649 idque
566 1603 615 1638 est
643 1602 826 1648 objeftum
857 1604 1012 1651 eligibile
1043 1605 1234 1639 secundum

299 1654 469 1688 rationem
484 1651 612 1687 reetam
627 1678 638 1693 ‚
661 1655 743 1698 quia
760 1653 838 1687 finis
855 1656 902 1687 est
919 1655 1035 1688 reclus
1054 1681 1064 1695 ‚
1081 1657 1110 1689 8(
1130 1657 1234 1690 laude

299 1705 456 1747 dignus3
482 1701 568 1736 nihil
591 1704 660 1737 tale
684 1703 814 1748 prestat
842 1706 1077 1749 temperantia
1106 1707 1236 1747 virtuS,

297 1753 459 1798 adeoque
473 1750 646 1787 fortitu-‚io
672 1752 808 1798 estipsa
839 1754 1057 1800 praestat-tior
1077 1779 1085 1791 ,
1113 1756 1146 1790 &
1166 1758 1236 1790 uti·

297 1802 386 1838 lior.
407 1804 472 1838 Per
485 1801 733 1839 Fortitudinem
760 1815 908 1849 quoquc
941 1803 1098 1837 salvatur
1124 1807 1234 1851 magis

295 1854 432 1888 bonum
447 1852 596 1888 rationis
612 1880 623 1895 ,
650 1866 730 1900 quae.
748 1857 843 1888 enim
858 1855 1036 1889 bominem
1060 1853 1234 1890 deiiciunt

295 1905 341 1940 ab
355 1903 420 1939 usu
434 1904 580 1939 rationis
596 1931 605 1945 ‚
631 1903 710 1939 sunt
726 1906 875 1940 maxime
893 1932 901 1945 ‚
927 1905 1057 1939 Timor
1070 1930 1080 1944 ,
1098 1903 1232 1951 Despe-

295 1955 385 1991 ratio
401 1980 412 1996 ‚
443 1955 475 1990 8(
494 1954 876 1995 Tristitia31-‘0rtitud0
903 1955 976 1990 haec
990 1955 1108 1989 omnia
1126 1967 1235 1992 arcet.

297 2004 490 2051 Nonquod
507 2004 608 2041 fertis
624 2004 660 2040 stt
677 2006 824 2040 omnino
844 2005 1045 2052 impavidus
1063 2033 1071 2047 ,
1100 2008 1184 2050 quia
1197 2007 1234 2042 id

294 2055 337 2092 ad
353 2055 538 2092 audaciam
559 2058 709 2102 pertinet
726 2068 736 2095 ς
755 2058 781 2092 8(
803 2056 888 2092 nihil
909 2070 948 2103 pa
959 2069 1039 2092 vere
1056 2055 1105 2092 est
1121 2057 1233 2091 auda-

295 2109 345 2143 cis
361 2133 370 2142 .
386 2107 501 2142 Fortis
514 2118 601 2152 ergo
613 2106 660 2141 est
679 2107 885 2150 impavidus
905 2135 914 2148 ,
934 2110 962 2143 8<
981 2119 1085 2152 pavet
1103 2108 1162 2142 ubi
1178 2120 1230 2144 re-

294 2157 349 2193 &a
368 2156 458 2192 ratio
472 2156 613 2198 ᾰίδὶεῑς
645 2158 716 2192 imo
730 2157 846 2193 Fortis
876 2157 1023 2194 sustinet
1049 2157 1231 2202 quidem-.—

294 2219 443 2244 mortem
460 2235 472 2250 ,
500 2209 534 2244 8(
566 2209 715 2244 vulnera
735 2235 745 2250 ‚
777 2211 947 2255 quoniam
983 2211 1115 2244 bonum
1136 2235 1147 2251 ‚
1177 2211 1232 2263 *1⁶³1

292 2259 462 2306 quoniam
480 2270 585 2306 turpe
600 2270 670 2294 non
688 2285 698 2299 ,
726 2260 846 2295 mallet
862 2270 978 2295 tamen
992 2272 1031 2295 ea
1049 2271 1118 2293 non
1139 2263 1232 2296 acci-

292 2309 374 2346 dere
387 2336 398 2351 ,
420 2310 454 2345 8(
471 2310 606 2345 faceret
624 2321 695 2343 non
712 2312 856 2346 evenire
872 2337 882 2351 ,
910 2310 932 2345 si
953 2309 1148 2345 salvaretur
1166 2313 1230 2347 in..

292 2371 427 2396 eventu
441 2362 579 2396 bonum
598 2360 750 2395 rationis
767 2388 775 2396 .
787 2360 979 2397 Fortitudo
994 2360 1146 2406 denique
1161 2363 1232 2396 eri-

290 2411 342 2458 git
373 2409 602 2458 desperantes
619 2437 628 2452 ‚
659 2410 724 2454 qui
739 2412 887 2446 omnino
922 2412 1042 2457 ignavi
1060 2410 1141 2445 sunt
1156 2438 1166 2454 ,
1195 2413 1231 2448 &

291 2461 454 2497 imbelles
473 2489 484 2504 ‚
511 2464 545 2499 8(
575 2461 722 2509 depellit
737 2461 919 2498 tristitiam
952 2462 1052 2497 usum
1085 2463 1233 2500 rationis

290 2510 540 2548 absorbentem
554 2535 567 2543 -

466 2612 962 2650 ARTICVLVS
1018 2614 1066 2649 ll.

295 2712 429 2749 Utrum
440 2723 564 2748 omnes
576 2715 730 2751 virtutes
743 2713 840 2749 simul
856 2713 889 2748 in
902 2714 1027 2750 eodem
1042 2714 1237 2752 existentes

639 2766 704 2802 fint
719 2764 872 2810 aequales
888 2787 898 2797 .

318 2864 423 2909 Mag.
439 2861 542 2901 Sene.
559 2865 758 2952 3'd'st'6366'
772 2873 847 2912 cap.
865 2875 898 2901 2.
913 2865 954 2900 S.
972 2865 1094 2902 Thom.
1114 2879 1144 2903 r.
1161 2878 1194 2903 z.

633 2929 667 2964 q.
737 2943 745 2952 .
757 2925 828 2953 art.
847 2926 883 2950 z.

409 3016 526 3052 Trum
540 3029 627 3052 vero
645 3018 777 3066 pariter
803 3017 885 3063 quis
914 3028 1038 3054 omncs
1064 3017 1232 3064 possideat

427 3067 578 3103 virtutes
595 3093 607 3112 ‚
631 3081 673 3102 an
693 3069 765 3103 aliae
781 3067 892 3112 magis
909 3093 917 3107 ,
946 3069 1020 3103 aliae
1039 3073 1154 3105 minus
1169 3070 1232 3104 in„

289 3119 417 3166 aliquo
434 3117 595 3154 ferveant
615 3118 786 3166 ‚quaestio
799 3117 847 3152 cst
863 3118 873 3150 ?
890 3118 1119 3167 Qbusdarn
1137 3120 1231 3154 enim

289 3170 434 3206 videtur
448 3169 548 3215 quod
567 3171 642 3204 aliae
657 3169 768 3212 magis
784 3194 792 3208 ‚
807 3168 882 3202 alia:
899 3170 1015 3204 minus
1032 3168 1233 3205 habeantur

291 3221 337 3256 ab
353 3219 505 3266 aliquo:
538 3219 624 3255 ficut
639 3217 755 3264 inJob
771 3218 938 3265 parientia
961 3220 1109 3255 emicuit
1130 3233 1140 3260 ;
1170 3222 1233 3256 iti-2

287 3269 412 3305 David
423 3269 605 3305 humilitas
624 3283 635 3310 ;
664 3269 698 3302 iu
721 3267 846 3316 Moyse
863 3267 1097 3304 mansuetudo
1116 3296 1125 3305 .
1155 3272 1233 3318 Qui

291 3321 398 3358 etiam
412 3320 629 3362 concedunt,
646 3320 760 3364 magis
774 3320 929 3364 aliquem
950 3322 1077 3354 mereri
1096 3333 1156 3368 per
1168 3322 1232 3355 ali-

289 3381 402 3419 quam
424 3381 528 3405 unam
569 3373 740 3407 virtutem
768 3381 876 3415 quam
907 3381 968 3415 per
985 3371 1088 3404 aliam
1105 3397 1116 3413 ,
1144 3371 1232 3407 ficut

291 3433 370 3456 eam
384 3420 522 3467 plenius
538 3419 646 3457 babet
659 3432 765 3466 quarn
788 3420 892 3453 aliam
908 3423 1014 3457 ‚Non
1029 3432 1146 3456 tamen
1162 3434 1234 3456 ma-

292 3471 350 3517 gis
366 3481 426 3516 per
441 3471 596 3515 aliquam
619 3469 880 3506 trererJchtint
903 3481 1012 3515 quam
1041 3484 1102 3519 per
1118 3471 1235 3508 cbari-

293 3530 406 3556 ratem
419 3544 431 3563 ,
457 3531 521 3554 nec
534 3521 691 3567 aliquam
710 3522 848 3566 plenius
861 3532 877 3551 a
891 3532 1078 3567 quoquam
1094 3521 1234 3563 baberi,

294 3581 405 3618 quam
422 3580 483 3614 per
499 3569 724 3606 charitatem.
742 3569 845 3605 Alias
861 3581 948 3616 ergo
961 3572 1090 3615 magis,
1103 3573 1133 3605 8(
1150 3575 1233 3609 alr-:s

297 3620 460 3656 trinusin
473 3620 596 3666 aliquo
607 3619 675 3656 effe
690 3619 841 3654 dicunt:
870 3618 926 3656 scd
948 3622 1078 3656 nullam
1093 3621 1233 3667 plenius

298 3667 366 3705 cha
399 3679 497 3710 tate,
523 3681 638 3716 quaec
670 3679 764 3706 teras
780 3670 917 3715 gignit.
948 3670 1232 3719 Hasquedicunt

403 3718 584 3755 Tum-Ill.

2103 45 2203 92 217

1321 149 1407 175 cens
1424 164 1434 179 ,
1462 139 1669 187 experlbnis
1688 141 2071 187 multarumfacierura
2094 146 2171 185 &aa
2185 150 2260 185 Alii

1321 190 1440 225 verius
1469 189 1594 225 dicunt
1609 217 1620 232 ,
1652 202 1777 226 omnes
1807 194 1964 231 virtutes
2004 196 2036 230 8(
2068 195 2196 231 fimiles
2223 199 2257 234 8(

1322 250 1421 288 pares
1442 239 1793 286 effeinquocunque
1821 242 1900 276 sunt
1921 270 1930 285 ‚
1952 256 1988 279 ur
2006 246 2070 292 qui
2097 245 2130 279 in
2145 258 2256 291 una-‚,

1320 290 1497 334 alteripar
1510 293 1672 326 extiterit
1690 317 1698 330 ‚
1728 293 1762 326 in
1773 293 1938 327 omnibus
1969 296 2081 330 eidem
2109 300 2256 341 :equalis

1320 341 1361 377 fit
1377 369 1384 376 .
1401 340 1509 376 Unde
1524 341 1679 387 August.
1693 340 1714 386 ζ
1728 343 1879 377 virtutes
1891 355 1970 389 quae
1991 344 2068 379 sunt
2084 344 2117 378 in
2135 348 2257 383 animo

1315 392 1478 427 humano
1492 417 1503 433 ,
1532 392 1700 438 quamvis
1715 393 1785 428 alio
1802 394 1830 427 {Q
1847 393 1915 427 alio
1931 394 2037 428 modo
2049 394 2189 440 singula:
2205 399 2258 432 in·

1318 443 1532 486 telligantur
1549 469 1559 484 ,
1591 442 1692 477 nullo
1709 443 1814 477 modo
1831 454 1949 477 tamen
1982 443 2191 490 separantur
2212 449 2257 483 ab

1318 493 1476 528 invicem
1491 505 1502 526 ε
1520 504 1558 527 ut
1577 494 1788 540 quicunque
1807 492 1938 529 fuerim
1954 494 2108 540 :equales
2121 522 2130 535 ‚
2155 499 2256 533 verbi

1316 544 1430 588 gratia
1449 569 1457 582 ‚
1472 541 1504 576 in
1523 542 1734 580 fortitudine
1751 569 1761 584 ,
1777 544 1930 590 aequales
1943 543 2005 578 fint
2020 571 2028 584 ‚
2051 545 2084 579 8(
2102 545 2257 589 pruden-

1314 597 1364 630 tia
1380 621 1391 637 ‚
1418 594 1452 629 8(
1467 591 1603 638 justitia
1620 620 1630 635 ,
1658 595 1940 637 &temperantia
1957 619 1965 628 .
1997 596 2034 632 Si
2048 597 2138 628 enim
2154 595 2254 632 dixe-

1318 647 1366 681 ris
1383 646 1537 690 aequales
1555 642 1620 679 effe
1637 643 1719 681 istos
1733 646 1768 678 iu
1782 644 2011 686 fortitudine,
2038 644 2094 679 sed
2120 645 2253 683 illurn„

1315 694 1481 743 praestare
1497 695 1687 742 prudentia
1708 723 1717 736 ,
1746 694 1906 741 sequitur
1925 706 1961 729 ut
1975 694 2087 738 liuius
2106 695 2252 732 fortitu..

1311 746 1358 781 do
1373 747 1490 782 minus
1506 745 1661 793 prudens
1677 745 1716 782 fit
1728 773 1738 788 ,
1753 758 1793 781 ac
1809 756 1868 792 per
1883 745 1952 780 hoc
1967 757 2031 780 nec
2049 745 2255 783 fortitudine

1313 798 1467 844 aequales
1482 796 1560 832 sunt
1576 824 1585 838 ‚
1608 797 1694 842 quia
1711 795 1761 833 est
1778 798 1874 832 illius
1893 796 2068 831 fortitudo
2098 798 2254 842 pruden-

1313 849 1384 883 tior
1401 874 1411 889 ‚
1439 859 1549 894 atque
1565 848 1612 882 ita
1624 847 1666 882 de
1684 849 1814 883 caeretis
1839 848 2035 882 virtutibus
2064 847 2224 884 invenies
2239 875 2251 891 ,

1312 898 1336 935 fi
1349 911 1472 934 omnes
1489 897 1612 934 eadem
1629 897 1914 934 consideratione
1926 908 2114 940 percurras
2129 922 2137 930 .
2163 900 2183 945 )
2202 903 2254 935 kx

1312 949 1368 984 his
1385 949 1545 984 clarescit
1560 959 1684 983 omnes
1703 950 1854 984 virtutes
1867 960 1934 982 non
1952 948 2057 983 modo
2086 948 2153 985 effe
2166 961 2246 984 con-

1312 1010 1422 1035 nexas
1439 1025 1448 1040 ,
1477 998 1533 1034 sed
1548 1000 1658 1033 etiam
1673 1010 1773 1046 pares
1790 1001 1826 1033 iu
1843 1000 1962 1033 animo
1980 998 2250 1036 hominis.Cum

1312 1061 1400 1094 ergo
1417 1050 1550 1084 dicitur
1564 1049 1694 1096 aliquis
1707 1051 1826 1096 aliqua
1844 1050 2071 1096 praeeminere
2100 1052 2250 1094 virtute,

1313 1110 1352 1136 ut
1369 1099 1553 1136 Abraham
1569 1099 1731 1147 fide,Job
1748 1099 1919 1148 patientia
1936 1128 1945 1140 ,
1960 1099 2153 1136 secundum
2167 1100 2251 1137 usus

1311 1152 1508 1187 exteriores
1523 1150 1771 1197 accipiendum
1786 1149 1858 1190 est,
1887 1151 1942 1184 vel
1958 1151 1992 1184 in
2008 1156 2251 1198 comparatio-

1312 1214 1356 1237 ne
1372 1203 1522 1237 aliorum
1536 1201 1720 1237 bominum
1739 1230 1749 1245 ,
1780 1200 1865 1248 quia
1879 1201 1933 1236 vel
1949 1199 2160 1237 humilitatis
2189 1202 2251 1238 ba·

1311 1254 1426 1288 bitum
1447 1254 1601 1287 maxime
1615 1252 1755 1299 praefert
1769 1279 1779 1294 ,
1802 1253 1856 1286 vel
1871 1262 1962 1297 opus
1978 1249 2000 1286 fi
2016 1252 2060 1286 lei
2078 1278 2086 1292 ,
2114 1254 2168 1287 vel
2186 1255 2250 1288 ali-

1310 1303 1418 1349 cujus
1434 1313 1643 1338 caeterarum
1658 1304 1836 1339 virtutum
1851 1302 2028 1349 praecipue
2041 1304 2250 1349 exequitur.

1311 1354 1421 1390 Unde
1440 1355 1473 1388 3(
1491 1366 1530 1389 ea
1549 1364 1618 1400 prat
1634 1354 1712 1389 aliis
1727 1354 1858 1402 pollere
1870 1378 1880 1394 ‚
1907 1353 1963 1385 vel
1979 1352 2070 1387 inter
2085 1355 2171 1388 alios
2186 1354 2251 1389 ho-

1310 1406 1419 1440 mines
1433 1403 1657 1449 fingulariter
1669 1404 1846 1440 excellere
1867 1403 2000 1437 dicitur
2021 1402 2250 1441 secundum,

1310 1454 1407 1490 hunc
1437 1453 1586 1489 modum
1608 1480 1618 1494 ‚
1644 1454 1777 1491 scilicet
1806 1452 1998 1488 secundum
2041 1455 2249 1491 rationem-³

1310 1504 1455 1540 afikuum
1474 1504 1694 1541 eXteriorum
1710 1532 1721 1548 ,
1748 1515 1787 1540 ut
1804 1505 1888 1539 alibi
1904 1504 2131 1551 Augustinus
2161 1505 2249 1540 dicit

1310 1557 1346 1590 in
1363 1557 1487 1602 aliquo
1501 1556 1603 1589 aliam
1620 1557 1732 1599 magis
1752 1554 1820 1590 effe
1835 1555 2005 1590 virtutem
2029 1568 2038 1590 z
2067 1556 2171 1591 aliam
2186 1558 2250 1591 mi-

1310 1617 1378 1641 nus
1394 1631 1405 1647 ‚
1428 1607 1461 1640 8(
1481 1616 1587 1640 unam
1604 1605 1708 1642 inesse
1725 1606 1895 1640 virtutem
1909 1630 1918 1644 ‚
1946 1606 1979 1639 8(
2000 1617 2070 1641 non
2086 1607 2246 1642 alteram.

1312 1657 1374 1691 Ait
1391 1657 1485 1691 enim
1502 1656 1546 1691 fic
1559 1681 1568 1696 ‚
1597 1655 1798 1692 Clariffima
1826 1653 2069 1701 disputatione
2087 1666 2150 1691 tua
2166 1656 2248 1694 satis

1311 1707 1479 1753 apparuit
1501 1732 1513 1747 ,
1541 1717 1611 1740 non
1623 1703 1792 1752 placuiffe
1806 1705 2016 1740 austoribus
2028 1705 2249 1749 nostris,imo

1311 1758 1456 1790 veritati
1471 1756 1530 1799 ipli
1545 1782 1557 1797 ,
1578 1758 1698 1791 omnia
1715 1756 1812 1802 paria
1828 1754 1895 1790 effe
1912 1766 2057 1800 peccata
2076 1769 2086 1791 :
2112 1759 2244 1794 etiamsi

1310 1805 1354 1840 de
1371 1807 1568 1840 virtutibus
1592 1817 1717 1840 verum
1733 1806 1802 1845 sit3
1833 1807 1918 1850 quia
1944 1804 2005 1840 etsi
2033 1818 2159 1843 verum
2193 1809 2246 1850 fir,

1310 1867 1391 1890 eum
1409 1856 1471 1900 qui
1492 1856 1594 1890 babet
1614 1868 1718 1892 unam
1732 1866 1855 1890 omnes
1872 1856 2025 1891 virtutes
2035 1855 2169 1894 habere
2185 1870 2195 1893 t
2212 1858 2247 1895 8<

1309 1918 1389 1940 eum
1404 1906 1467 1951 qui
1486 1917 1592 1940 unam
1617 1918 1685 1942 non
1704 1907 1810 1941 habet
1850 1907 1982 1942 nullam
1995 1905 2149 1943 habere:
2182 1920 2246 1944 nec

1310 1956 1355 1991 fic
1370 1967 1516 2002 peccata
1545 1957 1623 1993 sunt
1635 1958 1732 2004 paria
1751 1983 1761 1999 ,
1791 1957 1875 2004 quia
1890 1957 1951 1992 ubi
1977 1958 2093 1993 virtus
2122 1960 2248 1996 nulla.)

1310 2006 1383 2048 est,
1408 2006 1496 2042 nibil
1514 2008 1650 2044 reStum
1664 2007 1712 2043 est
1739 2019 1748 2042 :
1778 2019 1842 2042 nec
1858 2019 1974 2042 tamen
2001 2007 2081 2043 ideo
2109 2020 2179 2045 non
2196 2011 2246 2046 est

1306 2069 1420 2105 pravo
1446 2070 1592 2104 pravius
1616 2059 1840 2105 distortoque
1867 2056 2054 2093 distortius
2081 2084 2090 2093 .
2116 2060 2155 2095 Si
2181 2073 2245 2096 au-

1306 2119 1377 2143 tem
1393 2109 1526 2154 (quod
1545 2120 1635 2153 puto
1657 2109 1723 2144 ell‘e
1738 2110 1857 2144 verius
1876 2135 1885 2149 ‚
1912 2107 2086 2155 sacrisque
2117 2110 2245 2147 litteris

1307 2162 1600 2209 congruentius)
1617 2160 1665 2195 ita
1682 2159 1762 2195 sunt
1780 2160 1904 2195 animae
1931 2160 2149 2196 intentiones
2168 2187 2177 2202 ‚
2204 2173 2244 2198 ut

1305 2213 1469 2255 corporis
1488 2216 1658 2252 membra,
1672 2222 1741 2246 non
1759 2209 1858 2256 quod
1874 2209 2064 2245 videantur
2081 2212 2246 2253 locis,sed

1302 2261 1401 2309 quod
1419 2259 1615 2296 sentiantur
1628 2259 1816 2296 affeetibus
1832 2287 1843 2301 ,
1869 2262 1902 2296 8(
1918 2261 2007 2295 alius
2024 2262 2250 2299 illuminatur

1305 2312 1463 2357 amplius
1476 2313 1590 2354 ,alius
1604 2313 1721 2347 minus
1735 2338 1744 2351 ‚
1759 2311 1849 2345 alius
1859 2312 2006 2346 omnino
2023 2323 2117 2348 caret
2136 2315 2245 2349 lumi·

1305 2375 1350 2397 ne
1369 2388 1377 2396 .
1396 2361 1564 2397 profesto
1577 2389 1587 2403 ‚
1613 2373 1652 2397 ut
1669 2360 1824 2408 quisque
1838 2360 2072 2398 illustratione
2084 2364 2147 2410 piae
2159 2365 2244 2400 cha·

1307 2414 1420 2449 ritatis
1435 2410 1584 2447 affeetus
1598 2413 1645 2446 est
1665 2440 1674 2454 ‚
1703 2413 1737 2445 in
1766 2411 1837 2446 alio
1854 2409 1934 2446 aflu
1961 2413 2073 2457 magis
2087 2440 2096 2455 ,
2120 2410 2154 2449 in
2173 2417 2243 2450 alio

1308 2465 1441 2503 minus,
1455 2465 1487 2497 in
1504 2465 1573 2497 alio
1591 2462 1689 2497 nihil:
1707 2462 1752 2497 fic
1771 2462 1839 2496 dici
1853 2461 1964 2508 potest
1980 2462 2108 2500 habere
2125 2466 2243 2508 aliam,

1276 2537 1279 2538 ν
1307 2515 1340 2549 8(
1357 2514 1457 2548 aliam
1477 2526 1546 2548 non
1562 2513 1693 2548 habere
1708 2539 1719 2555 ,
1745 2514 1777 2549 ἃ
1797 2513 1902 2547 aliam
1923 2514 2032 2559 magis
2050 2539 2060 2555 ‚
2085 2515 2118 2548 8(
2137 2516 2243 2552 aliam

1307 2565 1424 2600 minus
1442 2564 1572 2599 babere
1592 2565 1760 2599 virtutem
1789 2589 1800 2601 .
1833 2565 1924 2600 Nam
1956 2564 1988 2598 8(
2007 2562 2121 2610 major
2144 2565 2244 2603 estin

1307 2614 1373 2649 isto
1389 2614 1540 2649 charitas
1566 2627 1675 2661 quam
1689 2615 1722 2648 in
1742 2615 1804 2649 illo
1822 2640 1830 2653 ,
1859 2613 1892 2648 8(
1911 2613 1990 2648 ideo
2015 2617 2106 2651 reste
2121 2615 2242 2663 poll‘u-

1308 2676 1388 2701 mus
1402 2667 1519 2701 dicere
1536 2693 1545 2707 ,
1559 2668 1591 2701 8(
1607 2666 1726 2709 aliqua
1739 2665 1772 2699 in
1788 2662 1869 2705 isto,
1885 2665 1980 2698 nulla
1996 2666 2029 2699 in
2048 2667 2243 2714 illo‚quan-

1307 2727 1383 2751 tum
1399 2718 1552 2763 pertinet
1569 2716 1610 2750 ad
1630 2715 1839 2751 charitatem
1853 2741 1864 2756 ‚
1886 2726 1968 2759 quae
1985 2716 2094 2760 pietas
2108 2718 2156 2753 est
2169 2743 2180 2760 ,
2205 2720 2241 2756 8(

1309 2769 1343 2802 in
1365 2779 1437 2801 uno
1452 2767 1597 2802 homine
1614 2766 1759 2812 quidem
1775 2792 1785 2807 ‚
1808 2763 1907 2811 quod
1922 2764 2094 2812 majorem
2113 2768 2244 2806 habeat

1307 2817 1517 2865 pudicitiam
1534 2843 1543 2858 ‚
1569 2829 1676 2864 quam
1691 2816 1899 2863 patientiam
1916 2842 1927 2857 ,
1944 2818 1977 2852 8(
1992 2816 2162 2863 majorem
2181 2821 2245 2854 bo.

1306 2869 1375 2903 die.
1389 2879 1496 2914 quam
1510 2868 1585 2902 beri
1604 2894 1613 2908 ,
1628 2867 1650 2902 s1
1665 2866 1805 2913 proficit
1827 2879 1838 2899 a
1854 2867 1887 2902 8(
1906 2867 2024 2902 adhuc
2035 2879 2105 2903 non
2120 2869 2250 2906 habeat

1307 2920 1566 2954 continentiam
1584 2945 1594 2960 ‚
1615 2919 1649 2953 8(
1663 2919 1790 2952 habeat
1804 2928 1874 2951 non
1891 2929 2037 2962 parram
2052 2919 2248 2958 misericor·

1308 2970 1424 3004 diam:
1451 2972 1492 3005 Et
1513 2980 1549 3003 ut
1565 2970 1802 3016 generaliter,
1829 2968 2059 3015 breviterque
2082 2974 2241 3019 comple-

1307 3019 1382 3054 &ar
1398 3046 1407 3059 ,
1436 3031 1544 3069 quam
1561 3021 1604 3054 de
1618 3021 1752 3054 virtute
1765 3017 1880 3052 habeo
1892 3020 2075 3054 notionem
2092 3047 2099 3054 .
2117 3022 2240 3057 Virtus

1305 3070 1355 3105 cst
1369 3070 1549 3108 charitas,
1576 3082 1648 3117 qua
1666 3070 1698 3104 id
1712 3068 1811 3114 quod
1834 3067 2057 3112 diligendum
2087 3072 2135 3106 est
2160 3072 2241 3107 dili·

1305 3122 1402 3165 gitur
1417 3147 1427 3158 .
1443 3123 1526 3155 tlaec
1540 3121 1573 3156 in
1587 3122 1662 3155 aliis
1678 3118 1793 3165 major
1807 3118 1856 3153 est
1873 3144 1883 3159 ,
1909 3120 1942 3153 in
1958 3119 2035 3155 aliis
2048 3123 2185 3164 minor,
2202 3122 2238 3158 3:

1302 3173 1337 3206 in
1358 3172 1432 3206 :aliis
1453 3172 1548 3206 nulla
1561 3171 1607 3206 est
1627 3185 1634 3205 :
1656 3169 1845 3216 pleniffima
1862 3181 1946 3203 vero
1962 3196 1971 3211 ‚
1992 3169 2153 3217 quaejam
2168 3184 2241 3208 non

1301 3221 1399 3268 possit
1414 3224 1560 3267 augeri,
1593 3219 1755 3268 quandiu
1783 3220 1839 3254 hic
1852 3219 1961 3253 bomo
1987 3222 2102 3264 vivit,
2130 3224 2164 3258 in
2183 3236 2243 3259 nc·

1304 3273 1397 3307 mine
1412 3271 1459 3307 est
1478 3298 1485 3306 .
1504 3275 1520 3317 )
1538 3273 1608 3307 Hic
1624 3270 1791 3307 insinuari
1810 3269 1952 3305 videtur
1972 3299 1980 3313 ‚
1996 3273 2095 3320 quod
2110 3274 2240 3320 aliquis

1302 3335 1342 3358 ea
1355 3325 1492 3357 ratione
1510 3322 1607 3368 polilt
1622 3321 1692 3356 dici
1709 3320 1839 3356 habere
1851 3333 1956 3356 unam
1976 3325 2147 3361 virtutem
2167 3338 2239 3360 ma-

1301 3373 1355 3418 gis
1373 3400 1381 3413 ,
1410 3384 1518 3419 quam
1545 3373 1675 3414 aliam,
1700 3372 1763 3417 qui
1793 3383 1854 3417 per
1892 3372 2103 3411 charitatem
2127 3377 2240 3423 magis

1305 3422 1460 3458 afficitur
1477 3425 1512 3456 in
1529 3422 1610 3457 aar»
1626 3426 1730 3457 unius
1748 3423 1892 3458 virtutis
1909 3449 1918 3465 ,
1945 3436 2052 3470 quam
2079 3429 2237 3463 alterius:

1305 3475 1338 3508 8(
1354 3484 1497 3520 propter
1510 3471 1744 3508 differentiam
1772 3472 1915 3509 aetnam
1930 3499 1943 3517 ,
1968 3476 2056 3523 ipsis
2088 3479 2240 3514 xirtutes

1306 3523 1420 3569 magis
1450 3525 1506 3557 vel
1521 3525 1638 3558 minus
1664 3523 1795 3559 habere
1819 3524 1974 3562 dieitur.
2001 3528 2157 3563 Potest&
2175 3530 2241 3563 ali-

1305 3585 1414 3620 quam
1431 3584 1500 3607 non
1516 3573 1646 3609 babere
1663 3601 1674 3616 ,
1698 3586 1781 3610 cum
1797 3587 1916 3611 tamen
1945 3576 2044 3613 simul
2068 3589 2189 3617 omnes
2203 3579 2238 3614 8(

1308 3624 1442 3671 pariter
1456 3624 1586 3659 tabeat
1600 3637 1776 3671 quantum
1789 3629 1831 3662 ad
1847 3630 1972 3663 mentis
1990 3629 2167 3671 habitum,
2184 3631 2239 3664 vel

1307 3672 1488 3710 assentiam
1502 3672 1682 3720 cujusque
1693 3702 1701 3711 .
1735 3677 1774 3711 ln
1788 3678 1871 3712 ablu
1886 3689 1972 3713 vero
1985 3680 2086 3714 aliam
2115 3692 2191 3712 mas*
2203 3682 2244 3723 s,

1556 3725 1586 3759 E
1613 3736 1633 3760 e
2094 3729 2198 3766 aliam

2302 175 2452 209 amorim.
2475 190 2501 210 r·

2296 438 2410 477 August.
2417 440 2497 469 libas.

2296 480 2328 521 fic
2333 478 2446 522 Trf'nifu
2455 490 2497 515 .4.

2292 518 2462 555 mprmupio
2484 533 2495 545 v

2292 898 2335 928 Ad
2348 899 2451 929 Hebre.
2464 910 2490 930 r.

2288 939 2315 964 ὅ(
2351 939 2437 967 Rom.
2458 949 2490 976 4.

2288 976 2384 1010 Jacob.
2395 987 2423 1012 ς.

2283 1569 2399 1607 August,
2423 1576 2485 1606 ind

2286 1609 2404 1645 EPlstſsld
2421 1615 2488 1644 Hm-

2284 1655 2348 1675 ron.
2374 1662 2433 1689 quge
2447 1653 2484 1682 est

2285 1693 2330 1715 20·
2345 1699 2400 1718 nou
2422 1692 2486 1720 lon-

2284 1733 2319 1762 ge
2342 1736 2357 1754 α
2383 1731 2484 1758 crinci—

2286 1767 2485 1797 9¹03T0m.2.

2285 1801 2389 1833 ibidem
2425 1809 2484 1846 pol}

2285 1843 2410 1874 medium
2448 1848 2483 1874 tz-

2283 1880 2343 1916 pist.
