2602 4011
139 558 244 588 Probae
264 556 299 586 ad

101 598 193 636 legem
220 606 300 625 natu.

101 646 137 664 ree
176 635 298 664 llristiffi.

103 685 182 702 mam
215 676 302 711 perti-

102 724 191 746 nere,
216 713 301 740 colere

100 754 194 780 Deum
252 749 302 779 ali—

97 791 213 827 qumdo.

103 912 132 940 3.
144 903 204 932 nist.
217 913 262 937 ²7·
272 907 298 935 §-

100 945 233 979 «Θρηίκη,
262 943 300 971 ad

95 980 249 1019 secundum
260 999 268 1009 .

134 1143 188 1171 Ubi
218 1146 297 1186 supra

826 137 984 183 Tomus
1004 136 1084 182 III.
1104 140 1233 186 Part.
1249 139 1308 183 II.
1323 133 1514 205 Qaestio
1533 140 1584 187 C.
1600 143 1702 190 Art.
1718 144 1843 192 VIIL'

348 207 545 253 cituropus
574 204 696 242 servile
710 203 769 239 die
792 205 989 245 sabbathi,
1021 205 1089 240 esse
1115 210 1231 253 potest
1256 207 1300 243 de

347 255 425 301 lege
439 268 573 292 naturae
590 280 598 289 .
621 257 656 290 ls
674 255 766 288 enim
783 255 886 289 aetus
915 256 1126 301 prohibetur
1145 257 1302 305 inquan-

348 319 426 343 tum
444 306 619 347 retrahit,
643 305 699 340 vel
716 305 861 352 impedit
879 308 1017 341 cultum
1032 306 1113 341 Deo
1127 307 1301 344 exhiben-

348 359 533 395 damtune
549 356 717 404 temporis
736 380 746 395 ,
770 358 833 402 qui
849 359 969 392 cultus
988 357 1054 392 sub
1076 369 1298 406 praeceptiim

349 411 470 446 cad-iit:
494 410 627 443 Vtrum
645 416 765 443 autern
783 408 819 442 sit
845 409 887 444 de
905 408 970 444 liac
986 411 1062 453 lege
1081 420 1214 445 naturae
1230 410 1299 444 boc

348 470 568 508 praeceptum
592 457 633 493 de
649 457 750 493 cultu
767 460 846 495 Deo
863 459 1102 508 impendendo
1116 459 1214 496 statis
1226 460 1300 496 die-

347 514 416 549 bus
434 537 445 553 ‚
462 510 614 545 dubium
631 508 680 544 est
699 531 709 541 .

446 560 492 598 Et
503 558 665 608 profeeto
690 559 712 594 si
728 560 870 597 dicatur
897 574 965 598 non
988 565 1167 612 pertinere
1190 561 1234 598 ad
1251 562 1300 597 le-

347 625 424 662 gem
442 622 579 648 naturae
597 637 606 651 ,
623 612 746 657 quoad
762 613 919 660 primum
936 616 992 650 vel
1009 614 1202 652 secundum
1220 624 1299 661 gra-

349 666 431 698 dum
449 676 462 704 ς
479 663 592 707 igitur
609 661 814 710 simpliciter
827 665 928 699 Deus
945 665 1057 711 poffet
1072 664 1300 713 dispensare,

348 726 391 750 ne
405 712 517 748 horno
529 713 626 748 omni
651 723 812 761 tempore
833 716 916 750 vitae
945 715 1013 752 suae
1036 726 1219 750 teneretur
1235 715 1300 750 ha-

348 768 433 802 bere
447 766 582 800 bonum
597 776 735 801 motum
751 765 846 801 circa
863 766 980 802 Deum
996 780 1008 808 ;
1035 767 1161 801 necilli
1178 766 1297 802 aetum

345 818 458 853 ullum
473 815 676 851 dileetionis
691 815 886 862 rependere
903 843 915 859 ,
941 818 1055 853 veluti
1066 817 1300 852 necessarium

349 867 391 903 ad
419 867 590 907 salutem3
611 867 711 912 quod
740 867 821 903 sane
835 868 1044 904 incredibile
1059 895 1069 911 ‚
1096 870 1129 904 ἃ
1156 869 1300 915 penitus

348 918 586 965 improbabile
599 918 767 954 viderur:
792 920 878 964 quia
895 919 965 955 fine
978 920 1077 955 omni
1090 920 1186 964 bono
1208 917 1301 953 velle

349 970 432 1006 finis
449 967 589 1009 ultimi,
611 979 682 1003 non
697 968 811 1014 potest
829 970 957 1016 aliquis
972 969 1177 1018 simpliciter
1192 969 1301 1004 habe-

349 1033 385 1059 re
401 1022 535 1056 bonum
547 1017 641 1061 velle
654 1019 748 1056 circa
762 1032 801 1055 ea
818 1046 827 1060 ‚
843 1032 922 1066 quae
935 1021 1073 1057 suntad
1090 1019 1197 1056 finem
1214 1049 1222 1057 .
1239 1019 1301 1056 Si-

348 1083 411 1108 cut
426 1072 538 1117 igitur
555 1070 665 1106 homo
684 1081 827 1106 tenerur
852 1072 982 1108 habere
1010 1073 1165 1118 aliquem
1181 1071 1301 1106 aFttim

349 1121 555 1160 virtuosum
575 1147 586 1161 ‚
613 1122 660 1155 iia
675 1131 817 1156 tenetur
846 1121 977 1158 habere
999 1125 1156 1168 aliquem
1182 1121 1302 1157 aelum

348 1175 443 1211 illitis
461 1172 629 1220 praecepti
645 1173 841 1206 Deuteroii.
861 1172 898 1214 6.⁴
914 1173 946 1208 ἃ
972 1173 1136 1208 Matthaei
1155 1172 1304 1208 zzz-‘'Di-

347 1224 438 1272 liges
453 1224 646 1259 Dominam
659 1222 777 1257 Deum
793 1231 893 1258 tunm
906 1225 968 1269 qui
987 1222 1088 1259 aetus
1101 1222 1148 1259 est
1165 1223 1301 1268 gratui-

346 1287 383 1311 ta
403 1273 550 1309 dileetio
577 1273 669 1307 Dei.
696 1273 738 1307 Et
765 1271 843 1309 sane
858 1301 868 1316 ,
893 1273 914 1308 fi
945 1275 1093 1309 cuilibet
1122 1272 1304 1310 necessarii

344 1326 428 1362 sunt
446 1324 490 1360 ad
506 1323 652 1360 salutem
666 1321 766 1358 aetus
782 1325 963 1361 virtutum
982 1325 1169 1360 mor-ilium
1183 1352 1192 1365 ‚
1209 1328 1303 1360 mul-

345 1387 385 1413 to
402 1378 515 1421 magis
530 1384 634 1411 erunt
658 1373 838 1409 necessarii
854 1374 954 1410 afhis
981 1376 1158 1410 virtutum
1175 1374 1301 1411 Theo-

346 1429 545 1473 logicarum
562 1453 574 1468 ,
599 1437 662 1472 pei·
678 1436 771 1470 quos
788 1437 895 1470 opera
910 1426 1098 1461 moralium
1121 1426 1300 1462 virtutum

345 1478 560 1513 ordinantur
585 1474 736 1520 infinem
750 1500 758 1509 .
785 1477 826 1510 Et
844 1475 1004 1523 profeew
1029 1476 1138 1511 homo
1152 1479 1300 1512 rationis

345 1540 494 1575 compos
511 1555 523 1570 ,
550 1525 693 1562 servans
710 1526 854 1561 moralia
879 1537 1054 1573 praecepta
1074 1526 1233 1563 secundae
1247 1539 1302 1562 ta-

345 1580 464 1621 bulae,
483 1578 572 1614 nihil
587 1577 631 1612 ad
646 1577 795 1612 silutem
824 1576 956 1612 faceret
972 1603 981 1617 ‚
1006 1577 1068 1612 nili
1087 1578 1201 1624 gratia
1219 1578 1300 1613 finis

344 1630 461 1665 ultimi
480 1657 491 1672 ,
525 1627 644 1664 saltem
662 1627 862 1663 virtualiter
881 1654 891 1669 ,
908 1628 941 1662 iii
957 1627 1011 1662 his
1028 1628 1202 1665 virtutum
1217 1629 1302 1664 affl.

344 1681 413 1717 bus
427 1679 462 1715 se
480 1688 662 1714 exerceret
677 1703 686 1713 .
881 1680 883 1682 '

446 1729 586 1766 Deinde
603 1728 678 1764 fieri
695 1739 766 1763 non
783 1728 896 1775 potest
913 1755 924 1770 ,
954 1740 994 1764 ut
1023 1741 1094 1764 non
1121 1742 1290 1767 occurrat

344 1781 599 1828 oportunitas,
622 1789 699 1814 toto
711 1779 958 1825 vitetempore
981 1779 1137 1815 habendi
1172 1781 1295 1817 aetum

343 1831 546 1867 dileftionis
558 1831 652 1866 circa
667 1832 797 1866 Deum.
813 1829 929 1866 Sicuti
942 1842 960 1864 e
973 1840 1100 1864 contra
1120 1831 1210 1868 stare
1224 1845 1292 1873 po·

343 1881 410 1918 test
425 1882 650 1917 observantia
669 1882 838 1927 praecepti
857 1879 901 1915 de
915 1879 1136 1916 honorandis
1167 1875 1293 1930 parien-

343 1933 442 1969 tibus
456 1959 468 1975 ‚
494 1932 568 1969 esto
591 1932 711 1967 nullus
740 1932 819 1967 talis
846 1930 948 1967 astus
976 1930 1176 1973 hebenum
1206 1934 1294 1980 quia

344 1994 553 2031 preceptum
566 1994 636 2017 non
651 1982 789 2027 obligat
801 1981 843 2016 ad
857 1982 975 2018 aetum
993 2008 1003 2023 ,
1032 1981 1093 2017 nisi
1112 1994 1175 2029 pro
1204 1994 1293 2018 tunc

342 2034 488 2080 quando
499 2033 754 2080 opportunitas
766 2033 975 2074 occurrit‚&
991 2032 1103 2078 potest
1117 2043 1293 2079 opportu.

341 2085 435 2120 nitas
451 2083 516 2129 hec
528 2081 642 2119 abesse
654 2093 734 2118 toto
749 2093 911 2128 ternpore
927 2085 999 2129 vite
1013 2109 1020 2117 .
1055 2082 1156 2119 Niliil
1170 2095 1291 2120 autem

342 2133 459 2183 potest
475 2135 519 2168 im
527 2134 662 2182 pedire,
680 2134 714 2169 &
727 2132 920 2169 excludere
934 2146 996 2180 pro
1011 2132 1145 2180 semper
1157 2146 1294 2182 oppor-

343 2186 534 2221 tunitatem
548 2183 743 2224 adorandi,
774 2184 807 2220 &
820 2183 958 2219 colendi
976 2184 1095 2219 Deum
1115 2197 1127 2225 ;
1156 2185 1191 2220 ἃ
1210 2197 1294 2233 pro-

344 2248 465 2285 pterea
483 2234 527 2270 ad
544 2236 662 2271 aetum
680 2233 792 2280 hujus
807 2236 964 2282 precepti
996 2233 1199 2269 affirmativi
1227 2236 1295 2270 ali-

346 2286 494 2334 quando
514 2284 728 2320 eliciendum
745 2311 754 2325 ‚
781 2296 925 2320 tenetur
952 2285 1104 2330 quilibet
1132 2286 1293 2320 adultuS-

345 2338 505 2374 Videtur
516 2348 602 2381 ergo
616 2334 806 2370 necessaria
818 2333 883 2380 hec
899 2335 1010 2370 illatio
1027 2361 1035 2373 ‚
1060 2334 1162 2370 Deus
1172 2336 1296 2382 nonest

346 2389 421 2424 odio
437 2387 616 2422 habendus
642 2399 651 2421 :
679 2387 734 2421 vel
751 2387 828 2421 Deo
844 2396 909 2421 non
921 2385 975 2420 eff
985 2383 1120 2432 injuria
1132 2389 1296 2432 irrogan-

347 2440 393 2474 da
416 2451 426 2478 ;
444 2450 528 2483 ergo
544 2437 592 2473 est
610 2437 807 2483 aliquando
820 2436 1026 2481 diligendus
1039 2465 1049 2470 .
1063 2438 1102 2472 Et
1118 2437 1218 2472 sicini
1232 2449 1296 2472 an-

347 2489 512 2525 tecedens
526 2488 573 2524 est
586 2488 723 2537 dejure
736 2499 862 2534 nature
877 2486 1086 2522 strictissimo
1100 2500 1112 2528 3
1140 2488 1191 2522 ita
1202 2487 1235 2523 8(
1251 2487 1295 2522 il-

349 2540 459 2576 latum
474 2565 484 2573 .

445 2589 557 2637 Quod
575 2600 659 2628 vero
675 2590 897 2636 consequens
916 2590 1002 2626 illud
1021 2601 1090 2624 non
1117 2590 1292 2637 pertineat

346 2641 389 2676 ad
406 2642 518 2687 legem
533 2653 659 2689 natur}⁸
688 2641 895 2677 strifflissime
912 2651 1094 2686 acceptam
1109 2667 1118 2680 ‚
1148 2640 1293 2676 videtur

345 2693 520 2741 probari,
547 2705 591 2727 ex
604 2705 646 2728 eo
658 2694 741 2738 quia
761 2704 830 2727 non
847 2690 894 2726 est
909 2689 1001 2735 juris
1018 2700 1148 2738 nature
1175 2691 1293 2728 strifi'te

343 2744 499 2790 accepti,
514 2754 553 2778 ut
571 2744 680 2778 homo
696 2755 790 2777 minc
804 2767 815 2784 ,
843 2739 900 2777 vel
917 2742 1023 2777 hodie
1041 2742 1157 2778 eliciat
1174 2743 1292 2778 aetum

342 2795 473 2830 amoris
489 2805 570 2838 erga
586 2795 763 2830 Deunulst
780 2795 914 2840 quippe
931 2792 1060 2828 nonest
1076 2795 1292 2841 principium

339 2844 538 2895 prafficurn
560 2846 601 2881 de
615 2844 649 2879 se
666 2856 789 2879 norum
806 2870 816 2885 ‚
833 2855 897 2879 uec
912 2844 1093 2878 conclusio
1107 2843 1293 2880 evidenter

340 2908 385 2933 ex
398 2895 574 2944 principio
589 2896 654 2931 ded
662 2894 1024 2930 u&a.ucterniinatio
1039 2894 1213 2941 liquidem
1226 2895 1292 2941 hege

377 2998 422 3030 (a)
463 2999 496 3026 Et
511 2995 618 3027 subiicit
633 2995 742 3022 Doctor
755 2994 856 3023 factam
870 2993 943 3023 fuisse
956 2993 1226 3025 determinationem
1240 3004 1292 3033 pro

339 3035 391 3064 hoc
408 3045 546 3075 pre-cepto
560 3033 730 3062 observando
744 3034 772 3061 in
785 3033 809 3062 le
819 3043 844 3061 ⁷e
877 3033 1010 3072 Mos-iyca
1035 3034 1060 3062 in
1085 3033 1130 3062 die
1154 3035 1265 3063 Sabathi
1280 3045 1290 3067 ;

340 3075 368 3102 8<
380 3075 493 3102 extitiffe
511 3076 535 3103 iii
549 3075 608 3111 lege
623 3081 725 3100 naturae
737 3090 746 3103 ,
759 3081 789 3100 iit
802 3081 816 3099 a
831 3073 897 3110 iquo
911 3081 1038 3109 tciiipore
1057 3072 1144 3100 homo
1167 3082 1267 3101 vacans
1278 3082 1294 3101 a

342 3111 484 3141 servilibus
498 3115 627 3151 operibus
637 3128 646 3144 ‚
660 3120 803 3139 exerceret
817 3111 842 3139 se
857 3120 883 3138 in
897 3109 1099 3147 magnificando
1111 3113 1158 3143 ‚&
1170 3111 1292 3140 colendo

338 3151 432 3179 Deum
446 3162 455 3186 ;
483 3154 509 3180 δ(
524 3162 549 3180 ιη
564 3153 623 3183 lege
640 3148 805 3185 lii-angelica
817 3152 981 3187 deputatum
994 3149 1044 3177 effe
1058 3149 1133 3177 diem
1161 3150 1293 3178 Domini-

339 3198 401 3217 cuin
415 3209 423 3222 ,
437 3200 494 3228 quo
510 3183 623 3228 quilque
638 3187 798 3215 adultorum
815 3196 955 3215 teneretur
969 3187 1065 3216 audire
1086 3186 1194 3216 Missam
1220 3189 1294 3215 inte-

339 3236 416 3265 gram
430 3246 439 3260 ,
464 3230 488 3256 i'n
501 3238 554 3265 qua
564 3226 701 3256 Sacerdos⁴
715 3225 796 3255 offe-t
818 3225 988 3254 Sacrificium
1004 3236 1055 3264 pro
1069 3225 1093 3254 sc
1106 3243 1117 3259 ‚
1144 3228 1172 3254 8<
1183 3226 1293 3292 ἅοΡυΙο
1310 3242 1313 3245 -

1205 3284 1213 3293 .

339 3267 404 3293 Deo
420 3265 499 3304 longe
516 3263 756 3303 acceptisiimum5
782 3264 901 3301 idipsum
923 3263 1006 3293 docet
1020 3265 1096 3293 Scot.
1110 3271 1140 3299 3.
1153 3264 1179 3293 dl

345 3311 376 3339 q.
387 3304 439 3330 Un.
453 3309 478 3332 6.
492 3307 644 3338 Quantum
658 3303 853 3341 adsetundum
869 3324 873 3330 .

414 3341 530 3370 Ponciuz
543 3353 648 3381 partem
662 3343 730 3371 benc
741 3342 900 3381 negativam
915 3340 1090 3379 :iiiipleffitiir
1103 3341 1194 3371 dicens
1207 3360 1217 3376 ‚
1231 3342 1293 3372 iri-n

342 3380 411 3409 hanc
425 3382 512 3418 magi<
527 3381 692 3419 propensum
703 3380 777 3409 fuiffe
794 3381 950 3409 Dofilorcni
963 3392 971 3414 ς
984 3379 1059 3417 polle
1074 3380 1186 3409 subinde
1200 3383 1293 3410 Deum

341 3416 484 3446 absolvere
502 3436 512 3450 ‚
525 3419 566 3446 vel
579 3419 732 3457 dispensare
746 3420 889 3447 hominem
903 3437 913 3452 ‚
933 3429 966 3447 ne
979 3427 1103 3455 unquam
1118 3417 1142 3446 se
1156 3419 1296 3457 diligeret,

340 3457 422 3493 eique
436 3455 635 3485 beatitudinem
653 3457 744 3495 largiri
761 3476 771 3491 ‚
793 3467 823 3486 ut
837 3457 920 3486 salv-it
935 3457 1066 3495 parvulo<
1090 3457 1160 3485 citra
1187 3458 1295 3486 bonum

345 3495 438 3521 actum
452 3494 605 3522 eorundem
618 3496 646 3523 in
659 3495 788 3524 ultimum
801 3496 898 3524 finem·
911 3495 1014 3526 Videfis
1028 3494 1117 3533 ipsum
1127 3497 1154 3524 iu
1168 3506 1263 3525 comm.
1276 3506 1295 3525 a

349 3541 378 3559 n.
397 3532 576 3570 ziz-&seqq

427 3570 478 3598 Sed
493 3571 517 3598 i'n
533 3580 638 3599 comm.
653 3571 730 3609 super
741 3572 800 3601 dist.
814 3584 841 3606 9.
855 3573 923 3601 dicit
937 3572 1023 3601 videri
1040 3573 1110 3601 hanc
1122 3592 1131 3608 ‚
1144 3573 1296 3603 rationabi-

342 3608 367 3635 le
379 3609 437 3641 esse
449 3617 607 3637 creaturam
619 3610 707 3640 intelle
715 3612 832 3639 Hualcm
855 3612 973 3649 obligari
996 3612 1034 3638 ad
1053 3613 1200 3648 aliquando
1219 3621 1295 3641 reco-

337 3647 416 3684 gnofi·
424 3648 523 3674 rndum
548 3665 558 3680 ‚
584 3652 620 3676 &J
639 3650 823 3677 reverendum
846 3650 980 3685 summum
1003 3650 1153 3678 Dominum
1171 3648 1296 3687 suur›z.›;

342 3685 462 3721 spcttare
479 3685 512 3713 :id
525 3686 614 3724 legem
629 3695 731 3715 naturae
745 3706 753 3719 ,
777 3689 803 3715 ὅ(
817 3689 868 3716 eil'e
885 3688 918 3716 de
933 3688 957 3716 se
970 3696 1067 3715 noram
1080 3708 1088 3713 .
1115 3687 1167 3716 Vel
1191 3697 1298 3717 conve-

341 3722 535 3751 nicnriffiiliulu
547 3724 622 3751 tuille
635 3742 644 3758 ‚
657 3725 719 3753 ferri
733 3725 809 3764 super
822 3727 875 3755 lioc
888 3735 1068 3763 preceptum,
1081 3735 1109 3754 ut
1121 3735 1224 3754 natura:
1241 3736 1297 3754 ma.

341 3763 418 3790 xiiiic
430 3771 485 3789 coii
494 3762 652 3790 fontaneum
665 3781 673 3790 .
696 3766 752 3792 Aut
775 3767 864 3794 verius
881 3764 1056 3803 pertineread
1071 3767 1111 3800 jus
1126 3773 1276 3803 utrumque
1289 3783 1299 3794 ,

1238 3273 1285 3297 27.

2158 165 2178 208 3
2194 161 2251 208 65

1377 208 1517 244 diversa
1534 235 1544 249 ‚
1578 222 1686 258 arque
1705 211 1772 245 alia
1790 214 1838 248 est
1857 216 1890 249 in
1909 216 2050 259 legibus
2082 218 2229 260 diversis
2247 247 2255 260 ‚
2283 231 2321 254 ut

1379 258 1515 294 dietum
1531 259 1599 295 fuit
1617 289 1626 304 ‚
1653 264 1686 297 &
1705 262 1907 298 eoncessum
1924 287 1933 302 ‚
1960 278 2028 300 non
2045 268 2200 315 spectare
2215 270 2256 303 ed
2274 271 2322 304 le-

1377 322 1458 355 gem
1475 320 1629 357 nature;
1653 323 1740 357 ergo
1754 324 1872 359 neque
1884 315 1931 349 est
1945 320 2151 354 naturali-ei·
2179 332 2322 364 notum,

1378 359 1568 396 colendum
1582 362 1648 398 effe
1663 365 1780 398 Deum
1795 363 1945 407 crastina
1959 365 2031 407 die,
2048 381 2111 403 iiec
2123 372 2190 404 alio
2203 371 2321 406 deter-

1377 414 1516 448 minato
1528 422 1704 460 tempore;
1718 424 1790 448 oua
1804 417 1898 450 enim
1912 417 2048 452 ratione
2062 430 2131 455 non
2147 420 2319 467 sequitur,

1375 474 1471 499 nunc
1486 460 1553 496 effe
1568 465 1704 500 cultum
1720 464 1801 498 Deo
1812 465 2056 503 exhibendum
2069 496 2080 511 ,
2093 473 2167 517 pari
2185 474 2322 508 ratione

1374 525 1440 549 nec
1459 523 1574 554 tunc;
1604 516 1637 550 8(
1655 515 1698 550 de
1712 527 1946 564 quocumque
1964 529 2125 564 tempore
2155 522 2323 558 determi-

1374 574 1490 618 nato}
1520 575 1606 610 ergo
1617 577 1686 600 non
1701 565 1843 603 videtur
1856 569 2025 604 concludi
2039 570 2134 614 posse
2148 598 2158 613 ,
2177 573 2323 618 quando

1374 616 1507 661 aliquis
1521 625 1684 657 teneatur
1697 626 1786 650 tunc
1798 646 1810 661 ‚
1823 619 1878 654 vel
1893 630 1988 654 nunc
2001 620 2170 656 exhibere
2183 625 2321 658 cultum

1377 666 1481 704 Deo:
1498 664 1532 699 8(
1547 668 1620 713 pari
1639 668 1778 705 ratione
1792 681 1858 706 nec
1875 670 2071 717 aliquando
2104 672 2321 717 indistinete3

1374 719 1459 766 quia
1476 714 1518 753 ad
1535 718 1674 752 nullum
1687 719 1808 757 aeium
1822 731 1968 756 tenetur
1979 721 2112 768 aliquis
2124 735 2189 771 pro
2203 725 2325 769 aliquo

1373 778 1537 817 tempore
1553 769 1829 806 indeterminato
1842 798 1854 813 ‚
1877 772 1920 807 ad
1936 784 2045 818 quem
2061 785 2133 810 non
2159 784 2325 812 teneatur

1375 833 1441 870 pro
1453 821 1578 865 aliquo
1592 830 1754 865 tempore
1772 823 1909 867 fignato
1936 823 2120 870 aliquibus
2146 835 2326 872 opporttn-

1375 871 1554 916 nitatibus
1565 873 1846 908 occurrentibus
1877 901 1887 908 .
1911 875 2087 921 Ceterum
2118 877 2325 912 tenentibus

1375 932 1515 969 partem
1529 919 1778 957 affirmativam
1795 950 1808 965 ,
1836 926 1951 961 facilis
1977 925 2026 961 cst
2058 925 2189 962 solutio
2215 925 2331 973 liujus

1375 969 1772 1016 argumenti.Dicerent
1787 976 1879 1010 enim
1895 987 1978 1012 cum
1993 979 2160 1023 arguitur
2175 988 2193 1011 a
2207 975 2328 1023 {ingu-

1376 1022 1513 1058 laribus
1527 1019 1569 1055 ad
1585 1021 1787 1062 universale
1802 1047 1815 1066 ‚
1842 1029 2017 1062 committi
2047 1027 2184 1064 fallacia
2212 1026 2328 1078 figure

1377 1071 1550 1108 diaionis
1566 1098 1576 1113 ,
1591 1070 1680 1107 ficut
1697 1074 1732 1108 in
1749 1075 1827 1110 aliis
1843 1076 2008 1122 pluribus
2022 1078 2268 1115 determinatis
2285 1081 2329 1117 ad

1377 1135 1491 1160 unum
1505 1122 1928 1163 indeterminatum.Non
1942 1130 2035 1164 enim
2049 1141 2092 1166 ex
2106 1141 2149 1165 eo
2162 1130 2260 1174 quod
2273 1131 2333 1168 hic

1378 1175 1485 1209 cibus
1498 1185 1568 1209 non
1585 1172 1625 1208 sit
1639 1174 1857 1211 necessarius
1870 1176 1912 1211 ad
1927 1179 2038 1214 vitam
2053 1179 2334 1225 sustentandam,

1378 1236 1444 1261 nec
1462 1225 1521 1260 illc
1532 1225 1624 1260 alius
1638 1251 1649 1267 ,
1662 1237 1730 1261 nec
1740 1225 1847 1269 alius,
1861 1223 2024 1274 sequitur
2036 1229 2174 1266 nullum
2186 1234 2334 1268 omnino

1377 1276 1452 1321 fore
1472 1274 1683 1312 nceffarium
1701 1302 1711 1311 .
1745 1289 1748 1290 ⁷

1443 1376 1446 1380 ⁴
1481 1326 1626 1363 Summa
1640 1326 1707 1373 hec
1720 1327 1825 1373 est,Si
1839 1333 2158 1374 teneatur,cultum
2172 1332 2336 1381 aliquan-

1376 1379 1422 1414 do
1440 1379 1508 1414 effe
1528 1376 1610 1413 Deo
1623 1380 2078 1429 impendendum‚spe8tare
2090 1383 2134 1418 ad
2148 1384 2261 1430 legem
2273 1397 2336 1419 na-

1376 1441 1457 1476 ture
1470 1430 1615 1477 proprie
1628 1441 1916 1479 acceptam,tunc
1929 1433 2016 1469 illud
2027 1435 2338 1482 preceptumSab·

1377 1478 1691 1527 bathasanfi'fices
1707 1508 1719 1524 ,
1746 1493 1786 1517 ut
1804 1484 1974 1531 importat
1992 1484 2089 1519 hunc
2112 1485 2251 1520 cultum
2270 1512 2280 1528 ‚
2299 1488 2334 1523 8(

1378 1543 1537 1567 amorem
1552 1531 1587 1566 in
1604 1534 1723 1568 Deum
1742 1561 1753 1575 ,
1765 1535 1991 1570 eritomnino
2004 1533 2335 1582 indispensabile,ut

1378 1582 1421 1618 de
1438 1583 1515 1617 aliis
1534 1583 1679 1617 duobus
1694 1585 1810 1632 prime
1826 1587 1952 1632 tabule
1968 1585 2104 1622 dictum
2123 1586 2192 1621 est:
2211 1585 2233 1620 fi
2246 1598 2335 1623 vei-o

1377 1643 1482 1668 extra
1497 1633 1723 1678 illamlegem
1742 1635 1809 1670 effe
1839 1647 2026 1681 ponatur-3
2050 1647 2136 1672 tunc
2167 1634 2336 1682 judican-

1377 1683 1462 1717 dum
1477 1682 1524 1718 est
1539 1683 1583 1716 de
1601 1685 1663 1719 illo
1680 1711 1691 1725 ,
1725 1685 1827 1721 sicuti
1844 1685 1888 1722 de
1903 1687 2084 1734 plerisque
2112 1685 2267 1735 secunde
2284 1700 2334 1723 ta.

1377 1734 1462 1780 bule
1478 1735 1663 1780 praeceptis
1675 1734 1813 1771 dietum
1832 1737 1879 1772 est
1896 1762 1908 1773 .

1479 1783 1537 1821 Ad
1555 1795 1767 1828 argumenta
1782 1812 1790 1821 .
1810 1787 1868 1824 Ad
1883 1789 2037 1834 primum
2054 1789 2268 1836 respondeO,
2285 1801 2333 1824 ex

1376 1835 1533 1870 humana
1551 1835 1728 1880 pravitate
1743 1837 1882 1872 nullum
1898 1840 1971 1884 pati
1985 1838 2213 1886 dispendium
2233 1866 2242 1880 ,
2270 1851 2334 1875 nec

1376 1885 1614 1928 mutationem
1633 1883 1752 1922 subire
1769 1889 1946 1933 Decalogi
1967 1901 2161 1936 precepta3
2195 1891 2228 1926 8(
2250 1889 2334 1925 ideo

1374 1935 1455 1982 jure
1471 1946 1722 1979 coarguuntur
1736 1962 1748 1982 ,
1779 1940 1812 1974 Sc
1829 1939 2047 1976 damnantur
2066 1941 2231 1978 homines
2248 1952 2334 1976 con-

1376 1998 1430 2029 tra
1450 1987 1504 2021 illa
1522 1998 1711 2032 peccawes
1728 1992 1837 2037 3quia
1853 1991 1888 2025 id
1903 1989 1968 2026 sub
1982 2003 2106 2027 eorum
2119 1991 2334 2039 potestatem

1375 2049 1448 2073 non
1462 2037 1557 2072 cadit
1577 2065 1588 2080 2
1612 2037 1726 2075 facere
1743 2053 1869 2088 nempe
1897 2053 1936 2076 ut
1964 2042 2105 2078 licitum
2137 2042 2178 2077 sit
2194 2068 2203 2081 ‚
2233 2041 2335 2088 quod

1375 2088 1477 2123 Deus
1508 2099 1577 2122 non
1594 2088 1668 2124 fieri
1697 2092 1882 2126 mandavit
1914 2117 1923 2126 .
1952 2093 2000 2127 At
2013 2091 2047 2125 id
2066 2105 2136 2128 non
2150 2092 2335 2138 prohibet,

1373 2136 1625 2187 quinipsemet
1642 2139 1864 2185 Legislator,
1893 2153 1959 2187 pro
1985 2141 2036 2177 sui
2061 2143 2333 2180 eminentiffirna

1375 2189 1549 2240 potestate
1563 2189 1679 2225 facere
1693 2203 1864 2238 queat,ut
1876 2192 2041 2229 homines
2052 2206 2177 2230 contra
2193 2195 2252 2230 illa
2261 2205 2334 2231 met

1375 2251 1554 2288 praecepta
1571 2253 1769 2288 operentur
1785 2269 1794 2284 ‚
1826 2245 1858 2279 8(
1887 2245 1974 2279 citra
2001 2257 2189 2292 peccatum
2208 2259 2217 2282 τ
2246 2248 2332 2294 quia

1375 2292 1413 2325 in
1427 2291 1488 2325 tali
1518 2290 1601 2327 casu
1635 2303 1857 2339 praeceptum
1887 2295 2070 2331 revocasse
2101 2298 2333 2343 intelligitur3

1376 2340 1545 2387 cumipse
1559 2342 1691 2377 author
1706 2342 1773 2378 eise
1788 2357 1859 2380 non
1874 2343 1974 2391 possit
1990 2348 2130 2391 peccati
2143 2375 2152 2384 .
2167 2352 2254 2386 Non
2268 2361 2336 2395 pu-

1375 2401 1493 2427 tamus
1507 2403 1626 2428 atitem
1645 2420 1654 2434 ‚
1670 2392 1738 2428 lioc
1750 2393 1824 2430 fieri
1837 2394 1932 2442 posse
1947 2396 2068 2442 quoad
2081 2400 2201 2434 omnia
2217 2400 2336 2434 Deca-

1374 2443 1448 2489 logi
1469 2454 1642 2490 praecepta
1659 2470 1669 2486 ,
1683 2444 1740 2480 sed
1757 2455 1897 2480 tantuin
1914 2447 2007 2480 circa
2025 2446 2100 2488 illa,
2116 2451 2335 2493 quaeintrin-

1376 2493 1476 2529 sectis
1492 2495 1660 2530 malitiam
1674 2507 1746 2530 non
1760 2496 1970 2538 involvunt,
1989 2497 2022 2530 8(
2039 2499 2127 2532 mala
2145 2497 2334 2546 suni,quia

1375 2546 1561 2592 prohibita
1579 2558 1590 2585 3
1621 2558 1685 2581 nec
1698 2546 1891 2582 neceffario
1909 2559 1953 2582 ex
1971 2557 2096 2583 eorum
2112 2559 2239 2586 natura
2258 2578 2268 2592 ‚
2286 2552 2333 2584 ab

1376 2597 1507 2632 ultimo
1521 2595 1589 2630 sine
1602 2608 1771 2632 avertunt
1784 2625 1794 2640 ,
1819 2609 1881 2633 nee
1893 2610 2017 2633 eorum
2033 2599 2194 2646 opposita
2213 2599 2334 2643 ncces-

1375 2646 1467 2682 sario
1480 2646 1689 2683 conducunt
1705 2648 1746 2683 ad
1762 2648 2088 2695 consequutionem
2106 2648 2201 2690 finis3
2217 2663 2255 2687 ut
2270 2664 2332 2688 ex-

1375 2697 1531 2746 positum
1549 2697 1616 2732 fiiit
1628 2700 1823 2747 art.primo
1841 2726 1850 2734 .

1478 2748 1743 2786 Adsecundum
1761 2750 1939 2792 dicimiiS‚
1968 2753 2095 2798 utique
2121 2751 2240 2788 Deum
2268 2752 2333 2790 se..

1376 2799 1488 2847 ipsum
1507 2811 1636 2845 negare
1654 2812 1723 2836 non
1739 2801 1834 2849 posse
1849 2828 1860 2844 ,
1890 2813 1954 2838 nec
1968 2801 2117 2839 subinde
2133 2801 2334 2850 dispensare

1377 2852 1482 2898 super
1499 2851 1680 2898 praeceptis
1692 2854 1817 2899 primae
1833 2854 2024 2895 tabulae,ut
2043 2853 2247 2901 expositum
2264 2856 2333 2892 snit

1377 2901 1651 2937 invariabilisest
1663 2904 1752 2938 enim
1768 2903 1873 2946 ordo,
1887 2903 2083 2940 secundum
2097 2916 2204 2951 quem
2218 2907 2334 2942 Crea-

1375 2963 1457 2990 tura
1473 2952 1725 2989 intellectualis
1741 2955 1931 2989 ordinatur
1948 2955 1990 2990 ad
2008 2956 2176 2990 ultimum
2208 2955 2330 2992 finem.

1375 3005 1446 3041 Sed
1472 3002 1648 3050 disparem
1675 3006 1823 3040 omnino
1837 3004 1903 3040 eise
1921 3007 2094 3042 rationem
2121 3005 2164 3041 de
2190 3008 2331 3049 ordine,

1374 3067 1451 3102 quo
1467 3065 1639 3091 creaturae
1653 3055 1896 3103 disponuntur
1911 3057 1953 3091 ad
1973 3058 2128 3091 invicem
2158 3059 2327 3101 quamvis

1374 3107 1514 3143 enimin
1530 3104 1629 3140 sensu
1645 3106 1908 3153 reduplicativo
1922 3109 2046 3150 nequit
2058 3108 2085 3141 is
2097 3105 2188 3140 ordo
2201 3108 2330 3143 inimii-

1375 3160 1443 3193 tari
1459 3185 1468 3199 ,
1482 3158 1527 3193 {ic
1545 3183 1554 3197 ‚
1572 3167 1610 3190 ut
1627 3154 1740 3191 stante
1754 3167 1931 3203 praecepto
1954 3157 1988 3192 8(
2009 3159 2083 3203 lege
2100 3183 2110 3198 ‚
2127 3169 2197 3191 non
2212 3158 2330 3205 impu-

1375 3219 1469 3244 tetur
1488 3207 1631 3242 facienti
1655 3207 1819 3255 operatio
1842 3217 1967 3242 contra
1983 3208 2097 3253 legem
2115 3233 2125 3248 ‚
2150 3208 2220 3242 lioc
2232 3211 2326 3244 enim

1374 3259 1423 3295 est
1441 3256 1651 3306 impossibile
1667 3285 1675 3298 ‚
1707 3259 1736 3293 8<
1755 3257 1820 3293 sub
1836 3257 1896 3292 tali
1909 3258 2191 3294 consideratione
2208 3260 2327 3295 nullus

1376 3310 1578 3357 Legislator
1590 3307 1704 3354 petest
1721 3308 1832 3355 legem
1852 3320 1870 3342 a
1883 3307 1915 3345 se
1933 3311 2038 3345 latam
2057 3307 2327 3352 dispensarem

1375 3361 1492 3410 potest
1508 3370 1721 3407 praecepium
1738 3360 1944 3394 revocando
1958 3387 1970 3403 ‚
1997 3361 2050 3395 vel
2067 3359 2229 3396 absolute
2259 3360 2328 3396 rcs·

1376 3412 1483 3460 pefilu
1500 3410 1664 3446 omnium
1683 3436 1694 3452 ,
1721 3411 1777 3445 vel
1795 3411 1828 3445 iii
1845 3410 1927 3446 casu
1943 3410 2063 3456 quoad
2076 3412 2219 3455 aliquos
2234 3436 2244 3442 -
2273 3412 2327 3446 lta

1377 3464 1412 3499 8(
1431 3463 1608 3498 Summus
1631 3460 1831 3506 Legislator
1859 3462 1973 3508 potest
2005 3461 2201 3509 dispensare
2226 3461 2328 3509 supet

1377 3511 1594 3559 quibusdam
1612 3510 1766 3560 secunde
1781 3513 1911 3547 tabula:
1926 3513 2115 3560 praeceptis
2130 3537 2141 3553 ‚
2156 3524 2193 3548 ut
2210 3512 2329 3548 osten-

1380 3563 1431 3598 dit
1446 3563 1541 3597 tatio
1554 3562 1602 3598 ad
1613 3561 1848 3611 oppofitum,?x·
1865 3562 2004 3598 efficere
2021 3563 2170 3609 proinde
2185 3574 2224 3598 iit
2238 3565 2331 3599 inor.

1382 3613 1545 3648 dinatum
1562 3624 1632 3649 non
1650 3613 1714 3656 fit,
1740 3613 1839 3660 quod
1855 3615 1940 3649 alias
1962 3613 2076 3649 fuisset
2097 3627 2108 3655 3
2133 3614 2218 3649 idest
2238 3641 2249 3657 ,
2266 3613 2328 3650 nisi

1381 3664 1471 3699 foret
1486 3674 1652 3698 revocata
1668 3664 1726 3699 lex
1738 3664 1932 3711 prohibens
1947 3666 2075 3699 taliliiis
2092 3666 2124 3699 iii
2141 3665 2280 3701 casibus
2296 3690 2305 3699 .

1488 3714 1574 3764 Qu?
1591 3713 1846 3760 subiicimi‘tttr
1860 3714 2181 3761 additasuntjlffit
2211 3716 2333 3752 erudi-

1392 3762 1596 3808 tiffi'morum
1611 3761 1806 3808 Censorum
1822 3795 1833 3800 -

1484 3813 1603 3849 Causa
1619 3813 2142 3860 submovendiambiguitatem
2169 3827 2312 3853 omnem
2329 3844 2338 3858 ‚

2210 3879 2291 3913 qiiae
