2663 4083
24 400 25 403 κ
52 384 120 416 x-d.
145 393 171 415 r.
191 395 221 424 q.
236 393 264 413 z·

3 440 8 467 l
29 424 262 467 §.Adoppofitum

298 224 378 265 seco
401 226 597 276 perfeffivo
611 229 822 267 nobiliflimo
836 255 847 271 ,
875 230 939 279 qui
954 229 1002 268 ert
1026 228 1173 264 ultimus
1190 224 1235 260 fi-

297 281 353 318 nis
367 290 508 327 propter
524 279 558 316 se
569 283 772 328 appetibilis
788 308 800 325 ,
823 281 857 318 &
874 281 916 317 ad
931 280 1042 316 alium
1056 289 1129 315 non
1140 275 1238 313 ordi-

297 330 426 367 nabilis
447 356 457 367 .
487 332 594 368 Unus
610 331 657 369 est
672 335 766 381 Ergo
789 332 941 370 ultimus
971 330 1052 369 finis
1071 327 1237 365 omnium

296 387 481 423 hominum
506 408 516 418 .
545 384 729 422 Deindein
742 384 837 419 omni
849 382 972 419 ordine
986 378 1156 416 essentiali
1183 374 1236 413 est

298 447 435 474 tantum
448 448 560 472 unum
572 437 722 482 primum
744 448 755 476 3
781 432 879 480 Ergo
903 433 938 469 8t
968 434 1005 468 in
1031 429 1158 465 ordine
1182 425 1237 464 es·

300 486 437 528 sentiali
455 486 580 523 finium
597 485 647 524 est
659 498 799 524 tantum
812 494 906 520 unus
929 483 1011 519 finis
1037 506 1046 515 .
1073 476 1212 515 Rursus
1224 501 1237 517 2

300 541 418 588 ptimo
435 537 597 574 efficienti
611 534 862 583 correspondet
875 535 1024 571 ultimus
1035 530 1117 567 finis
1131 541 1142 561 ε
1164 525 1237 565 Sed

300 589 350 628 est
368 598 632 625 tantumunum
651 589 804 626 efficiens
816 586 969 631 primum
986 610 997 625 ‚
1020 582 1054 617 ἃ
1081 580 1146 638 sul?
1166 589 1238 615 una

301 639 439 675 ratione
460 653 472 680 ς
498 639 607 684 igitur
620 649 760 678 tantum
789 647 885 673 unus
913 633 993 672 finis
1012 660 1028 673 0
1046 633 1240 688 Demque.»

299 690 402 728 {icuti
418 689 451 725 in
465 689 546 725 Deo
560 688 608 724 est
622 702 691 726 una
709 684 871 735 majestas
887 712 898 728 ‚
923 686 971 720 ita
988 683 1022 718 8(
1038 694 1107 718 una
1135 681 1239 718 bont-

299 752 353 777 tas
369 753 379 780 3
405 738 473 779 Sed
489 750 750 786 propter-*unam
764 736 843 784 ejus
856 734 1073 781 majestatem
1086 731 1239 767 debetur

300 792 333 829 ei
357 801 497 826 tantum
526 803 597 827 una
629 790 790 828 adoratio
817 785 1013 825 secundum
1050 780 1241 820 Damasce-

302 853 389 878 num
404 867 415 881 ,
444 840 508 877 lib.
528 854 556 881 1·
570 851 642 888 cap.
656 853 691 885 9.
704 841 833 880 adeout
845 850 915 875 non
934 835 1128 873 conveniat
1154 830 1241 867 ado-

301 904 378 932 rare
390 902 497 928 unam
509 891 694 940 personam
707 920 719 935 ‚
744 903 815 927 non
829 887 1012 924 adorando
1023 886 1106 922 alias
1123 911 1134 927 ³
1155 892 1241 942 Pfo·

300 953 383 989 pter
394 943 560 983 unicam,
584 954 694 984 atque
707 939 920 979 effenrialem
948 949 1069 974 earum
1097 936 1242 972 bonita-

298 1003 393 1033 tem,
419 1003 498 1037 quae
514 993 562 1029 est
575 994 722 1030 ultimus
735 991 892 1028 omnium
909 988 1100 1027 hominum
1129 983 1210 1022 finis
1227 1007 1242 1026 ‚

298 1043 335 1081 81
354 1042 523 1079 universae
537 1055 671 1080 naturae
685 1040 936 1079 intelleciualis
953 1064 964 1075 .

398 1090 647 1131 Veruntamen
665 1096 756 1131 ratio
767 1102 885 1127 errans
900 1086 1159 1137 praeostendens
1174 1095 1241 1120 vo·

297 1143 554 1184 luntati,citra
567 1145 601 1180 id
620 1171 629 1181 ,
657 1144 757 1191 quod
776 1142 822 1179 est
841 1140 1018 1177 summum
1033 1137 1241 1186 appetibile,

299 1194 367 1233 effe
379 1194 446 1231 alia
459 1205 604 1242 propter
616 1194 649 1232 se
673 1191 869 1241 appetenda
884 1219 893 1232 ‚
919 1201 959 1226 ut
981 1191 1127 1235 imperia
1141 1213 1153 1230 ‚
1181 1187 1241 1223 vel

298 1245 528 1287 voluptates,
549 1256 612 1281 aut
639 1246 702 1281 alia
730 1245 764 1280 id
785 1253 898 1289 genus
914 1268 924 1283 ‚
952 1240 1026 1278 istis
1052 1251 1114 1284 per
1148 1249 1243 1274 erro-

297 1305 400 1331 neam
414 1295 582 1331 rationem
614 1293 830 1340 preostensis
852 1293 1084 1338 acquiescens
1109 1289 1243 1325 volun·

298 1355 378 1383 tas,
405 1343 438 1378 31
456 1355 575 1381 amore
593 1343 831 1390 prosequens,
855 1343 944 1381 alios
973 1342 1082 1377 habet
1093 1339 1242 1375 ultimos

303 1394 393 1432 fines
409 1393 453 1427 ab
472 1393 532 1428 illo
546 1421 557 1436 ,
578 1395 641 1441 qui
661 1393 757 1431 solus
768 1393 816 1431 est
837 1403 984 1437 propter
996 1391 1030 1426 se
1046 1387 1238 1426 volendus.

299 1447 344 1484 Et
359 1441 492 1480 etlamfi
510 1445 602 1480 ratio
618 1442 710 1480 ¹’esta
723 1444 834 1479 distet
848 1468 859 1483 ,
886 1443 1034 1489 imperia
1049 1465 1063 1482 ,
1081 1440 1116 1475 8<
1136 1437 1239 1475 volu-

299 1504 418 1542 ptates
435 1504 503 1527 non
522 1493 589 1531 effe
604 1493 756 1533 ultimos
772 1494 862 1529 fines
876 1518 888 1534 ,
922 1493 1093 1529 voluntas
1119 1500 1240 1525 tamen

299 1555 367 1592 pro
381 1542 431 1576 sui
445 1543 610 1580 libe-tate
623 1569 634 1586 ,
666 1544 779 1592 potest
791 1544 883 1579 hanc
897 1541 978 1580 finis
991 1541 1106 1577 ultimi
1132 1540 1241 1576 ratio·

299 1607 382 1630 nem
396 1592 444 1627 eis
458 1595 653 1629 attribuere
665 1619 674 1634 ‚
703 1593 822 1632 ficone
835 1593 925 1629 velle
939 1619 947 1627 .
964 1591 1147 1635 Siquidem
1163 1615 1175 1631 ³
1199 1599 1241 1625 ut

298 1644 335 1680 in
350 1642 428 1688 ejus
447 1642 682 1688 potestateest
708 1644 799 1678 velle
826 1643 859 1676 8<
887 1654 958 1678 non
983 1642 1078 1677 velle
1094 1665 1105 1680 ,
1129 1640 1176 1674 ita
1202 1639 1238 1672 St

296 1693 425 1730 modus
447 1692 623 1732 volendi,
652 1690 844 1727 secundum
872 1700 979 1734 quem
1009 1689 1101 1726 velle
1124 1685 1240 1735 potest

296 1743 412 1787 aliqua
430 1751 575 1788 propter
591 1741 637 1784 se,
649 1752 730 1786 quae
742 1739 950 1781 {impliciter
965 1749 1114 1783 propter
1128 1737 1241 1773 alium

296 1793 413 1830 forent
426 1790 630 1836 simplicitet
647 1790 798 1826 volenda
816 1817 823 1822 .
838 1788 934 1830 Iilud
950 1798 1065 1823 tamen
1079 1782 1240 1840 interest3

297 1842 396 1889 quod
410 1841 580 1880 voluntas
596 1839 744 1878 tendens
757 1840 851 1874 circa
866 1838 1032 1872 ultimum
1046 1836 1240 1881 finem,qtu

297 1892 349 1929 est
375 1902 481 1927 verus
506 1890 588 1929 finis
604 1917 613 1932 ‚
641 1890 673 1925 8<
697 1900 847 1934 propter
870 1886 902 1923 se
923 1886 1100 1925 volendus
1131 1911 1142 1925 .
1176 1885 1242 1921 in...

298 1941 407 1990 ipsius
421 1939 624 1989 poffeffione
637 1938 684 1975 est
704 1939 908 1985 fimpliciret
924 1937 1012 1974 felix
1035 1963 1044 1972 .
1061 1934 1130 1975 Sed
1156 1945 1241 1970 cum

299 1993 409 2041 potiri
424 1991 619 2034 contigerit
640 1990 791 2026 aliorum
806 1988 929 2026 finium
943 1988 1063 2025 abillo
1076 2014 1087 2030 ,
1115 1984 1241 2023 secun·

299 2043 384 2078 dum
397 2040 636 2088 quid'antum
654 2038 703 2075 est
724 2039 811 2074 felix
827 2065 836 2076 .
856 2040 887 2073 8(
911 2036 1085 2076 rerfefta:
1101 2034 1145 2073 Et
1161 2036 1242 2082 qui-

300 2092 378 2128 dem
397 2092 417 2126 si
431 2091 528 2133 quod
543 2101 637 2127 amat
657 2116 668 2131 ,
699 2087 747 2125 est
760 2088 831 2135 ipsa
847 2098 970 2124 natura
995 2088 1154 2125 nobilius
1170 2111 1182 2128 ,
1203 2086 1241 2121 in

300 2142 379 2185 eius
399 2140 601 2181 possessione
619 2141 732 2185 magis
745 2139 878 2175 accedit
905 2140 950 2174 ad
971 2138 1142 2175 rationem
1165 2136 1242 2174 feli-

300 2194 420 2230 citatis
433 2205 444 2232 ς
464 2190 496 2226 8(
512 2202 650 2226 tantum
663 2188 795 2225 recedit
810 2201 829 2223 a
842 2194 978 2227 rat²one
993 2186 1063 2224 suae
1075 2185 1242 2224 consum·

300 2255 405 2281 mata:
416 2241 667 2284 perfeetionis,
695 2251 871 2286 quantum
900 2237 1140 2275 extrinsecum
1163 2248 1241 2285 per·

301 2294 472 2330 fectis-nm
490 2290 538 2326 est
550 2292 668 2326 minus
699 2290 819 2328 nobile
836 2315 845 2324 .
876 2289 1095 2337 Simpliciter
1119 2299 1238 2324 tamen

299 2341 365 2383 fibi
375 2345 466 2379 bene
477 2338 542 2387 effe
556 2353 625 2376 non
640 2338 755 2385 potest
773 2366 782 2379 ,
814 2339 874 2375 nist
893 2340 927 2375 in
961 2338 1165 2387 possessione
1180 2338 1240 2374 su-

299 2394 436 2441 premi,
459 2403 500 2427 ac
512 2389 953 2437 nobiliffimiappetibilis,
981 2392 1045 2439 qui
1070 2389 1164 2427 solus
1190 2387 1240 2427 est

299 2445 462 2482 omnium
474 2442 660 2477 hominum
679 2440 827 2477 ultimus
844 2439 921 2475 finis
940 2465 952 2480 ,
1242 2471 1246 2474 .

403 2492 459 2532 Ad
473 2502 683 2538 argumenta
702 2516 711 2528 .
743 2488 800 2525 Ad
822 2490 977 2537 primum
991 2501 1088 2537 paret
1117 2503 1164 2529 ex
1189 2491 1242 2527 di-

304 2542 372 2580 eus
392 2569 401 2579 .
417 2547 513 2581 ham
530 2541 651 2578 infine
668 2552 686 2574 a
721 2541 905 2576 voluntate
934 2541 981 2575 rei
1008 2543 1117 2578 alicui
1142 2542 1241 2578 attri-

301 2595 421 2635 buto,
450 2593 595 2629 minime
611 2590 771 2628 invenire
788 2590 902 2637 potest
929 2589 1085 2627 humana
1112 2604 1241 2628 natura

301 2656 379 2681 eam
408 2642 660 2687 perfeetionem
679 2667 690 2682 ‚
726 2641 759 2676 8<
783 2641 1084 2687 complementum
1100 2669 1111 2684 ‚
1134 2643 1241 2689 quod

301 2693 468 2733 expectat
484 2693 519 2726 in
534 2692 649 2727 ultimi
663 2690 744 2727 finis
756 2690 956 2736 poffeffione
970 2717 980 2724 .
1009 2691 1104 2729 Sunt
1120 2694 1244 2740 itaque

303 2745 356 2781 illi
372 2744 462 2782 fines
476 2754 545 2777 non
561 2743 658 2781 veri,
687 2751 752 2775 nec
766 2741 903 2783 ultimi,
932 2740 993 2779 nili
1012 2754 1058 2781 ex
1085 2746 1243 2792 pravita-

305 2807 340 2833 te
357 2793 554 2832 voluntatis
568 2791 747 2838 peccantis
763 2815 773 2826 .

405 2843 464 2879 Ad
478 2841 669 2880 secundum
686 2839 803 2889 ‚quod
818 2841 973 2888 procedit
985 2841 1028 2878 de
1041 2841 1114 2879 fine
1128 2844 1245 2882 osten·

305 2895 344 2931 so
370 2888 415 2929 a'b
434 2893 572 2928 ratione
600 2903 741 2929 errante
771 2917 780 2931 ,
825 2892 950 2927 eadem
973 2891 1022 2928 est
1048 2892 1243 2941 responsio,

303 2948 402 2987 Nam
426 2943 573 2979 felicitas
601 2969 612 2984 ‚
643 2954 714 2986 qua
741 2941 910 2978 videntur
934 2942 1041 2989 potiri
1068 2942 1245 2989 homines,

304 3008 387 3032 cum
415 2994 483 3030 hos
508 2993 599 3029 fines
620 2992 891 3038 adipiscuntur,
914 3005 984 3028 non
1011 2992 1124 3030 aufert
1153 2995 1246 3030 indi.

307 3045 488 3092 gentiam,
508 3044 567 3079 cui
589 3041 791 3078 subduntur
818 3042 983 3078 homines
1007 3043 1244 3093 quoadusque

307 3107 380 3133 non
405 3092 650 3140 adipiscuntur
678 3093 842 3129 ultimum
871 3093 1008 3134 finem,
1035 3096 1099 3138 qui
1130 3097 1246 3132 aufert

304 3157 447 3181 omnem
458 3142 636 3180 defec‘tum
651 3143 686 3178 In
697 3144 812 3179 anima
828 3143 914 3181 dans
927 3144 960 3182 ei
987 3143 1246 3191 perfeetionem

306 3195 604 3234 consummatam,

407 3244 464 3281 A‘l
475 3245 619 3282 tertium
637 3242 834 3290 respondeo
849 3269 861 3285 ,
887 3245 948 3280 Τὸ
966 3243 1157 3297 chuid
1167 3246 1248 3286 vult

308 3307 379 3331 non
395 3293 461 3331 effe
475 3292 722 3339 accipiendum
738 3293 886 3331 divisive
903 3307 967 3342 pro
984 3296 1101 3332 volitis
1118 3296 1249 3332 forma-

311 3347 390 3382 liter
407 3358 419 3386 ;
439 3344 508 3381 Sed
526 3354 591 3391 pro
608 3344 731 3390 aliquo
747 3356 818 3379 uno
833 3370 843 3385 ,
873 3345 906 3379 in
922 3357 998 3391 quo
1014 3342 1092 3381 sunt
1109 3349 1246 3384 unitive

311 3395 426 3431 omnia
438 3394 534 3431 reste
562 3394 695 3436 volita3
724 3405 762 3429 ut
794 3393 831 3429 lit
862 3393 1004 3438 sensus,
1029 3396 1158 3434 Beatus
1180 3397 1247 3442 est,

311 3446 373 3491 qui
391 3444 495 3480 habet
511 3443 666 3490 perfe6te
683 3469 693 3484 ‚
720 3443 912 3481 secundum
926 3445 1070 3482 modum
1085 3447 1146 3483 fibi
1169 3448 1249 3496 pos-

312 3495 446 3531 sibilem
464 3494 607 3539 aliquod
623 3492 806 3542 objeStum
821 3507 969 3543 propter
992 3495 1024 3532 se
1037 3497 1247 3541 volendum,

311 3545 350 3580 in
366 3556 441 3590 qno
459 3544 599 3588 poffidct
614 3545 753 3580 unitive
771 3545 826 3586 ,ἃ
853 3548 1051 3584 eminenter
1071 3549 1248 3596 quiequid

313 3593 426 3643 potest
443 3594 533 3629 reete
546 3595 630 3629 velle
651 3620 657 3626 .
677 3597 731 3635 Ac
754 3596 902 3643 proinde
920 3598 1047 3641 unicus
1067 3598 1116 3635 est
1138 3612 1248 3638 verus

314 3646 472 3679 omnium
488 3644 672 3680 hominnm
690 3646 833 3682 ultimus
848 3647 930 3682 iini's
945 3674 956 3690 ‚
977 3649 1011 3685 3<
1024 3648 1047 3683 fi
1060 3651 1177 3696 plures
1190 3651 1248 3690 alii

314 3694 377 3729 sibi
388 3705 574 3729 occurrere
589 3705 720 3740 queant
743 3697 791 3732 ob
810 3708 987 3734 errantem
1014 3700 1249 3747 intellectum,

316 3755 378 3778 aut
404 3743 536 3801 innasci
561 3755 608 3783 ex
628 3744 790 3786 libertate
810 3748 1006 3787 voluntatis
1039 3763 1150 3802 prave
1184 3753 1250 3792 eli·

316 3803 437 3843 gentis
462 3819 473 3832 .

936 161 1117 208 Summe
1148 154 1339 225 Joannis
1368 159 1499 208 Dum
1521 159 1639 208 Scoti

1457 276 1965 319 ARTlcULUS
2015 280 2121 321 vlu.

1402 377 1538 417 Utrum
1554 380 1590 417 in
1607 381 1669 418 illo
1681 380 1811 419 ultimo
1822 381 1896 419 fine
1915 383 1990 420 aliae
2004 393 2179 420 creatura

1661 443 1876 470 conveniant
1899 460 1909 469 .

1376 524 1550 576 Doflor4.
1565 529 1602 566 d.
1616 545 1676 579 49·
1697 545 1735 580 q.
1749 535 1781 570 8.
1796 535 1834 569 in
1855 532 1993 581 ‘'Re-por.
2012 533 2103 572 ibid.
2114 545 2149 583 q.
2161 542 2200 583 7.

1513 581 1557 619 S.
1578 580 1724 623 Thomas
1743 597 1775 621 ι.
1791 594 1827 620 2.
1842 594 1876 631 q.
1894 596 1924 620 1.
1940 594 2013 623 art.
2028 587 2063 623 8.
2179 612 2183 615 Δ

1435 681 1582 719 ldentur
1597 694 1732 721 caeterae
1747 697 1874 721 omnes
1889 695 2062 722 creaturae
2077 685 2122 721 ab
2143 683 2263 720 homi-

1442 746 1486 770 ne
1499 736 1534 772 in
1548 734 1673 771 ultimo
1683 735 1755 771 fine
1767 735 1875 782 iplius
1888 739 2077 772 convenire
2090 763 2101 772 .
2120 735 2264 772 Etenim

1313 783 1415 818 Deus
1429 783 1479 821 est
1496 783 1649 833 primum
1663 785 1818 822 efficiens
1828 785 1991 822 omnIum
2007 800 2019 827 ;
2044 785 2117 823 Sed
2141 787 2194 831 pri
2203 796 2263 822 mo

1312 831 1477 870 efficienti
1506 834 1764 883 correspondet
1795 836 1943 872 ultimus
1978 837 2064 871 finis
2091 847 2102 871 t
2129 834 2262 871 Causae

1314 884 1856 932 enimprimaeuniversaliffimae
1882 885 2094 934 respondeat
2119 896 2265 932 opertet

1313 932 1399 969 finis
1416 935 1566 971 ultimus
1581 936 1893 975 universaliffimus
1909 949 1923 978 ;
1952 937 2070 983 igitur
2082 936 2184 972 Deus
2212 934 2262 972 est

1314 983 1397 1021 finis
1411 984 1639 1023 immediatus
1656 990 1817 1023 omnium
1833 999 1846 1028 ;
1874 998 2001 1023 ornnes
2015 997 2103 1033 crgo
2119 996 2263 1022 creatu·

1313 1047 1359 1073 1·ae
1372 1035 1596 1074 conveniunt
1606 1039 1641 1073 In
1658 1038 1788 1075 ultimo
1799 1036 1875 1074 fine
1889 1037 2047 1075 hominis
2063 1064 2072 1073 .

1415 1086 1587 1123 Praeterea
1599 1114 1613 1132 ‚
1633 1088 1711 1126 Nifi
1727 1098 1901 1126 creaturae
1911 1099 2035 1127 omnes
2047 1084 2196 1123 homine
2207 1085 2264 1121 in-

1314 1134 1460 1173 feriores
1486 1136 1652 1175 ultimate
1679 1137 1971 1185 perficerentur,
1990 1139 2026 1176 8<
2048 1136 2264 1183 complete-a

1313 1186 1608 1232 conquIescerent
1624 1214 1637 1231 ,
1659 1188 1855 1226 nihilnltra
1877 1199 2089 1237 appetentes
2104 1214 2115 1229 ,
2137 1185 2264 1234 profe·

1312 1237 1372 1272 fito
1386 1237 1563 1276 violenter
1577 1248 1785 1278 tenerentur
1798 1265 1812 1282 ‚
1838 1240 1873 1276 8<
1886 1238 2037 1287 quidem
2061 1236 2263 1274 necestitate

1313 1299 1439 1324 contra
1467 1287 1624 1334 ipsarum
1666 1300 1831 1326 naturam
1865 1300 2080 1336 urgerentur
2099 1314 2111 1331 ‚
2139 1287 2264 1334 ficque

1312 1339 1416 1376 fieret
1430 1347 1470 1372 ut
1485 1339 1519 1374 in
1534 1350 1652 1376 rerum
1667 1339 1901 1377 universitate
1914 1340 2081 1378 violentia
2097 1338 2266 1386 quaedam

1312 1389 1618 1437 perpetualocum
1632 1388 1780 1426 haberet
1801 1402 1814 1430 ς
1836 1390 1907 1425 hoc
1920 1392 2066 1427 videtur
2091 1388 2266 1427 inconve-

1315 1438 1417 1475 niens
1430 1450 1441 1478 3
1473 1440 1566 1485 Ergo
1577 1451 1658 1476 cum
1672 1439 1830 1485 perfecta
1842 1441 1946 1488 quies
1958 1443 1994 1478 in
2006 1441 2135 1477 ultimo
2148 1437 2268 1476 homi.

1315 1490 1371 1526 nis
1388 1488 1459 1525 fine
1485 1488 1526 1524 fit
1553 1489 1695 1535 praecise
1720 1489 1909 1528 statuenda
1935 1518 1946 1533 ‚
1967 1502 2092 1529 omnes
2115 1490 2266 1527 omnino

1316 1551 1489 1576 creaturae
1503 1540 1537 1573 in
1551 1540 1613 1575 illo
1623 1539 1818 1576 necessario
1827 1541 2090 1584 conquiescunt
2101 1565 2111 1575 .

1418 1591 1593 1625 Praeterea
1609 1614 1619 1629 ,
1642 1590 1738 1624 Finis
1754 1589 1784 1622 8<
1815 1590 1951 1624 bonum
1978 1588 2073 1624 idem
2098 1586 2203 1629 sunt,
2234 1597 2268 1633 3.

1314 1639 1489 1687 metaphy.
1503 1647 1580 1675 tex.
1592 1647 1714 1682 com.3.
1731 1636 1800 1673 Sed
1813 1637 2025 1682 impoflibile
2038 1637 2088 1672 est
2105 1663 2118 1680 ,
2132 1637 2269 1684 aiiquid

1314 1688 1449 1725 habere
1460 1689 1633 1724 rationem
1657 1689 1776 1722 omnz's
1805 1687 1913 1729 boni,
1941 1687 2005 1722 nist
2027 1687 2129 1734 quod
2156 1687 2267 1723 habet

1316 1738 1492 1773 rationem
1508 1738 1625 1772 omnis
1635 1734 1865 1781 perfeetionis
1881 1758 1894 1777 ,
1916 1747 1999 1772 cum
2026 1737 2262 1786 perfectiones

1316 1785 1382 1821 lint
1398 1784 1442 1820 de
1455 1795 1585 1829 genere
1597 1787 1776 1822 bonorum
1794 1797 1807 1825 3
1836 1786 1936 1831 quod
1968 1787 2017 1824 est
2041 1799 2129 1832 ergo
2152 1786 2263 1825 causa

1315 1835 1525 1877 formalis‚&
1538 1836 1750 1882 exemplaris
1762 1836 1921 1872 omniun»
1933 1863 1948 1883 ‚
1972 1839 2014 1873 lit
2027 1849 2175 1885 oportet
2201 1850 2267 1886 pa-

1315 1886 1402 1922 riter
1419 1884 1540 1922 finalis
1550 1886 1712 1921 omnium
1727 1886 1760 1921 in
1774 1897 1902 1930 genere
1916 1891 2094 1925 bonorum
2116 1914 2130 1928 .
2156 1891 2267 1939 Qo-

1315 1937 1411 1973 niam
1424 1947 1512 1980 ergo
1527 1938 1662 1972 bonurn
1686 1936 1804 1972 omnia
1833 1949 2034 1986 appetunt3
2060 1941 2268 1988 propriam·

1315 1998 1388 2031 que
1416 1985 1672 2034 perfeftionem
1689 2012 1701 2029 ‚
1727 1986 1847 2022 omnia
1874 1991 2007 2026 habent
2028 2000 2097 2037 pro
2127 1990 2263 2026 ultimo

1313 2035 1390 2074 fine
1408 2063 1419 2078 ,
1443 2036 1543 2082 quod
1558 2035 1607 2073 est
1624 2035 1726 2072 causa
1738 2036 1857 2074 finalis
1870 2042 1904 2077 in
1918 2049 2049 2087 genere
2064 2040 2267 2078 bonorum.

1417 2085 1554 2122 Contra
1573 2113 1583 2129 ,
1610 2086 1840 2132 Augustinus
1857 2091 1966 2137 14.de
1986 2089 2123 2128 Trinit‚
2143 2091 2264 2138 cap.8.

1316 2136 1367 2173 Eo
1393 2138 1485 2173 em'm
1509 2135 1580 2185 ipsb
1604 2138 1717 2182 imago
1742 2139 1815 2176 Dei
1831 2142 1888 2178 cf?
1915 2151 2008 2178 mens
2025 2166 2036 2182 ‚
2058 2151 2127 2188 quo
2151 2149 2266 2189 capax

1313 2187 1386 2234 ejus
1408 2186 1465 2224 eff
1474 2211 1487 2230 ‚
1515 2186 1657 2235 ejusque
1667 2190 1844 2239 partit-eps
1854 2191 1921 2237 eff?
1930 2191 2039 2240 potest
2055 2215 2065 2226 .
2095 2190 2193 2227 Cum
2207 2201 2265 2227 er-

1314 2249 1364 2283 go
1375 2238 1471 2274 nulla
1487 2248 1648 2274 creatura
1663 2237 1806 2279 homine
1818 2243 1967 2281 inferior
1985 2244 2052 2279 Dei
2067 2241 2108 2278 fit
2133 2253 2264 2290 capax,

1313 2299 1378 2324 nec
1392 2289 1571 2336 particeps
1584 2285 1663 2332 ejus
1676 2286 1754 2326 fieri
1781 2304 1891 2340 queat
1909 2320 1920 2336 ,
1940 2291 2104 2340 profecto
2126 2293 2264 2328 nullius

1315 2339 1464 2377 alterius*
1478 2339 1524 2373 ab
1535 2339 1677 2376 homine
1690 2340 1739 2378 est
1755 2344 1904 2382 ultimus
1931 2341 2016 2380 fmis
2028 2370 2039 2385 ,
2059 2354 2167 2390 quem
2196 2343 2265 2378 ho·

1314 2399 1375 2426 mo
1388 2401 1450 2438 per
1466 2389 1710 2434 cognitionem
1728 2420 1739 2435 ,
1765 2395 1798 2430 8<
1813 2406 1971 2433 amorem
1996 2394 2174 2440 attingere
2198 2405 2268 2442 po·

1313 2438 1382 2474 test
1397 2465 1409 2476 .
1437 2439 1608 2478 Probatio
1622 2439 1826 2490 consequen
1854 2471 1864 2482 .
1886 2447 2040 2484 ‘Natura
2052 2444 2188 2481 caeteris
2201 2455 2268 2479 no-

1318 2490 1426 2526 bilior
1442 2515 1454 2531 ,
1466 2488 1609 2526 homine
1625 2501 1742 2531 tamen
1755 2493 1916 2539 inferior,
1928 2494 2091 2532 senfitiva
2104 2493 2169 2533 est:
2185 2495 2263 2531 haec

1315 2549 1437 2576 autem
1454 2551 1514 2587 per
1528 2551 1706 2588 organum
1721 2556 1934 2593 corporeum
1959 2555 2132 2591 operatur
2149 2559 2163 2588 ;
2180 2557 2269 2592 ergo

1318 2587 1452 2640 versari
1467 2601 1537 2626 non
1553 2591 1667 2639 porest
1695 2595 1790 2630 circa
1807 2594 1993 2642 objectum
2009 2595 2244 2633 immateriale
2255 2610 2271 2634 a

1317 2640 1444 2677 Solum
1462 2652 1580 2677 autem
1597 2643 1632 2678 in
1650 2643 1713 2679 illo
1725 2644 1872 2692 objeRO
1888 2673 1900 2688 ‚
1923 2645 2024 2693 quod
2052 2658 2113 2692 per
2137 2659 2268 2695 opera-

1319 2691 1454 2746 tionem
1472 2702 1543 2726 non
1561 2695 1766 2738 organicam
1784 2697 1975 2742 attingitur
1993 2721 2004 2737 ,
2029 2694 2079 2730 est
2109 2697 2267 2734 beatitu-

1320 2740 1369 2775 do
1383 2740 1565 2786 objeetive
1576 2769 1587 2785 ,
1613 2742 1735 2790 estque
1749 2745 1831 2782 Finis
1843 2747 1994 2782 ultimus
2007 2756 2144 2783 naturae
2164 2749 2269 2785 intel-

1319 2788 1482 2827 lectualis
1498 2816 1507 2826 .
1524 2792 1620 2838 Ergo
1635 2795 1670 2829 in
1687 2805 1730 2829 eo
1743 2796 1818 2832 fine
1831 2809 1903 2833 non
1915 2797 2138 2834 conveniunt
2149 2824 2163 2843 ‚
2189 2800 2266 2836 aliae

1320 2842 1507 2878 creaturae
1519 2842 1662 2879 homine
1674 2843 1858 2884 inferiores
1870 2875 1878 2882 .

1421 2892 1636 2940 Respondeo
1650 2893 1842 2935 dicendum
1858 2923 1870 2940 ‚
1898 2899 1984 2936 alias
2005 2907 2186 2936 creaturas
2216 2901 2264 2937 ab

1320 2943 1465 2979 homine
1479 2945 1514 2978 in
1529 2942 1603 2979 fine
1619 2943 1725 2991 ipfius
1736 2946 1833 2985 haud
1845 2950 1941 2997 poll‘e
1965 2950 2160 2985 convenire
2191 2949 2236 2987 lic
2252 2979 2262 2993 ,

1322 3003 1363 3029 ut
1376 2991 1579 3039 simpliciter
1590 2998 1846 3043 conquiescant
1864 3028 1873 3043 ,
1886 2998 2054 3048 quamvis
2071 2997 2261 3041 secundum

1319 3043 1412 3090 quid
1423 3042 1531 3081 finem
1544 3046 1787 3092 quietativum
1800 3050 1951 3096 ipsarum
1969 3048 2111 3096 adipisci
2128 3064 2266 3098 queant

1322 3093 1495 3131 habentes
1519 3097 1745 3143 operationes
1775 3099 1955 3138 sensitivas
1983 3125 1993 3137 .
2015 3102 2057 3137 Et
2082 3103 2265 3151 quidem..

1323 3145 1450 3194 prioris
1462 3146 1545 3181 dieti
1560 3147 1729 3185 rationem
1754 3163 1867 3198 nuper
1889 3151 2073 3196 tetigimus
2096 3178 2106 3188 .
2133 3156 2264 3190 Nam..

1323 3196 1419 3232 nulla
1432 3207 1594 3232 creatura
1606 3196 1654 3232 est
1670 3210 1794 3245 potens
1811 3203 1919 3250 potiri
1949 3200 2025 3238 fine
2047 3203 2177 3240 ultimo
2200 3204 2267 3240 ho.

1324 3247 1451 3290 minis,
1481 3244 1674 3283 secundum
1687 3252 1787 3297 quod
1814 3251 1969 3293 possibile
1995 3251 2046 3289 est
2071 3253 2267 3301 possideri,

1324 3295 1386 3332 nist
1399 3299 1514 3333 valeat
1533 3298 1706 3344 attingere
1729 3300 1914 3348 objectum
1942 3303 2177 3341 immateriale
2195 3332 2206 3347 ,
2226 3306 2265 3341 δε

1323 3347 1562 3384 versaricirca
1578 3347 1754 3388 summum
1771 3354 1906 3390 bonum
1927 3360 1937 3384 ³
1964 3353 2140 3389 Creatura
2163 3355 2267 3390 nobi-

1323 3397 1550 3434 liffimainfra
1571 3397 1756 3438 hominem
1783 3414 1921 3441 tantum
1949 3403 2122 3450 attingere
2148 3405 2266 3453 potest

1324 3450 1460 3485 bonum
1476 3451 1657 3487 materiale
1674 3463 1686 3492 ;
1719 3454 1816 3500 Ergo
1840 3453 2048 3500 impoffibile
2059 3453 2108 3491 cst
2123 3482 2132 3496 ,
2158 3466 2198 3491 ur
2212 3456 2268 3502 ip-

1325 3499 1395 3534 sius
1409 3499 1491 3535 finis
1505 3499 1544 3534 lit
1567 3501 1624 3537 ille
1641 3527 1653 3544 ‚
1680 3502 1715 3539 in
1737 3515 1813 3552 quo
1841 3503 1952 3541 homo
1980 3503 2030 3542 est
2060 3505 2267 3555 simplicitet

1321 3550 1448 3587 beatus
1460 3574 1471 3586 .

1424 3599 1538 3649 Qrod
1552 3613 1639 3637 vero
1641 3598 1842 3645 secundum
1853 3603 1944 3653 quid
1955 3604 2057 3654 ponit
2069 3607 2104 3642 in
2117 3608 2266 3654 proprio

1325 3648 1400 3687 fine
1412 3651 1662 3696 conquiescere
1678 3675 1691 3694 ‚
1712 3653 1909 3693 declaratur
1932 3668 1942 3691 t
1969 3659 2064 3694 Nam
2075 3658 2191 3695 omnis
2202 3670 2265 3695 na-

1322 3712 1403 3737 tura
1420 3728 1432 3744 ‚
1453 3710 1534 3746 quae
1552 3710 1613 3750 per
1625 3701 1720 3738 suam
1732 3707 1977 3751 operationem
1990 3707 2102 3754 potest
2130 3707 2195 3745 suo
2222 3709 2265 3744 Γι-

1323 3753 1360 3789 ni
1376 3751 1579 3788 immediate
1603 3751 1803 3800 conjungi,
1825 3768 1938 3804 atque
1968 3769 2009 3793 ea
2035 3757 2174 3795 ratione
2200 3758 2266 3796 suo

1320 3803 1465 3854 optimo
1475 3802 1605 3855 potiri,
1628 3815 1670 3842 ea
1682 3805 1720 3843 in
1745 3805 1819 3845 fine
1846 3806 1911 3846 suo
1932 3807 2188 3858 conquiescere
2211 3809 2268 3848 di-

2103 3859 2218 3898 cende

2314 1575 2360 1605 De
2373 1583 2466 1603 rerum
2475 1574 2548 1613 priu-

2307 1615 2384 1653 cipto
2397 1617 2543 1652 quma-6.

2324 2891 2409 2924 Bruta
2424 2895 2478 2928 effe
2501 2897 2542 2928 se-

2306 2934 2428 2963 cundum
2473 2936 2545 2975 quid

2305 2977 2417 3009 capacia
2440 2984 2474 3013 qu
2483 2976 2543 3004 {etis

2305 3009 2411 3040 ultimae
2425 3032 2436 3046 ‚
2449 3023 2541 3044 non..

2307 3056 2401 3079 tamen
2412 3051 2544 3091 simplicit

2306 3095 2349 3117 ter
2362 3107 2372 3118 ο

2344 3598 2430 3629 Bruta
2447 3598 2476 3629 in
2492 3599 2539 3629 libi

2306 3640 2428 3668 maxime
2475 3647 2541 3668 con.

2306 3677 2476 3706 venientibus
2494 3676 2539 3714 se-

2306 3717 2427 3745 cundum
2469 3715 2540 3752 quid

2306 3753 2495 3786 beatificantur
2508 3771 2519 3783 .

2599 2921 2617 2931 ο*
