2643 4043
154 567 184 591 9.
195 555 314 594 metaph.
327 565 356 592 q.

159 598 298 627 15.§.Per
309 594 352 622 di-

154 635 198 661 θα
209 651 219 662 ο

147 1952 258 1990 Qtodl.
269 1952 346 1989 μσς

147 1998 202 2023 αΐὶ.
213 2000 241 2021 2·

475 109 534 152 88

494 173 707 222 Respondet>
721 173 908 208 dicendum
925 201 933 214 ,
965 172 1203 207 Voluntatem
1218 173 1326 207 libere

392 228 539 260 omnino
555 252 565 267 ‚
592 226 760 269 nullaque
776 234 924 268 cogente
948 221 1147 257 necestitate
1175 235 1219 257 ex
1248 223 1325 267 plu-

393 279 488 312 ribus
507 276 628 311 mediis
642 276 702 310 fibi
717 274 845 309 oblatis
858 273 932 309 haec
946 274 978 313 5(
999 273 1052 311 illa
1077 273 1205 318 eligere
1221 299 1231 314 ,
1256 273 1323 307 alia

390 339 499 372 atque
517 328 580 361 alia
599 337 826 361 contemnere
841 339 849 360 z
867 337 929 359 nec
942 325 1025 359 item
1041 322 1234 358 neceffario
1247 336 1322 358 am·

389 377 494 424 plear
511 376 664 412 medium
680 400 689 416 ,
713 387 795 411 cum
814 387 923 409 unum
937 384 1074 409 tantum
1090 375 1246 408 occurrit
1259 385 1322 419 pro

389 427 470 462 finis
487 427 703 473 adeptitione
717 452 726 466 ,
750 425 809 459 nifi
826 423 964 459 fortaffe
979 424 1180 459 necestitate
1196 424 1320 458 condi·

389 479 524 512 tionata
540 504 550 518 ,
579 489 623 512 ex
638 474 826 523 hypothesi
841 476 1009 509 nimirum
1041 476 1150 509 libere>
1175 475 1319 508 volitio-

389 530 443 563 nis
461 528 540 564 finis
555 552 564 561 .
591 530 685 564 Nam
718 525 789 571 ipsa
816 526 984 560 voluntas
1002 549 1013 565 ,
1051 523 1241 570 praesettim
1280 524 1316 558 in

390 581 446 614 via
462 605 474 622 ,
501 592 516 612 a
536 578 666 614 nullius
682 576 843 611 bonitate
870 573 1006 619 objeeii
1023 573 1212 610 neceffario
1238 585 1317 609 τηο-

386 641 492 665 vetur
506 631 540 665 ἃ
554 628 708 663 trabitur
721 652 732 668 ,
758 624 813 660 sed
830 626 940 669 magis
953 625 1012 659 fibi
1030 623 1238 670 praeostensa
1251 626 1317 659 ob-

385 680 472 727 jeeii
495 680 653 715 bonitate
682 676 791 711 libere
821 675 964 723 seipsam
1000 675 1044 709 ad
1081 676 1167 711 illud
1197 673 1318 722 prose-

386 732 568 778 quendum
583 726 818 763 determinare
830 752 842 768 ,
862 726 989 761 adeout
1006 724 1038 760 se
1055 724 1098 759 ad
1115 726 1318 773 oppositum

389 793 497 827 queat
511 807 520 822 ,
549 788 608 814 aut
627 777 733 812 etiam
751 778 794 810 ab
805 777 900 811 omni
923 776 955 811 se
981 774 1191 823 suspendere
1215 775 1318 815 aEtu3

384 832 497 878 igitur
521 829 706 865 intendens
737 826 842 862 finem
864 826 1053 862 efficaciter
1069 852 1079 867 ,
1108 838 1148 861 ac
1172 825 1322 873 proinde

389 894 453 930 per
465 879 760 916 consultationem
778 878 975 913 mediorum
993 878 1158 923 pluribus
1178 877 1242 912 fibi
1255 887 1318 911 oc·

388 932 617 968 currentibus
645 954 657 971 ,
685 928 781 961 valet
806 927 950 963 utiliora
977 938 1204 963 contemnere
1228 953 1238 968 ‚
1276 937 1318 961 ac

385 984 504 1020 minus
519 981 645 1016 idonea
671 978 901 1027 praeeligere,
927 987 966 1013 ut
991 977 1144 1013 ducatur
1166 977 1210 1012 ad
1238 975 1318 1012 finis

386 1031 728 1077 consequutionem:
751 1029 856 1064 lubera
875 1040 962 1073 ergo
978 1027 1028 1065 est
1042 1029 1220 1064 voluntati
1236 1040 1316 1063 om-

384 1085 441 1120 nis
456 1080 608 1121 elthi03
632 1078 815 1126 Siquidem
830 1079 850 1114 li
874 1079 945 1113 ulla
968 1090 1154 1125 appareret
1178 1077 1320 1115 neceffi-

386 1146 441 1171 tas
455 1161 467 1176 ‚
494 1134 552 1168 cui
568 1132 735 1166 voluntas
748 1130 780 1163 in
797 1129 961 1175 eligendo
976 1129 1187 1165 subderetur
1200 1157 1213 1173 ,
1241 1141 1317 1165 ma·

384 1190 481 1222 xime
498 1194 539 1219 ut
551 1190 779 1227 comparatur
802 1180 842 1214 ad
871 1181 1065 1217 bonitatem
1091 1181 1198 1215 medii
1227 1192 1318 1225 prae-

383 1234 568 1272 stantioris
581 1259 589 1274 ‚
603 1242 710 1278 atque
723 1230 878 1265 utilioris
890 1256 900 1272 ‚
911 1231 1072 1276 respeffiu
1091 1232 1207 1266 minus
1235 1230 1318 1265 ido-

383 1287 441 1323 nei
471 1282 662 1329 minusque
685 1279 834 1316 efficacis
854 1306 864 1317 .
893 1280 1008 1328 Atqui
1025 1282 1192 1316 voluntas
1215 1281 1252 1316 in
1274 1293 1318 1316 eo

381 1335 597 1386 potissimum
626 1329 850 1377 distinguitur
874 1332 917 1366 ab
941 1331 1106 1367 senlitivo
1132 1332 1320 1379 appetitu,

381 1386 482 1435 quod
498 1387 524 1420 is
537 1386 585 1419 ita
600 1396 617 1417 a
631 1381 832 1417 commodis
844 1380 997 1427 objcffis
1014 1405 1026 1425 ‚
1052 1384 1158 1428 eique
1186 1393 1321 1417 conve-

383 1437 567 1475 nientibus
583 1432 757 1468 affici-tur
774 1455 787 1474 ,
807 1442 846 1466 ut
862 1444 901 1467 ea
914 1435 1059 1468 omnino
1085 1431 1183 1480 sequi
1201 1433 1229 1468 8<
1246 1444 1321 1467 am-

382 1487 492 1537 pleffi
506 1497 575 1521 non
588 1482 764 1530 poslit‚illa
778 1493 863 1516 vero
878 1494 941 1529 pro
953 1484 1072 1519 innata
1085 1482 1137 1518 sui
1149 1482 1320 1519 nobilita-

384 1551 419 1575 te
433 1549 473 1572 ac
484 1534 706 1571 dominativa
722 1530 895 1579 potestate
908 1532 947 1568 sit
966 1533 1018 1569 sui
1030 1534 1318 1576 determinativa,

382 1598 569 1636 queatque
599 1583 662 1619 fibi
691 1583 938 1618 convenientia
967 1582 1135 1631 prosequi
1160 1595 1221 1619 aut
1243 1596 1316 1619 non

380 1638 548 1686 prosequi
565 1635 584 1670 fi
606 1633 770 1669 maluerit
790 1645 801 1671 ς
825 1643 895 1667 non
927 1634 1042 1676 magis
1070 1635 1180 1679 igitur
1205 1634 1317 1668 affici-

378 1701 439 1726 tur
454 1690 487 1724 8<
502 1685 657 1722 trabitur
672 1695 690 1716 a
707 1680 942 1728 praestantiori
967 1681 1108 1725 medio,
1135 1693 1243 1728 quam
1269 1694 1318 1718 a..

379 1741 499 1776 minus
513 1736 590 1772 utili
624 1730 813 1777 minusque
826 1731 942 1766 bono.

477 1789 575 1824 Cum
588 1794 675 1818 vero
690 1794 802 1817 unum
828 1780 987 1826 suppetit
1001 1782 1162 1817 medium
1191 1783 1323 1817 volun-

380 1842 443 1878 tati
459 1839 564 1875 finem
578 1832 771 1868 efficaciter
784 1829 1006 1868 intendenti,
1024 1838 1089 1861 nec
1100 1830 1172 1861 ulla
1187 1828 1247 1860 hic
1259 1837 1324 1861 oc-

381 1891 494 1927 currit
509 1881 689 1923 neceffitas
703 1906 714 1922 ‚
737 1891 808 1924 qua
826 1878 899 1912 dici
914 1877 1041 1913 merito
1050 1885 1160 1922 queat
1175 1901 1184 1915 ‚
1212 1872 1323 1922 ipsam

381 1940 470 1978 illud
484 1932 675 1974 necefl‘ario
697 1929 937 1976 amplexatam
962 1924 1064 1963 fuiffe
1080 1951 1089 1962 .
1119 1928 1216 1962 Nam
1236 1936 1326 1972 que-

384 1986 615 2029 madmodum
630 1983 738 2017 libere
754 1979 902 2015 omnino
927 1976 1089 2014 ferturin
1116 1974 1246 2017 finem,
1276 1976 1324 2011 ita

384 2041 468 2077 &in
486 2050 525 2074 ea
541 2063 553 2079 ,
577 2045 657 2081 quae
671 2030 751 2067 sunt
767 2029 810 2065 ad
823 2027 928 2065 finem
941 2054 950 2064 .
979 2025 1091 2074 Quod
1105 2025 1126 2060 fi
1152 2027 1187 2061 in
1215 2025 1324 2061 medii

385 2092 494 2127 unius
506 2082 786 2135 prosequutione
797 2079 866 2115 dici
877 2091 948 2115 non
959 2075 1075 2126 potest
1088 2103 1100 2117 ,
1132 2075 1218 2111 illud
1240 2088 1327 2121 prae-

383 2142 460 2178 aliis
471 2135 610 2184 elegisse
623 2160 635 2177 ,
649 2133 683 2168 id
697 2142 758 2177 per
771 2129 936 2167 accidens
946 2126 1179 2174 consequitur
1200 2125 1278 2173 ejus
1291 2125 1329 2161 fi.

379 2195 436 2233 nis
453 2178 792 2227 conditionem.Nec
805 2179 853 2216 est
870 2181 935 2217 alia
947 2177 1127 2216 neceffitas
1138 2176 1200 2213 nifi
1212 2175 1336 2212 conse-

379 2243 535 2291 quuti-va
551 2250 570 2272 a
588 2244 592 2269 ε
610 2247 681 2270 ουν
705 2234 907 2269 libertatem
925 2257 937 2273 ,
963 2240 1091 2277 nempe
1109 2229 1194 2274 quia
1228 2225 1334 2283 ipsa..

382 2295 522 2333 fibimet
537 2300 612 2324 eam
630 2284 747 2320 intulit
773 2281 1006 2318 necessitatem
1025 2306 1035 2319 ‚
1060 2291 1079 2313 a
1094 2289 1165 2324 qua
1187 2287 1334 2324 pennus

387 2340 556 2382 immunis
574 2335 640 2373 ess‘e
656 2332 824 2385 potuisset
839 2358 853 2376 ,
879 2332 904 2372 fi
919 2332 1000 2368 loco
1013 2328 1094 2368 finis
1108 2328 1237 2373 intenti
1261 2327 1329 2365 ali.

386 2407 447 2433 um
460 2387 649 2430 maluisset.

1024 106 1205 150 Summe
1246 100 1436 167 '‘fo-annis
1469 101 1599 148 Dum
1620 101 1740 148 Scoti

1499 169 1558 204 Ad
1585 179 1798 214 argumenta
1818 194 1826 203 .
1858 168 1915 205 Ad
1945 170 2097 215 primum
2125 167 2335 215 respondeo,

1399 219 1680 257 Similitudinem
1696 221 1789 255 illam
1820 221 1855 253 in
1887 232 1930 254 co
1963 230 2102 253 tantum
2120 217 2301 254 subsistere
2320 246 2330 259 ,

1397 270 1497 317 quod
1515 269 1602 305 ficut
1619 269 1667 305 est
1681 270 1770 305 ordo
1793 269 1884 305 inter
1911 271 2080 305 veritates
2106 269 2270 314 principii
2297 270 2327 303 St

1397 319 1636 355 conclusionis
1653 346 1664 362 ,
1687 321 1734 354 ita
1747 321 1779 355 8<
1794 320 1885 355 inter
1899 320 2076 356 bonitates
2090 319 2171 353 finis
2185 345 2196 360 ‚
2224 319 2256 353 8<
2271 329 2331 352 eo·

1400 381 1479 405 rum
1503 380 1584 416 quae
1609 368 1740 405 suntad
1767 369 1871 406 finem
1891 397 1902 410 ,
1930 372 1963 407 ὃς
1979 381 2021 405 eo
2038 371 2168 416 pariter
2179 367 2330 405 ordine>

1397 421 1595 455 intenditur
1606 420 1686 455 finis
1701 447 1712 462 ‚
1740 420 1774 455 8<
1788 421 1970 467 eliguntur
1983 432 2064 466 quae
2079 420 2122 456 ad
2136 421 2234 455 illum
2250 417 2331 454 sunt

1394 470 1560 505 ordinata
1575 496 1584 505 .
1615 471 1684 508 Sed
1696 469 1873 517 disparem
1889 482 2007 506 tamen
2024 498 2034 512 ,
2051 471 2126 505 imo
2143 472 2175 506 8<
2187 480 2331 504 contra·

1395 520 1483 555 riam
1496 519 1564 556 effe
1578 521 1750 557 rationem
1781 522 1990 557 neceffitatis
2005 532 2044 556 ut
2072 532 2331 567 comparantur

1394 569 1439 605 ad
1460 571 1640 619 potentias
1651 571 1836 608 absolute.
1866 574 1951 609 Non
1963 574 2055 606 enim
2079 581 2245 618 oportet,
2270 583 2336 606 vo-

1398 621 1574 658 luntatem
1598 634 1678 657 eum
1692 621 1858 657 ordinem
1881 633 2001 658 tenere
2028 624 2062 657 in
2090 621 2229 657 affibus
2248 620 2331 662 suis,

1397 683 1567 718 quonata
1586 671 1664 708 sunt
1682 671 1850 719 prosequi
1865 672 2022 708 volibilia
2035 685 2079 707 ex
2096 684 2223 707 natura
2238 671 2330 719 ipso—

1398 733 1498 758 rum:
1522 723 1825 769 quemadmodum
1842 722 2268 759 necestitaturintellest-us
2283 722 2334 757 as„

1398 771 1519 808 sentiri
1533 773 1686 820 objectis
1698 774 1751 808 vel
1767 785 1812 809 ex
1823 773 2003 808 evidentia
2018 773 2255 808 terminorum
2271 784 2333 819 ap-

1399 823 1652 870 prehensorum
1675 851 1687 866 ,
1720 824 1776 859 -vel
1804 822 2023 858 conclusioni
2044 822 2122 857 inde
2146 824 2331 858 evidenter

1397 873 1558 909 deduetae
1571 900 1579 909 .
1608 874 1790 921 Siquidem
1804 874 1901 909 nulla
1913 874 2052 909 bonitas
2064 871 2198 918 objeffi
2212 872 2334 908 causat

1395 924 1588 961 necessario
1603 926 1828 961 adhefionem
1855 924 2051 960 voluntatis
2068 950 2079 964 ,
2106 924 2178 958 imo
2193 922 2264 969 ipsa
2295 923 2335 957 li-

1395 975 1480 1011 bere
1497 975 1655 1012 2-dhaeret
1675 976 1822 1011 cuilibet
1841 975 1937 1010 bono
1951 1001 1962 1017 ‚
1989 974 2022 1008 8<
2040 972 2164 1009 eadem
2191 974 2336 1009 liberta-

1394 1035 1431 1059 te
1445 1026 1677 1073 prosequitur
1690 1023 1807 1072 majus
1820 1026 1852 1061 8<
1867 1025 1985 1063 minus
1999 1024 2062 1060 fibi
2084 1022 2334 1072 praeostensum

1395 1076 1530 1113 bonum
1546 1102 1555 1112 .

1496 1127 1554 1165 Ad
1567 1126 1761 1164 secundum
1779 1153 1789 1169 ,
1803 1125 1984 1163 Conceffo
1996 1154 2008 1169 ,
2024 1126 2238 1163 elefflonem
2254 1138 2344 1174 pro-

1393 1179 1472 1224 prie
1485 1178 1617 1214 dietam
1629 1178 1729 1225 sequi
1741 1179 1783 1214 ad
1799 1178 2059 1214 conclufionem
2071 1177 2261 1212 deductam
2274 1190 2337 1225 per

1396 1228 1633 1274 fillogismum
1659 1231 1855 1275 praeiicum
1874 1255 1884 1270 ,
1910 1227 2112 1273 negandum
2126 1226 2175 1262 est
2198 1238 2334 1274 tamen,

1397 1280 1446 1313 ita
1459 1282 1538 1326 cogi
1557 1281 1777 1316 voluntatem
1791 1279 1889 1326 sequi
1906 1280 2071 1314 ultimum
2088 1277 2264 1315 dietamen
2279 1291 2334 1315 ra-

1398 1330 1506 1366 tionis
1525 1343 1534 1367 :
1563 1331 1635 1366 imo
1655 1331 1791 1366 ratione
1816 1329 1996 1366 reffiffime
2023 1328 2178 1365 diRante
2200 1331 2330 1366 volun-

1395 1390 1452 1416 tas
1467 1382 1578 1429 potest
1591 1381 1675 1416 nihil
1693 1381 1823 1425 eligere
1839 1407 1849 1422 ,
1877 1380 1964 1415 ficut
1984 1379 2098 1427 potest
2115 1392 2186 1416 non
2203 1382 2334 1427 eligere

1396 1432 1498 1476 quod
1515 1430 1672 1467 diffiatut·
1687 1432 1731 1466 ab
1744 1430 1929 1467 intelleau
1946 1442 1959 1469 3
1981 1430 2043 1466 etsi
2059 1443 2176 1467 autem
2190 1433 2266 1478 quo
2277 1444 2333 1468 re-

1395 1482 1451 1518 ἃς
1488 1483 1593 1527 eligat
1630 1493 1795 1529 oporteat
1839 1493 1914 1516 eam
1932 1480 2028 1526 sequi
2060 1482 2194 1517 testum
2222 1482 2334 1518 dieta·

1396 1544 1477 1568 men
1494 1533 1641 1567 rationis
1656 1558 1666 1572 ,
1691 1531 1851 1567 absolute
1886 1543 2008 1566 tamen
2049 1544 2130 1566 cum
2155 1533 2256 1578 posfit
2283 1534 2333 1569 illi

1396 1581 1430 1618 se
1446 1594 1517 1617 non
1531 1582 1754 1616 conformare
1769 1582 1805 1612 in
1818 1579 2008 1624 eligendo,
2028 1580 2256 1626 perspicuum
2271 1581 2335 1624 est,

1398 1643 1471 1666 non
1488 1630 1689 1665 neceffitate
1701 1628 1820 1673 aliqua
1838 1629 1974 1664 moveri
1985 1629 2028 1663 ad
2044 1630 2262 1677 eligendum,
2277 1631 2335 1668 sed

1396 1692 1466 1728 pro
1479 1679 1532 1716 sui
1545 1679 1764 1717 dominattva
1779 1677 1950 1721 potestate
1963 1679 2096 1722 eligere
2107 1680 2263 1717 deterius
2274 1694 2336 1718 ne-

1400 1730 1521 1777 gle&o
1534 1729 1666 1775 potiori
1683 1727 1822 1763 medio,
1846 1736 1910 1759 aut
1927 1738 1944 1759 e
1955 1727 2133 1765 converso
2147 1756 2159 1767 .

1501 1779 1561 1812 Ad
1574 1777 1717 1811 tertium
1730 1773 1925 1820 respondeo
1935 1787 1979 1810 ex
1990 1774 2098 1812 dietis
2111 1806 2119 1815 .
2134 1782 2229 1816 Nam
2242 1794 2338 1830 quo-

1400 1823 1497 1859 niam
1509 1824 1678 1861 voluntas
1690 1823 1735 1861 ab
1751 1822 1977 1869 objet‘torum
2006 1829 2166 1866 bonitate
2185 1843 2255 1868 non
2275 1833 2340 1870 de-

1400 1874 1614 1913 terminatur
1648 1875 1692 1910 ad
1719 1874 1863 1910 illorum
1895 1875 2215 1923 prosequutionem
2234 1909 2246 1925 ‚
2275 1884 2335 1920 ssd

1403 1924 1516 1970 magis
1530 1923 1673 1969 ipsamet
1686 1924 1725 1961 fit
1739 1923 1789 1958 sui
1805 1925 2077 1963 determinativa
2089 1955 2100 1971 ,
2128 1931 2340 1980 praesuppo-

1403 1973 1465 2011 fita
1477 1974 1612 2022 objeffi
1626 1973 1824 2011 ostensione
1841 2002 1851 2017 ‚
1883 1975 1942 2012 seu
1955 1980 2050 2024 paria
2064 1979 2127 2015 fint
2143 1992 2206 2018 aut
2219 1982 2340 2032 dispa-

1399 2025 1450 2061 tia
1465 2026 1526 2062 seu
1539 2025 1687 2075 disparis
1697 2026 1962 2074 boniratisquae
1973 2029 2035 2064 fibi
2051 2042 2114 2077 per
2125 2032 2343 2073 intelleetum

1404 2075 1704 2121 tepraesentantur
1721 2103 1730 2117 ‚
1750 2077 1866 2122 potest
1882 2080 2171 2128 unumquodque
2195 2084 2340 2122 illorum

1410 2126 1594 2164 intendere
1623 2138 1684 2164 aut
1712 2127 1813 2165 secus
1827 2154 1839 2168 ,
1868 2128 1901 2164 8<
1919 2140 1984 2175 pto
2008 2131 2143 2168 ratione
2171 2133 2345 2171 intentio-

1409 2178 1465 2213 nis
1481 2176 1556 2212 haec
1569 2188 1631 2214 aut
1646 2178 1706 2214 illa
1717 2178 1830 2213 media
1845 2180 2047 2227 praeeligere
2059 2209 2071 2222 ,
2082 2192 2143 2217 aut
2155 2196 2250 2221 certe
2261 2188 2344 2224 nul-

1402 2226 1469 2316 ἐρ’,
1497 2238 1539 2263 ut
1563 2227 1768 2277 frequentet
1792 2229 1830 2268 in
1858 2231 2152 2272 antecedentibus
2173 2234 2346 2277 dietum...

1421 2287 1473 2315 ult
1491 2301 1502 2316 ο

2174 3783 2339 3841 Qffle

2372 1107 2399 1136 30
2421 1099 2450 1129 d·
2474 1105 2519 1132 26·
2541 1107 2564 1136 §0

2371 1139 2479 1171 Contra
2523 1141 2565 1171 boc

2369 1188 2489 1249 ztizztf
2507 1219 2568 1247 Ma.

2370 1253 2447 1286 strius
2458 1256 2565 1287 Scotista

2369 1295 2437 1340 disg-
2449 1307 2478 1329 7.
2503 1295 2566 1327 dh

2372 1338 2466 1365 Amne.
2489 1346 2515 1374 q·
2541 1342 2568 1369 ς·

2369 1380 2500 1411 art-30&
2513 1377 2567 1410 q-6.

2371 1421 2430 1445 art.
2443 1411 2568 1442 1.Cave1-

2372 1454 2415 1482 lus
2428 1449 2488 1492 chy}
2503 1451 2568 1486 3.de

2373 1490 2512 1531 Ani-feci.
2525 1497 2570 1525 13·

2372 1533 2442 1561 item
2453 1548 2463 1557 .

2374 1567 2537 1610 Vasquesius
2547 1573 2572 1595 ¹.

2374 1618 2404 1637 a..
2428 1607 2495 1644 disp.
2525 1613 2574 1644 44·

2373 1657 2433 1687 gap.
2445 1654 2474 1675 z·

2627 1212 2635 1335 'v-v2

2628 1655 2631 1673 „.
2628 1554 2639 1638 ⁷-ss-
