2592 4011
855 90 1014 139 somus
1046 92 1127 142 III.
1158 92 1351 139 Secunda
1367 93 1564 143 Secundae
1597 98 1611 145 ζ

236 159 445 196 eumstanria
460 160 543 195 facit
557 188 569 204 ,
601 161 699 206 quod
717 158 766 196 est
787 162 923 194 veniale
941 161 974 195 in
996 171 1069 195 uno
1082 186 1091 200 ‚
1116 159 1184 197 esse

236 212 387 247 mortale
402 212 435 244 iri
447 212 519 245 alio
537 239 548 253 ,
568 212 628 247 nisi
645 213 698 246 ille
713 211 801 245 alius
832 208 1021 246 neceffario
1045 211 1182 257 oblige-

247 271 292 294 nr
305 260 346 295 ad
363 260 457 300 id,ad
472 263 569 306 quod
585 272 652 296 non
666 271 807 297 tenetur
824 262 935 295 alter:
952 260 1022 297 Sed
1033 262 1087 297 vir
1102 274 1181 307 Per-

236 298 664 358 fectusuonobligavitse
689 311 730 348 ad
757 311 944 346 veritatem
971 309 1181 348 servandam

232 357 267 395 in
284 361 405 396 verbis
417 362 538 406 aliquo
554 371 656 403 voto,
674 364 725 398 vel
740 360 962 409 juramento,
979 362 1058 409 plus
1071 374 1181 409 quam

231 411 446 459 quicunque
466 411 695 449 Christianus
725 426 735 454 ;
770 412 883 457 igitur
913 410 1182 449 circumstantia

229 459 389 508 persons:
404 487 415 504 ,
442 473 487 498 ex
500 474 569 509 qua
589 462 678 511 lspso
697 462 836 512 speciali
849 462 996 498 vinculo
1024 474 1094 499 non
1123 463 1182 501 ad.

231 510 419 558 stringitur
438 538 447 552 ‚
470 513 721 551 nontransfert
734 513 869 549 veniale
899 511 934 548 in
957 514 1105 549 mortale
1120 539 1131 551 .

331 562 497 611 Qaliter
528 575 614 600 vero
638 565 712 601 haec
738 564 907 601 sententia
934 563 973 599 fit
1006 574 1118 607 vera,
1145 565 1180 600 &

231 613 420 659 quomodo
434 613 660 664 intelligenda
673 615 866 667 expensum
887 615 998 654 habes
1021 611 1125 665 supra
1145 627 1182 664 q.

232 670 378 710 43.art.
395 672 428 710 7.

389 765 894 808 ARTlCULUS
958 768 1027 807 ln.

313 865 450 904 Vtrum
465 881 570 905 omne
586 868 815 908 mendacium
833 871 873 908 fit
887 881 1077 922 peccatum
1094 897 1103 906 .

266 966 416 1032 ADoffor
441 981 474 1016 3.
498 968 583 1006 diff.
604 971 662 1020 38.
691 973 734 1008 S.
751 972 870 1011 Thoar.
888 983 922 1014 2.
937 984 972 1010 2.
997 983 1029 1020 q.
1050 985 1130 1010 rto.

648 1032 717 1060 arr.
738 1036 769 1071 3.

352 1121 474 1158 {detur
489 1134 560 1158 non
576 1136 682 1161 omne
699 1125 732 1161 Sc
759 1126 1006 1173 quodcunque
1039 1122 1186 1160 menda-

368 1174 463 1207 cium
482 1172 548 1208 effe
575 1186 759 1212 neccarum
775 1204 784 1213 .
803 1178 941 1212 Etenim
968 1173 1185 1222 quibusdam

232 1221 374 1259 San'c'tis
389 1221 477 1258 viris
492 1249 502 1263 ‚
531 1235 685 1269 quotum
704 1227 892 1275 magnifica
922 1224 1188 1262 commendatio

232 1269 390 1307 traditur
405 1272 441 1305 in
460 1270 587 1309 Divina
605 1273 787 1318 Scriptura
807 1305 816 1318 ‚
831 1290 900 1313 non
912 1275 963 1312 est
984 1276 1186 1311 attribuen-

232 1321 319 1357 dum
337 1332 522 1366 peccatum
539 1350 548 1365 ‚
575 1326 643 1361 inis
656 1329 690 1363 in
707 1328 808 1365 fastis
823 1328 1003 1367 nraecinue
1020 1352 1029 1367 ‚
1053 1326 1087 1360 11¹
1104 1325 1188 1372 qul·

232 1374 303 1409 bus
317 1372 421 1407 &Deo
435 1377 822 1416 commendantursed
833 1377 1008 1414 abraham
1024 1387 1187 1422 exequu-

235 1433 340 1458 turus
352 1420 536 1468 juffionem
552 1424 709 1464 divinam
721 1429 764 1466 de
777 1427 996 1465 immolando
1012 1426 1089 1472 filio
1104 1453 1113 1466 ‚
1132 1424 1190 1460 di·

235 1475 290 1510 xit
306 1475 347 1508 ad
362 1472 482 1509 servos
512 1478 729 1515 comitantes
759 1480 874 1516 insum
891 1493 902 1520 3
933 1478 1006 1523 Ego
1025 1477 1070 1518 (θ’
1098 1486 1190 1523 We?

240 1523 326 1560 illuc
336 1523 446 1571 usque
457 1532 701 1572 properantes,
713 1530 791 1575 poff
801 1543 896 1574 quam
911 1528 1186 1564 adoraverimus

235 1585 462 1611 revertemur
475 1575 526 1610 ad
538 1589 596 1612 vus
609 1608 617 1616 ,
633 1581 731 1617 Gen.
750 1592 769 1617 2
781 1594 811 1620 ι,
830 1580 944 1627 Atqui
970 1577 1189 1615 Abrabam..

232 1625 445 1660 intendebat
465 1627 629 1668 occidere
642 1630 755 1667 filium
776 1632 876 1667 suurn
894 1654 907 1673 ‚
929 1629 981 1664 uti
995 1627 1057 1662 sibi
1072 1640 1089 1662 a
1108 1629 1189 1663 Deo

234 1674 352 1712 fuerat
371 1674 573 1721 injunRum
594 1693 605 1721 3
634 1693 721 1725 ergo
737 1681 870 1718 sciebat
898 1690 1006 1726 atque
1029 1676 1191 1713 intende-

235 1728 298 1762 bat
313 1737 466 1772 puerum
483 1739 554 1762 non
573 1732 799 1768 reversurum
819 1732 935 1768 secum
954 1743 964 1770 3
990 1728 1085 1763 dixit
1102 1737 1190 1771 crgo

236 1776 443 1823 ΟΡΡθῖῗῑῑΠῃ
455 1776 535 1823 ejus
547 1804 559 1819 2
583 1783 683 1827 quod
699 1784 732 1817 in
747 1793 863 1819 mente
891 1780 1022 1815 habuit
1042 1792 1054 1820 3
1078 1779 1190 1823 igitur

238 1827 496 1863 mentiebatur.
512 1832 596 1866 Non
609 1833 658 1869 est
675 1844 790 1869 ¹tutem
804 1831 993 1869 verisimile
1005 1839 1093 1864 tuuc
1107 1838 1190 1875 pec-

238 1876 499 1923 eaffe,qua„d0
511 1879 727 1928 adimplebat
741 1882 956 1919 obedientiae
973 1878 1108 1921 aetum,
1124 1888 1190 1926 pro

238 1939 315 1975 quo
328 1938 518 1975 tantopere
535 1943 552 1964 a
568 1935 647 1969 Deo
670 1933 942 1970 commendatur
957 1957 965 1966 .
1144 1929 1147 1933 ’

342 1979 517 2017 Praeterea
534 2009 541 2016 .
569 1983 722 2031 idipsum
737 1984 858 2020 multis
879 1981 1048 2028 exemplis
1074 1979 1191 2015 decla-

239 2039 338 2067 ratur
356 2057 366 2065 .
388 2031 509 2065 Primo
528 2032 619 2071 Gen.
637 2034 928 2080 27.dixitJacob
950 2031 983 2067 se
1007 2030 1073 2068 effe
1096 2029 1192 2068 Esau

238 2079 646 2127 primogenitumlsaaei
677 2086 788 2131 patris
816 2084 868 2119 sui
888 2110 896 2124 ‚
922 2080 1019 2128 quod
1044 2094 1194 2118 tamen..

240 2129 315 2174 ipse
330 2129 458 2166 sciebat
470 2129 538 2166 effe
554 2133 864 2170 falsum-Secundo
880 2132 1195 2178 Gen.42.dixitJ0-

244 2179 328 2226 seph
343 2181 514 2217 fratribus
528 2181 598 2220 suis
619 2183 857 2227 “Perfalutem
869 2183 1066 2218 Pharaonis
1080 2181 1196 2229 exple.

242 2240 379 2268 satore!
389 2229 470 2272 θθὶῐ
482 2257 494 2273 ‚
517 2232 551 2268 8<
568 2244 688 2271 tamen
705 2234 834 2271 sciebat
851 2245 925 2270 reru
938 2234 1069 2268 nonita
1084 2231 1116 2267 se
1130 2232 1196 2266 ha-

243 2284 329 2319 bere
341 2307 356 2320 .
373 2281 468 2316 ldem
485 2282 589 2319 etiam
607 2296 741 2322 terrens
754 2284 880 2320 fratres
894 2282 976 2318 suos
990 2280 1034 2318 de
1056 2280 1196 2330 scypho

244 2334 399 2368 invento
420 2331 454 2367 in
478 2331 579 2368 sacco
595 2335 777 2370 Beniamin
791 2362 800 2375 ‚
831 2334 922 2369 dixit
939 2357 949 2372 ,
973 2331 1008 2367 se
1024 2332 1196 2377 augurari

243 2383 282 2421 in
297 2382 434 2432 scypho
449 2381 609 2424 ill03cum
626 2386 765 2421 interim
779 2385 875 2422 haud
889 2383 972 2420 effer
985 2393 1198 2429 augurmon

244 2434 349 2470 licuit
365 2432 540 2480 siquidem
556 2437 728 2483 augurari
745 2435 968 2472 servantibus
984 2434 1096 2478 legem
1111 2432 1197 2474 Dei,

246 2483 367 2520 datam
382 2494 442 2529 per
460 2484 613 2532 Moysen
631 2512 643 2523 .
658 2486 787 2522 Tertio
800 2512 810 2527 ‚
840 2487 941 2522 Raab
957 2485 1197 2520 mentiebatur

245 2534 292 2570 de
307 2535 594 2581 exploratoribus
607 2563 618 2579 ,
643 2535 799 2585 Josuez.
817 2538 849 2572 8<
873 2534 1020 2583 Judith.
1044 2534 1199 2570 (imiliter

250 2583 406 2633 Judith.
425 2597 479 2621 ιο.
504 2588 699 2624 mendaciis
723 2585 994 2624 circumveniffe
1017 2584 1196 2632 Olopher-

247 2648 356 2679 nem,
389 2634 575 2672 scribitur-
594 2639 636 2674 Et
663 2638 798 2674 Rachel
824 2636 980 2672 sternens
1008 2635 1198 2671 stramenta

249 2686 389 2722 Cameli
403 2684 505 2732 super
520 2689 616 2724 Deos
631 2689 744 2725 Patris
773 2687 823 2722 sui
843 2713 855 2729 ,
881 2686 971 2722 dixit
986 2712 997 2728 ‚
1025 2685 1089 2721 libi
1112 2695 1200 2723 tunc

250 2735 413 2773 accidisse
430 2734 534 2782 juxta
545 2738 844 2774 consuetudinem
858 2736 1201 2777 foemiuarum‚ideo-

249 2799 323 2836 que
334 2786 478 2834 surgere
489 2799 560 2823 non
574 2789 676 2824 licere
692 2815 703 2830 ,
727 2789 819 2825 Gen.
839 2786 1127 2832 31.0bstetrices
1141 2787 1200 2822 de-

250 2840 362 2885 nique
379 2836 561 2886 splendide
578 2840 847 2875 mentiebantur
861 2837 973 2876 exod.
991 2849 1024 2876 ι.
1040 2837 1201 2873 dicentes

250 2889 294 2924 de
307 2888 512 2924 mulieribus
529 2890 699 2926 Haebraeis
712 2916 723 2931 ,
750 2890 828 2925 illas
844 2890 975 2934 pollere
987 2899 1065 2924 arte
1088 2914 1098 2924 .
1120 2889 1203 2923 Ob-

253 2938 504 2979 stretrIcandi3
533 2950 596 2975 nec
611 2940 645 2975 in
657 2952 696 2975 ea
712 2939 883 2975 videntur
910 2938 1066 2987 peccaffe
1082 2964 1092 2980 ,
1115 2938 1202 2985 quia

254 2989 355 3025 Deus
371 2991 458 3025 bene
474 2989 555 3037 ipsis
573 2989 653 3026 fecit
668 3015 680 3031 ,
710 2989 890 3026 aedificans
902 3000 965 3036 pro
978 2990 1047 3025 illis
1060 2988 1202 3031 domos3

254 3052 327 3076 non
344 3041 596 3076 retribuuntur
612 3050 730 3075 autem
749 3041 840 3075 bona
857 3051 922 3086 pro
938 3042 1203 3086 peccatis;ergo

255 3102 324 3126 non
342 3102 449 3125 omne
467 3091 687 3126 mendacium
704 3089 753 3126 est
774 3100 979 3135 peccatum.

359 3141 533 3177 Praeterea
551 3168 561 3183 ,
590 3144 676 3179 Non
688 3142 735 3176 est
760 3140 1000 3186 reputandum
1025 3141 1204 3175 committi

257 3189 375 3237 majus
389 3201 572 3237 peccatum
589 3193 622 3228 in
641 3192 758 3226 verbis
776 3203 884 3236 quam
914 3191 946 3224 in
965 3190 1067 3226 factis
1092 3203 1100 3226 :
1133 3191 1207 3225 imo

256 3241 561 3288 quemadmodum
580 3241 667 3277 faeta
686 3243 762 3277 suut
775 3242 998 3277 evidentiora
1016 3240 1112 3284 signa
1131 3252 1207 3287 prat

255 3293 374 3327 verbis
391 3305 402 3332 ;
433 3292 478 3327 ita
494 3292 514 3327 fi
532 3293 661 3327 incidat
677 3292 805 3327 falsitas
823 3290 982 3339 utrisque
1003 3317 1012 3332 ,
1025 3291 1208 3338 vitupera-

255 3343 364 3377 bilior
376 3342 575 3377 aestimanda
592 3341 642 3377 cst
655 3342 783 3378 falsitas
800 3343 910 3382 faeti3
940 3342 1048 3389 magis
1080 3341 1208 3377 enim.»

259 3394 445 3440 praetendit
470 3392 558 3427 illud
570 3393 729 3439 quodest
744 3395 777 3427 in
795 3393 909 3427 anima
941 3404 1052 3438 quam
1076 3391 1206 3427 falsitas

258 3444 373 3478 verbi:
386 3443 455 3478 Sed
472 3443 693 3478 mendacium
709 3443 778 3478 sive
795 3443 1014 3479 fimulatioin
1030 3442 1124 3480 sablo
1136 3453 1209 3478 non

259 3504 475 3540 reputantur
492 3492 625 3539 semper
643 3494 886 3539 peccarium&
902 3494 948 3527 ita
961 3492 1056 3529 liaud
1070 3493 1213 3529 videtur

258 3543 416 3592 pecc-affi-
437 3544 468 3577 D
483 3543 553 3577 »vid
572 3571 583 3587 ‚
611 3556 723 3591 quum
738 3556 857 3579 coram
871 3543 981 3580 Aeliis
998 3545 1095 3591 Rege
1107 3543 1213 3579 simu-

261 3597 353 3631 lavit
373 3594 403 3630 se
421 3593 593 3630 furiosum
609 3606 671 3636 ,1.
686 3594 774 3640 Reg.
791 3606 849 3630 21.
870 3596 948 3631 Nec
961 3606 1076 3640 quum
1097 3593 1212 3640 jehu,

259 3659 299 3692 4.
315 3647 405 3691 Reg.
419 3659 448 3683 c.
474 3657 527 3680 io.
544 3645 746 3681 Simulabat
766 3645 797 3681 se
813 3647 929 3679 colere
942 3644 1025 3680 Baal
1037 3643 1144 3690 cujus
1160 3646 1213 3680 in-

261 3700 364 3733 terim
380 3700 536 3733 cultores
556 3695 760 3732 intendebat
793 3695 954 3731 funditus
982 3706 1144 3731 everrere
1173 3708 1213 3732 ac

260 3747 490 3783 internicioni
507 3747 649 3783 tradere
667 3760 680 3788 3
709 3759 774 3785 nec
789 3747 848 3782 tali
863 3747 895 3781 in
913 3745 1134 3782 simulatione
1151 3747 1215 3785 in„

1262 161 1446 207 Scriptura
1463 162 1581 198 diviua
1596 165 1821 212 vituperatur
1839 178 1851 206 3
1882 167 1950 203 Sed
1968 171 2082 213 magis
2109 180 2205 206 com·

1262 211 1451 248 mentiatur
1462 224 1506 248 ex
1520 215 1602 249 zelo
1616 218 1735 252 cultus
1749 216 1861 252 divini
1873 229 1997 253 contra
2014 220 2197 256 idolatras.

1361 262 1499 297 Contra
1519 289 1529 304 ‚
1544 263 1644 310 Mag.
1665 275 1697 312 3.
1711 266 1792 301 dist.
1812 269 1867 311 38.
1883 279 1960 313 cap.
1982 280 2009 303 r.
2028 268 2202 318 Quffquit

1261 322 1346 348 vero
1359 312 1375 356 (
1389 314 1505 359 inquit
1517 325 1561 348 ex
1578 313 1676 360 Aug.
1688 317 1709 365 )
1720 316 1976 364 aliquodgenus
1987 318 2050 364 effi:
2061 321 2200 359 menda-

1262 362 1311 398 cii
1327 386 1338 402 ,
1363 363 1643 411 quodpeccatum
1657 377 1680 401 n
1699 378 1721 401 n
1729 365 1776 411 fit
1794 390 1806 408 ‚
1831 369 2015 412 putaverit
2030 394 2041 410 ,
2074 368 2204 418 decipit

1247 409 1410 459 seipsum
1423 414 1583 461 turpiter
1601 427 1613 455 ;
1634 427 1713 451 cum
1725 415 1906 453 honeffum
1917 415 1982 462 effe
1991 418 2206 468 deceptorem

1263 461 1414 500 aliorum
1424 465 1626 501 arbitretur
1651 490 1660 500 .
1685 466 1799 503 Omne
1809 477 1887 511 ergo
1895 477 2007 512 genus
2033 469 2206 506 mendacii

1250 510 1475 562 summopere
1478 514 1572 563 suge
1583 528 1593 551 z
1604 519 1690 564 quia
1703 528 1799 553 omne
1807 516 2028 553 mendacium
2039 531 2108 556 non
2121 520 2168 568 est
2181 533 2203 556 a

1264 563 1345 601 Deo
1356 589 1367 601 .

1365 617 1408 652 Et
1420 627 1502 663 cap.
1522 628 1555 664 3.
1570 615 1691 658 Porro,
1704 618 1821 665 inquit
1837 645 1848 660 ‚
1864 618 1977 655 Omne
1989 619 2208 656 mendacium

1262 665 1342 702 ideo
1357 665 1542 703 dicendum
1554 667 1602 714 est
1617 669 1682 716 ‘ffi'
1691 676 1872 715 peccatum
1890 694 1902 711 ,
1917 671 2003 716 quia
2019 668 2081 704 hoc
2106 670 2209 708 dehet

1264 715 1362 764 loqui
1372 716 1468 752 homo
1480 744 1491 759 ,
1502 717 1596 765 quod
1606 721 1720 754 animo
1728 721 1828 765 gerit
1843 745 1854 760 ‚
1879 718 1952 766 five
1966 717 2068 754 illud
2081 730 2208 756 verum

1256 766 1303 813 fit
1310 764 1386 811 five
1394 774 1546 813 putetur
1562 795 1575 811 ,
1589 769 1634 810 ᾤ’
1646 768 1775 815 nonsit.
1794 771 1919 806 Verba
1935 773 2026 805 enim
2037 768 2114 804 ideo
2120 770 2208 816 sunt

1262 816 1432 864 instituta
1445 843 1454 858 ‚
1475 831 1541 855 non
1553 828 1593 854 ut
1601 827 1668 866 per
1682 831 1722 855 ea
1736 820 1889 855 homines
1903 820 2052 855 invicem
2061 818 2208 863 fallant.

1253 865 1325 913 sed
1330 875 1395 913 per
1409 879 1447 902 ea
1460 868 1499 903 in
1516 869 1664 906 alterius
1698 872 1861 906 notitiam
1883 869 1968 916 suas
1987 869 2210 915 cogitationes

1255 915 1534 962 serant.Verbis
1545 931 1626 965 ergo
1637 921 1693 955 uta·
1706 918 2042 965 adfhllendam,non
2057 918 2107 956 ad
2117 918 2211 969 quod

1252 965 1343 1013 fimt
1358 967 1524 1014 instituta
1541 997 1552 1012 ,
1561 979 1746 1019 peccatum
1759 969 1808 1017 est
1825 996 1836 1007 .

1364 1015 1580 1065 Respondeo
1594 1020 1784 1056 dicendum
1801 1048 1810 1063 ‚
1826 1019 2051 1057 mendacium
2068 1032 2204 1057 omne-s

1259 1065 1328 1104 effe
1342 1077 1530 1113 peccatum
1544 1083 1553 1107 τ
1565 1082 1647 1117 quae
1659 1069 1707 1105 est
1720 1072 1918 1107 communis
1933 1069 2206 1118 Theologorum

1261 1117 1484 1161 sententia&
1506 1123 1642 1157 rarione
1659 1121 1965 1167 Augustini‚libro
1979 1131 2098 1159 contra
2113 1133 2207 1158 men-

1262 1168 1403 1204 dacium
1421 1195 1433 1211 ,
1450 1171 1684 1218 persuadetur
1702 1184 1713 1211 ;
1743 1172 1904 1208 Stultum
1919 1172 1966 1218 est
1978 1173 2120 1210 credere
2133 1173 2207 1216 illi,

1263 1220 1322 1254 cui
1334 1217 1419 1253 licet
1431 1222 1578 1257 mentiri
1594 1235 1603 1257 z
1621 1221 1738 1268 Atqui
1754 1224 1877 1259 multis
1908 1222 1957 1259 est
1976 1223 2208 1267 credendum,

1263 1269 1426 1313 alioquin
1440 1272 1581 1316 penitus
1600 1273 1728 1319 periret
1742 1274 1927 1309 convietus
1944 1275 2120 1311 humanus
2134 1301 2145 1316 ,
2173 1276 2208 1311 &

1263 1317 1504 1355 manifestatio
1521 1333 1794 1368 conceptuum,
1820 1325 1852 1359 8<
1867 1322 2095 1361 affeetionum
2114 1337 2211 1360 men·

1263 1371 1310 1403 tis
1330 1382 1342 1410 ς
1365 1371 1480 1429 'igitur
1492 1373 1544 1407 illi
1561 1399 1573 1415 ,
1589 1373 1723 1419 quibus
1736 1372 1786 1408 cst
1800 1375 2030 1418 credendum,
2047 1375 2213 1412 nonlicet

1264 1431 1407 1455 mentiri
1422 1446 1432 1456 .

1366 1472 1607 1508 Communem
1627 1473 1718 1510 hanc
1742 1472 1947 1511 sententiam
1975 1474 2124 1512 divertis
2139 1487 2211 1511 me-

1264 1519 1335 1556 diis
1348 1519 1427 1562 alii,
1440 1534 1548 1568 arque
1564 1524 1621 1558 alii
1640 1525 1758 1559 conati
1771 1523 1850 1562 sunt
1866 1526 2014 1572 probare
2027 1551 2035 1560 .
2051 1525 2210 1575 Quidam

1266 1570 1314 1605 ita
1333 1570 1608 1615 persuadendam
1622 1585 1761 1620 putant.
1780 1574 2008 1612 Mendacium
2026 1587 2213 1624 propterea

1266 1619 1317 1656 est
1332 1622 1520 1658 intrinsece
1537 1626 1667 1660 malum
1688 1651 1699 1667 ,
1711 1625 1796 1672 quia
1814 1625 2005 1662 necessario
2020 1626 2153 1662 avertit
2168 1640 2215 1662 a.)

1269 1673 1347 1707 Deo
1369 1674 1455 1718 ,qui
1469 1673 1517 1708 est
1535 1677 1666 1710 veritas
1683 1689 1696 1716 ς
1727 1676 1949 1712 mendacium
1967 1688 2055 1712 veto
2066 1675 2114 1711 est
2128 1687 2215 1712 con-

1267 1732 1319 1756 tra
1337 1724 1522 1759 veritatem
1540 1750 1548 1760 .
1580 1727 1666 1761 Haec
1678 1726 1771 1762 ratio
1795 1727 1956 1763 inefficax
1970 1725 2018 1762 est
2043 1739 2053 1762 t
2083 1729 2213 1763 Nam,

1267 1771 1494 1808 mendacium
1511 1786 1581 1810 non
1592 1777 1790 1823 opponitur
1803 1777 2005 1813 immediate
2019 1777 2140 1824 primae
2154 1790 2214 1813 ve-

1267 1823 1365 1858 ritati
1384 1837 1395 1864 3
1427 1824 1500 1860 Sed
1515 1827 1627 1870 magis
1644 1828 1783 1863 veritati
1798 1827 1955 1872 alicujus
1972 1828 2020 1864 rei
2035 1827 2099 1872 ,dc
2113 1839 2214 1872 qua...

1268 1874 1421 1921 loquens
1437 1876 1606 1912 mentitur
1621 1877 1741 1914 :Sicut
1758 1879 1867 1922 igitur
1882 1878 2014 1913 malitia
2025 1878 2215 1925 opposita-2

1267 1925 1380 1961 alicui
1396 1927 1491 1960 bono
1505 1938 1640 1968 creato,
1652 1939 1722 1963 non
1739 1930 1933 1965 necessario
1948 1929 2079 1965 avertit
2093 1942 2111 1964 a
2123 1929 2221 1966 bono

1267 1977 1426 2033 increato
1442 1988 1454 2012 ε
1483 1977 1531 2012 ita
1545 1989 1608 2013 nec
1625 1977 1753 2015 falsitas
1767 1981 1926 2026 opposita
1942 1979 2148 2026 cuicunque
2162 1992 2223 2016 ve-

1268 2027 1368 2063 ritati
1385 2027 1626 2072 impertinenti
1639 2028 1757 2077 ptimae
1774 2030 1935 2071 veritati,
1952 2031 2082 2067 avertit
2098 2043 2115 2065 a
2130 2030 2224 2066 veri·

1268 2087 1344 2113 tate
1361 2078 1471 2124 prima
1487 2102 1496 2112 .

1373 2128 1566 2173 Propterea
1584 2129 1653 2163 alio
1665 2126 1913 2173 modosolutio
1925 2131 2224 2166 declaraturzMa.

1270 2176 1344 2212 lum
1361 2189 1406 2212 ex
1419 2186 1549 2219 genere
1567 2178 1665 2212 nullo
1679 2179 1786 2213 modo
1812 2180 1925 2227 potest
1955 2181 2021 2218 efl‘e
2038 2183 2173 2217 bonum
2190 2181 2221 2216 8<

1270 2226 1660 2263 licitum2Mendacium
1674 2240 1791 2265 autem
1806 2229 1852 2265 est
1867 2231 1997 2269 malum
2015 2243 2058 2266 ex
2074 2243 2221 2277 genere3

1270 2275 1319 2311 est
1331 2277 1424 2312 enim
1440 2276 1541 2311 acius
1553 2277 1683 2312 cadens
1696 2277 1798 2325 super
1812 2283 1994 2318 materiam
2010 2282 2163 2318 indebita
2173 2293 2220 2322 m,

1271 2327 1369 2373 quod
1386 2324 1469 2361 satis
1482 2325 1531 2361 est
1548 2326 1805 2365 constituenda:
1821 2333 1948 2366 rationi
1967 2333 2112 2369 malitiei
2132 2359 2143 2375 ‚
2169 2333 2223 2366 in-

1271 2376 1423 2413 cidentis
1435 2388 1479 2412 ex
1491 2387 1715 2425 quocunque
1732 2378 1886 2416 defeetu:
1903 2384 1998 2417 Nam
2014 2395 2095 2418 cum
2113 2393 2222 2417 voces

1272 2429 1482 2465 naturaliter
1495 2426 1557 2461 lint
1572 2426 1664 2472 ligna
1693 2429 1938 2466 intellectuum
1953 2459 1963 2474 ‚
1992 2433 2223 2468 innaturale)

1270 2479 1319 2516 est
1334 2504 1346 2520 ,
1373 2479 1406 2514 8<
1425 2476 1623 2513 indebitum
1643 2505 1653 2520 ‚
1670 2480 1768 2524 quod
1788 2481 1917 2526 aliquis
1943 2494 2030 2518 voce
2053 2482 2223 2524 fignificet

1273 2530 1309 2566 id
1324 2555 1336 2572 ‚
1350 2529 1450 2575 quod
1469 2526 1657 2564 nonhabet
1672 2529 1705 2563 in
1727 2541 1842 2566 mente
1860 2545 1868 2571 ;
1896 2532 2001 2567 Unde
2034 2533 2107 2568 Phil
2136 2533 2225 2568 dicit

1272 2594 1310 2626 4.
1328 2578 1626 2625 Ethic.c.7.quod
1641 2579 1864 2616 mendacium
1879 2581 1927 2617 est
1941 2585 2047 2629 peric
2058 2596 2226 2631 pravum,

1274 2633 1308 2667 8(
1325 2630 1535 2677 fugiendum
1551 2642 1699 2671 ,verum
1714 2643 1832 2667 autern
1847 2633 1893 2668 cst
1907 2635 2040 2669 bonum
2058 2637 2085 2669 8<
2103 2635 2224 2670 lauda-

1274 2681 1346 2717 bile
1366 2693 1377 2720 3
1409 2681 1515 2714 Unde
1532 2693 1638 2715 omne
1657 2684 1880 2718 mendacium
1896 2684 1944 2719 est
1963 2696 2167 2730 peccatum3
2184 2697 2223 2720 ut

1275 2733 1384 2768 etiam
1401 2732 1496 2776 Aug.
1515 2743 1530 2764 a
1541 2729 1631 2765 [serit
1647 2732 1684 2765 in
1698 2730 1761 2768 hh.
1778 2742 1898 2768 contra
1911 2736 2128 2771 mendacium
2141 2761 2150 2771 .

1375 2783 1445 2819 Sed
1460 2792 1523 2815 nec
1538 2781 1609 2816 haec
1624 2781 1822 2820 declaratio
1834 2785 2024 2821 admodum
2039 2786 2160 2822 efficax*
2176 2787 2224 2821 vi.

1276 2832 1382 2869 detur
1402 2858 1409 2867 .
1424 2832 1537 2879 Quod
1553 2834 1728 2878 probatur
1743 2834 1787 2870 stc
1803 2847 1812 2869 :
1831 2837 1916 2871 Non
1933 2837 2044 2882 magis
2057 2838 2103 2873 est
2116 2849 2222 2874 mate-

1279 2885 1330 2920 ria
1344 2883 1498 2920 indebita
1519 2884 1742 2930 loquutionis
1755 2896 1837 2921 cum
1854 2885 2049 2921 creduntur
2073 2890 2220 2924 omnia..

1278 2946 1360 2981 quae
1380 2933 1612 2982 proferuntur
1625 2931 1693 2968 csse
1711 2933 1793 2971 falsa
1811 2962 1820 2975 ‚
1833 2947 1941 2982 quam
1960 2936 1996 2971 iit
2014 2937 2132 2974 illicita
2148 2952 2220 2974 ma-

1281 2986 1371 3020 teria
1409 2983 1600 3019 occisionis
1628 2995 1724 3020 mors
1751 2985 1906 3021 hominis
1934 2987 2133 3025 innocentis
2146 3017 2156 3031 ,
2184 3001 2224 3024 ac

1284 3035 1507 3083 Reipublicae
1520 3035 1693 3081 perutilis:
1705 3035 1773 3072 Sed
1792 3037 1963 3072 stantibus
1978 3037 2033 3073 his
2048 3040 2226 3075 conditio-

1283 3086 1389 3122 nibus
1400 3097 1445 3120 ex
1459 3097 1557 3132 parte
1575 3087 1728 3121 materia
1741 3085 1868 3122 scilicet
1885 3112 1894 3126 ,
1906 3086 2062 3124 hominis
2077 3091 2230 3131 innoxii,

1284 3135 1399 3181 potest
1417 3134 1492 3170 fieri
1511 3136 1642 3170 licitum
1656 3136 1762 3171 talem
1778 3136 1976 3173 interficere
1989 3138 2228 3178 immineant

1285 3186 1311 3225 fi
1332 3189 1429 3222 Deus
1443 3195 1660 3231 praceptum
1677 3186 1762 3221 illud
1775 3213 1786 3228 ,
1810 3187 1902 3224 Νοη
1912 3188 2062 3231 occides,
2081 3202 2230 3227 revoca-

1286 3247 1338 3273 ret
1358 3263 1368 3278 ,
1381 3238 1433 3272 uti
1445 3235 1644 3282 expolitum
1660 3235 1727 3271 suit
1750 3248 1779 3272 ι.
1797 3247 1827 3271 2.
1841 3249 1874 3283 q.
1891 3249 1968 3275 100.
1981 3248 2052 3275 art.
2067 3241 2099 3276 8.
2117 3242 2143 3272 ‘z-
2161 3253 2232 3276 non

1284 3287 1399 3324 solum
1416 3287 1552 3322 licitum
1566 3312 1576 3327 ‚
1596 3286 1649 3323 sed
1663 3287 1768 3323 etiam
1784 3287 1819 3323 Sc
1838 3289 2078 3333 meritorium,
2093 3291 2114 3326 fi
2131 3291 2230 3328 Deus

1286 3338 1468 3385 praecipiat
1482 3336 1622 3378 occidi,
1639 3336 1739 3371 sicuti
1759 3338 1938 3376 mandavit
1953 3339 2173 3383 abrahamo,
2190 3352 2228 3377 ut

1286 3387 1397 3424 filium
1413 3386 1513 3424 suum
1528 3386 1665 3423 lsacum
1682 3388 1880 3425 immolaret
1900 3403 1911 3430 3
1942 3393 2053 3438 igitur
2078 3404 2094 3425 a
2114 3391 2231 3435 simili,

1287 3439 1361 3476 imo
1373 3451 1391 3474 a
1406 3437 1559 3484 majori,
1571 3437 1686 3486 potest
1698 3438 1773 3474 fieri
1789 3442 1925 3476 licitum
1939 3441 2089 3488 proferri
2100 3444 2233 3477 oratio-

1287 3502 1368 3526 nem
1380 3489 1553 3525 creditam
1567 3487 1634 3525 ess‘e
1651 3488 1772 3525 falsam
1788 3517 1799 3533 ‚
1817 3493 1837 3528 fi
1857 3503 2069 3538 praeceptum
2090 3504 2234 3528 revoce-

1291 3552 1352 3577 tur
1367 3540 1487 3586 ,quod
1501 3539 1548 3576 cst
1562 3540 1605 3577 de
1618 3551 1687 3575 non
1703 3540 1915 3589 decipiendo
1931 3544 2135 3588 proximum
2150 3569 2161 3586 ‚
2195 3543 2235 3578 fi-

1288 3591 1362 3630 cuti
1378 3590 1399 3626 si
1413 3602 1603 3626 revocetur
1622 3601 1840 3638 praeceptum
1854 3594 1897 3628 de
1927 3606 1996 3629 non
2024 3593 2233 3630 occidendo.

1289 3645 1332 3680 Et
1345 3642 1492 3688 quidem
1520 3642 1555 3675 in
1578 3644 1865 3688 comparabiliter
1892 3646 2010 3681 minus
2039 3645 2169 3679 malum
2186 3645 2234 3680 cst

1291 3692 1434 3733 auferre
1446 3693 1613 3740 proximo
1626 3695 1832 3740 opinionem
1851 3707 1969 3731 veram
1988 3723 1995 3735 ,
2012 3709 2072 3743 per
2095 3696 2236 3731 menda·

1291 3748 1390 3785 cium
1403 3746 1581 3793 prolatum
1599 3769 1610 3785 ,
1637 3754 1747 3789 quam
1761 3745 1890 3782 inferre
1905 3747 1953 3783 illi
1969 3759 2086 3782 nect-m
2100 3772 2111 3782 .

2092 3799 2186 3832 (tou.

2258 1034 2442 1065 Mendacium

2239 1071 2295 1101 effe
2314 1072 2442 1103 intrinse-

2241 1120 2274 1139 ce
2283 1110 2311 1138 ἃ
2324 1113 2441 1151 indispe-

2241 1148 2363 1182 sabilitgt
2372 1158 2442 1189 ⁸ml.-

2241 1187 2299 1216 lum
2312 1204 2322 1215 .

2245 1460 2342 1490 Petrus
2354 1458 2450 1489 deTa.

2244 1505 2319 1527 tant·
2337 1506 2364 1531 ς.
2386 1496 2447 1536 dist·

2248 1539 2293 1574 38.
2307 1546 2333 1575 ς.
2349 1546 2379 1573 4.

2298 2105 2324 2134 8.
2336 2103 2461 2132 'rhomae

2255 2137 2396 2184 solutioni]
2408 2142 2460 2171 do-

2263 2181 2383 2210 claratio
2398 2198 2409 2209 .

2258 2808 2326 2838 Non
2346 2806 2457 2846 probari

2259 2848 2315 2876 ulla
2349 2853 2460 2874 rationo

2256 2885 2435 2914 mendacium

2255 2925 2305 2952 erle
2329 2922 2455 2952 intrinse-

2258 2972 2289 2991 ce
2305 2962 2458 2993 malimu&

2261 2999 2458 3039 indispensabi·

2260 3039 2287 3069 ¹0
2299 3058 2311 3070 v
