2663 4083
384 114 416 154 6
906 105 1089 151 Summae

310 183 474 216 premum
500 171 646 208 volibile
663 170 712 207 est
732 170 918 217 objeemm
954 171 1099 206 volibile
1118 182 1132 210 ;
1157 171 1252 213 Ergo

307 224 377 258 hoc
391 222 502 258 solum
517 221 566 257 est
582 224 624 258 ab
636 222 708 270 ipsa
722 222 928 270 {impliCiter
936 231 1082 269 propter
1096 218 1130 256 se
1142 229 1254 266 appe·

310 274 458 309 tendum
487 299 496 307 .
518 273 690 309 Probatio
709 271 858 319 majoris
892 285 904 307 ι
946 273 1041 308 inter
1063 270 1251 308 volibiliaa

308 325 449 371 aliquid
463 322 511 358 est
526 332 672 370 propter
693 322 726 358 se
749 322 974 363 volendum3
1008 322 1172 369 alioquin
1187 346 1197 360 ‚
1227 319 1252 355 st

307 374 496 422 quodlibet
510 383 657 421 propter
672 374 769 411 aliud
783 400 792 415 ‚
816 374 884 410 erit
903 371 1085 420 processus
1107 373 1145 408 in
1170 369 1253 428 infi-

306 426 423 462 nitum
450 450 459 460 .
485 423 637 460 Nullum
659 424 768 461 etiam
795 425 863 461 erit
889 422 1118 470 supremum,
1137 429 1252 468 quta-³

305 486 456 524 propter
469 473 563 509 aliud
578 475 771 511 volendum
784 501 796 517 ,
822 475 939 511 minus
966 472 1016 509 est
1039 472 1252 513 volendum,

304 538 412 574 quam
425 523 537 566 aliud,
551 536 699 573 propter
712 525 813 573 quod
825 524 875 562 est
887 523 1080 559 volendum
1097 549 1110 565 ,
1126 534 1170 560 ex
1181 523 1255 580 pri.

302 588 358 614 mo
373 574 505 625 Poster-
523 583 598 612 tex.
613 578 722 612 tertio
735 587 821 622 ergo
832 575 855 612 fi
872 573 1010 621 aliquid
1020 572 1070 610 est
1080 573 1248 621 {implici-

304 639 360 664 ter
371 627 569 671 supremum
583 626 777 663 volendum
796 653 807 670 ,
829 637 874 662 ex
891 624 997 661 dietis
1009 623 1112 672 supra
1134 650 1142 664 ,
1157 621 1251 659 illud

301 676 466 726 profe&o
477 675 525 712 est
540 675 745 724 {impliciter
761 686 905 725 propter
916 675 949 712 se
967 673 1160 711 volendum
1174 699 1185 715 ι
1200 674 1254 708 10·

301 728 451 777 quendo
465 740 512 764 ex
527 738 626 774 parte
640 726 871 774 objeftorum
897 751 908 760 .
934 724 1050 775 Qod
1063 736 1152 760 vero
1161 734 1252 771 prae·

303 776 376 814 eise
388 779 430 815 de
442 777 610 826 supremo
621 778 811 825 appetibili
825 788 950 814 verum
963 776 1004 812 fit
1017 798 1032 820 ,
1042 773 1249 831 simplicitet·

303 827 369 866 effe
382 839 530 877 propter
545 827 578 862 se
595 828 811 871 volendum,
836 830 1015 875 probatur
1037 837 1048 860 ι
1075 826 1252 882 Etenim..

303 879 391 916 nulli
407 880 506 916 alteri
521 878 640 914 abillo
656 889 834 927 repugnat
846 877 967 926 appeti
978 885 1124 933 propter
1137 872 1255 916 ahud,

299 928 606 978 quemadmodum
620 930 706 966 nulli
722 930 821 966 alteri
833 929 1003 975 congruit
1015 936 1107 961 ratio
1127 924 1252 972 supre-

302 981 350 1016 mi
367 978 596 1027 appetibilis:
611 980 735 1016 Minus
747 990 865 1016 autem
883 979 1016 1014 bonum
1033 976 1126 1012 reae
1141 985 1251 1023 appe·

301 1033 330 1068 ti
345 1032 458 1077 potest
473 1041 619 1077 propter
634 1029 750 1076 majus
765 1030 905 1065 bonum
933 1054 943 1064 .
967 1026 1082 1076 Quod
1098 1037 1185 1084 erg-o
1196 1022 1247 1060 est

300 1079 445 1127 praecise
458 1091 606 1126 propter
617 1079 650 1116 se
662 1080 854 1116 volendum
869 1106 879 1121 ,
896 1080 925 1114 is
939 1077 989 1114 est
1006 1077 1088 1114 finis
1099 1077 1250 1113 ultimus

298 1131 554 1169 intelleemalis
573 1159 582 1173 ‚
597 1133 630 1167 8(
647 1131 834 1167 rationalis
850 1139 1021 1165 creaturae
1037 1154 1047 1169 ,
1062 1128 1148 1174 quia
1166 1136 1249 1173 pro-

297 1181 479 1231 pterillud
497 1183 653 1218 volitum
669 1180 717 1216 est
734 1180 983 1228 quodcunque
1007 1178 1103 1213 aliud
1121 1177 1248 1233 velen·-

297 1233 384 1269 dum
409 1256 418 1266 .
443 1231 552 1267 Prob.
566 1234 651 1268 min:
668 1233 910 1278 Quaecunque
923 1229 1094 1264 voluntas
1106 1226 1251 1275 respicit

297 1295 366 1331 pro
377 1280 524 1327 objeeto
540 1283 684 1318 volibile
697 1281 760 1316 sub
773 1281 909 1317 ratione
921 1277 1246 1318 commutamnus,

296 1344 417 1370 totum
429 1344 490 1368 ens
502 1357 513 1371 ‚
541 1334 598 1369 vel
609 1330 747 1378 aliquid
758 1343 808 1378 aeq
816 1330 905 1366 ualis
916 1329 1076 1365 ambitus
1088 1339 1169 1385 curu
1184 1338 1246 1362 en·

295 1394 333 1420 te
348 1396 360 1424 3
380 1392 421 1417 ut
433 1394 520 1430 ergo
532 1384 781 1429 quodcunque
798 1380 896 1417 aliud
923 1381 1058 1414 bonum
1070 1390 1088 1413 a
1113 1388 1246 1426 primo,

295 1434 536 1479 supremoque
547 1432 733 1481 appetibili
750 1458 759 1470 ‚
780 1432 827 1466 ab
840 1429 917 1478 ipso
932 1428 982 1466 est
995 1430 1066 1464 tale
1090 1430 1244 1469 bonum,

295 1484 332 1519 ἃ
350 1483 519 1529 quiddam
537 1482 729 1530 appetibile
742 1509 752 1523 ,
780 1483 828 1517 ita
841 1478 1024 1518 reetiffime
1035 1478 1084 1515 est
1100 1487 1246 1526 propter

294 1533 502 1579 supremum
514 1532 706 1581 appetibile
722 1532 917 1567 volendum
935 1543 947 1571 ;
976 1532 1012 1565 in
1029 1530 1130 1566 nullo
1157 1538 1246 1585 ergo

296 1581 403 1620 exiis
419 1582 522 1619 statui
550 1583 665 1630 potest
679 1582 829 1617 ultimus
842 1580 925 1616 finis
948 1580 1113 1615 humanae
1145 1588 1243 1619 vttae,

295 1634 353 1670 sed
379 1634 468 1670 ineo
483 1635 648 1676 praecise,
671 1643 732 1679 per
754 1630 853 1679 quod
881 1630 1059 1670 volitum,
1087 1635 1243 1665 caetera-t

295 1686 412 1721 omnia
428 1682 508 1718 sunt
518 1684 669 1719 volenda
685 1708 693 1716 .

394 1732 615 1779 Cuicumque
627 1731 722 1768 enim
734 1729 883 1766 habenti
894 1726 1163 1765 intellefi'tivum
1179 1739 1247 1774 ap-

291 1785 449 1832 petitum
461 1781 509 1817 est
526 1782 732 1827 supremum
748 1779 942 1828 appetibile
958 1786 1107 1833 propter
1119 1774 1154 1811 se
1179 1787 1248 1810 vo-

294 1834 441 1872 lendum
458 1859 469 1873 ‚
493 1830 516 1867 fi
530 1831 679 1878 quidem
693 1827 887 1875 cujuslibet
901 1826 952 1864 est
970 1825 1159 1884 obgeftum
1180 1837 1246 1862 vo-

295 1885 416 1926 libile,
445 1893 555 1925 atque
568 1894 639 1917 una
654 1879 854 1927 eademque
883 1877 932 1913 est
962 1887 1056 1914 ratio
1081 1876 1125 1912 de
1157 1888 1246 1919 uno,

297 1947 338 1970 ac
352 1934 395 1969 de
408 1932 546 1968 caeteris
575 1933 746 1966 omnibus
775 1955 786 1966 .
819 1927 960 1965 Deinde
972 1955 984 1970 ,
1012 1928 1181 1975 quamvis
1210 1929 1246 1963 in

295 1983 472 2034 potestate
484 1983 637 2017 volentis
650 1981 690 2016 fit
706 1981 793 2015 velle
806 1980 890 2020 hoc,
907 1981 963 2015 vel
979 1980 1012 2014 ill
1023 1976 1086 2020 ud,
1102 1989 1172 2012 non
1189 1990 1248 2013 ta-

301 2047 382 2071 men
395 2031 441 2069 cst
462 2032 496 2066 in
509 2031 686 2078 potestate
702 2030 833 2075 ipsius,
860 2030 947 2076 quid
966 2029 1005 2065 fit
1031 2028 1243 2073 volendum,

296 2085 332 2120 8(
352 2083 506 2119 maxime
522 2082 610 2126 quid
624 2082 663 2117 iit
675 2080 811 2117 summe
827 2079 1019 2116 volendum
1042 2092 1054 2113 ι
1067 2078 1138 2114 hoc
1149 2082 1243 2116 enim

295 2131 464 2182 praecedit
482 2129 815 2168 determinationem
831 2129 1083 2177 cujuscunque
1113 2131 1244 2166 volun·

297 2185 381 2220 tatis
401 2196 412 2222 ;
437 2193 526 2226 ergo
537 2182 580 2217 ad
600 2182 847 2229 quodcunque
869 2191 1101 2227 comparetur
1115 2206 1127 2221 ,
1152 2180 1243 2217 sern-

296 2246 360 2282 per
373 2242 529 2268 remanet
541 2232 628 2267 illud
643 2242 788 2280 propter
805 2231 838 2267 se
849 2231 1043 2267 volendum
1065 2242 1077 2270 ;
1107 2230 1141 2264 8(
1155 2231 1244 2269 hinc

296 2284 348 2322 est
360 2310 370 2327 ,
396 2281 496 2328 quod
509 2281 559 2318 est
572 2282 658 2318 huic
674 2283 868 2319 volendum
882 2308 894 2325 ‚
913 2284 1000 2328 quia
1009 2279 1096 2316 huic
1111 2283 1243 2318 volibi-

297 2336 332 2371 le
349 2361 358 2371 .
370 2333 538 2378 Denique
552 2359 564 2374 ‚
593 2333 741 2369 cuilibet
753 2333 932 2369 voluntati
945 2332 993 2367 est
1008 2331 1147 2378 aliquid
1177 2345 1242 2368 vo-

298 2383 460 2424 lendum,
485 2394 567 2417 cum
583 2383 753 2428 qtiaelibet
768 2384 936 2419 voluntas
962 2381 1066 2429 poffit
1097 2383 1239 2430 aliquid

298 2434 394 2472 refte
406 2433 497 2468 velle
512 2458 522 2473 ,
533 2432 697 2480 illudque
710 2433 905 2470 volendum
917 2432 1000 2469 velit
1012 2431 1099 2474 fibi,
1111 2444 1151 2470 ut
1161 2446 1242 2481 per-

299 2485 487 2523 feeuonem
505 2484 686 2530 propriam
704 2511 713 2525 ‚
741 2486 775 2522 ἃ
793 2495 862 2519 non
879 2484 1007 2523 alteri5
1040 2482 1070 2518 8(
1096 2483 1119 2519 fi
1146 2486 1242 2520 enim

298 2534 474 2582 quaelibet
486 2533 529 2568 ad
545 2532 695 2569 eundem
713 2535 878 2570 ultimum
892 2533 997 2569 finem
1024 2532 1215 2570 ordinetur
1230 2561 1243 2577 ,

297 2585 392 2621 nulla
407 2593 523 2618 tamen
547 2582 733 2629 perficitur
749 2611 760 2627 ‚
785 2595 825 2620 ut
843 2585 986 2630 propria
1010 2582 1245 2630 perfcffione,

299 2646 348 2670 ex
361 2645 404 2669 eo
417 2632 514 2682 quod
530 2633 638 2669 altera
654 2635 809 2680 attingat
824 2635 994 2670 ultimum
1019 2633 1125 2670 finem
1140 2648 1153 2676 ;
1179 2648 1242 2684 ap-

363 2685 435 2719 itur
449 2694 536 2727 ergo
549 2685 594 2718 ab
609 2695 830 2733 unaquaque
846 2684 1051 2732 supremum
1066 2686 1246 2734 appetibi-

288 2695 361 2775 ᾖξ’,
388 2744 429 2768 ut
446 2732 508 2768 fibi
536 2734 730 2770 volendum
755 2762 762 2770 .
791 2735 904 2773 Nulla
931 2745 1050 2771 autem
1074 2738 1244 2773 voluntas

302 2781 419 2831 potest
448 2782 584 2829 aliquid
631 2783 694 2819 fibi
725 2783 919 2820 volendum
960 2787 1052 2822 velle
1096 2798 1244 2834 propter

303 2832 401 2869 aliud
417 2858 428 2874 ,
452 2833 485 2868 8<
504 2832 602 2868 aliud
620 2860 632 2876 ‚
661 2834 694 2868 8(
712 2835 808 2871 ficin
821 2834 1001 2871 infinitum
1026 2860 1036 2871 .
1058 2837 1174 2886 Qd
1197 2837 1246 2875 est

305 2894 392 2930 crgo
402 2881 611 2929 supremum
624 2885 819 2931 appetibile
832 2911 842 2926 ‚
865 2896 907 2920 ac
921 2883 1032 2921 solum
1044 2898 1192 2933 propter
1212 2887 1246 2924 se

303 2931 496 2969 volendum
515 2934 607 2967 inter
619 2935 739 2970 omnia
760 2935 962 2983 appetibilia
977 2962 986 2977 ‚
1011 2936 1100 2972 illud
1131 2937 1246 2984 ipsum

303 2982 354 3019 est
371 2983 521 3019 ultimus
536 2981 616 3018 finis
630 2983 794 3021 humana:
811 2985 893 3021 vitae
918 3010 926 3020 .
957 2987 1012 3022 De
1038 2998 1115 3035 quo
1139 2989 1246 3025 latius

301 3034 339 3070 in
352 3032 585 3079 sequentibus
601 3036 667 3069 erit
683 3033 919 3072 differendum
934 3061 945 3070 .

403 3081 464 3118 Ad
492 3083 712 3128 Argumenta
733 3112 743 3122 .
780 3085 841 3124 Ad
868 3085 1022 3133 primum
1049 3086 1248 3135 respondeo

302 3144 347 3169 ex
360 3132 460 3167 dieti>
478 3159 489 3174 ,
506 3134 604 3182 Qa
622 3133 827 3181 supremum
844 3137 1037 3184 appetibile
1058 3137 1107 3173 est
1130 3138 1246 3189 ipsum

303 3183 437 3219 bonum
454 3195 515 3227 per
528 3183 723 3222 effentiam.
739 3186 771 3221 8(
788 3186 962 3222 intensive
973 3186 1151 3226 infinitum
1164 3190 1247 3226 aaa

305 3231 464 3268 existens
483 3260 492 3274 ,
516 3235 911 3272 uticontradiaionem
937 3236 1087 3273 includit
1110 3239 1177 3277 effe
1203 3243 1249 3278 ab

305 3282 400 3324 alio,
426 3281 474 3318 ita
490 3283 646 3328 implicat
662 3286 704 3320 ad
720 3285 814 3322 aliud
827 3286 1009 3330 ordinari,
1040 3289 1098 3324 vel
1126 3292 1247 3339 appeti

307 3333 561 3379 propteraliud
577 3360 585 3369 .
611 3337 693 3371 Hoc
709 3347 796 3381 ergo
822 3337 1025 3383 supremum
1049 3342 1246 3388 appetibile

311 3381 347 3417 &
365 3382 510 3419 ultimus
528 3383 607 3420 finis
629 3384 661 3421 se
686 3385 799 3432 ipsum
826 3389 1109 3426 communicavit
1127 3392 1248 3428 omni-

309 3432 378 3467 bus
396 3458 405 3472 ‚
434 3445 515 3477 ηυδε
535 3434 611 3470 sunt
629 3458 642 3477 ‚
668 3434 774 3481 juxta
798 3436 1083 3486 uniuscujusque
1107 3454 1246 3478 naturae

308 3481 552 3520 conditionem
576 3511 586 3526 ,
621 3486 815 3521 bonitatem
853 3489 1022 3525 omnibus
1055 3494 1246 3538 elargiens;

311 3530 367 3566 scd
386 3531 587 3570 haecomnia
605 3534 647 3570 ad
666 3537 752 3572 illud
763 3536 977 3574 ordinantur
990 3567 1002 3582 ,
1027 3553 1047 3575 a
1061 3553 1137 3589 quo
1162 3541 1247 3586 effe,

311 3582 344 3616 3<
363 3583 557 3619 bonitatem
573 3597 788 3632 acceperunt
806 3614 817 3629 ‚
844 3599 953 3635 atque
969 3590 1003 3625 in
1018 3592 1080 3628 illo
1098 3592 1148 3629 est
1178 3593 1246 3630 sta-

310 3641 370 3667 !US
387 3657 397 3672 ,
423 3633 521 3677 quod
537 3646 681 3678 propter
696 3636 728 3672 se
742 3637 969 3685 simpliciter,
992 3641 1026 3677 8:
1047 3644 1181 3689 precise
1195 3644 1245 3680 est

311 3682 552 3729 appetendum
567 3709 577 3719 .
595 3686 729 3722 Nullus
747 3689 877 3733 ergoin
908 3688 1041 3727 finibus
1063 3693 1246 3737 processus

306 3731 342 3768 in
362 3731 539 3770 infinitum
555 3760 569 3777 ,
593 3745 678 3771 cum
705 3737 855 3775 ultimus
880 3737 960 3776 finis
978 3745 1162 3793 appetitus
1190 3745 1244 3782 in.

1119 97 1307 169 Joannis
1338 103 1468 150 Dum
1501 104 1623 154 Scoti
1634 111 1650 152 ‚¹

1332 171 1543 210 teueetuans
1558 175 1599 210 fit
1616 173 1704 213 illud
1716 174 1894 213 summum
1910 175 2049 213 bonum
2062 201 2076 219 ,
2106 175 2141 214 8(
2158 175 2281 225 supre-

1330 234 1427 259 mum
1440 225 1655 271 appetibile.

1432 274 1490 310 Ad
1508 273 1705 313 secundum
1733 276 1917 319 dicimus,
1943 275 2156 325 positionem
2179 279 2279 316 illam

1334 322 1634 372 Philosophorum
1649 327 1831 373 implicare
1846 326 2278 377 contradietionemquia

1335 373 1596 421 intelligentiae,
1610 377 1632 413 {i
1647 377 1712 413 ase
1729 375 1851 420 effe-nt,
1873 376 2026 413 infinitae
2043 377 2153 416 effent
2166 407 2179 423 ‚
2199 382 2234 417 3(
2254 380 2278 416 st

1330 423 1481 460 infinitae
1493 428 1665 464 intenfive
1683 439 1755 463 non
1775 426 1855 465 sunt
1872 454 1883 469 ‚
1922 429 1966 463 ab
1979 428 2050 464 alio
2064 431 2190 476 procul
2206 431 2279 467 du—

1330 473 1469 521 bioeffe
1480 488 1694 525 acceperunt
1711 505 1721 520 ,
1746 479 1809 524 qui
1836 479 1886 514 eis
1913 490 1985 513 non
2012 490 2154 517 ornnem
2173 507 2186 524 ‚
2214 481 2275 518 sed

1331 535 1468 571 partem
1491 528 1671 574 quandam
1695 527 1925 576 perfeStionis
1957 526 2088 565 essendi
2123 532 2276 575 largitus

1331 575 1383 612 est
1400 587 1413 616 ;
1437 576 1473 613 Si
1486 579 1580 614 enim
1595 590 1640 614 ex
1657 577 1690 615 se
1716 577 1858 614 fuissent
1872 604 1886 621 ,
1907 590 2049 615 omnem
2075 581 2273 628 poiiibilem

1331 625 1586 673 perfess‘cionem
1599 628 1810 675 accepissent
1835 655 1844 664 .
1871 628 1980 665 Unde
2004 640 2173 675 putamus
2201 631 2274 670 hoc

1331 675 1565 715 Aristotelem
1579 690 1651 714 non
1672 678 1805 714 senfiffe
1819 706 1829 719 ,
1859 679 1931 715 imo
1944 690 2025 715 cum
2047 690 2102 717 xz.
2114 684 2271 732 metaph.

1329 734 1475 772 tex-5⁶1.
1495 729 1675 777 posuerit,
1705 728 1774 766 effe
1787 727 1830 763 ad
1843 730 2000 775 primurn
2024 731 2209 769 ordinatas
2229 744 2273 771 ut

1331 779 1376 813 ad
1403 776 1509 814 finem
1536 807 1549 823 ‚
1578 792 1649 815 una
1673 779 1864 815 infinuavit
1889 779 2041 815 eundem
2073 783 2272 820 earundem

1328 825 1470 864 causam
1485 830 1694 866 efficientem
1707 828 1862 867 extitili'e
1875 854 1887 867 .
1909 826 1977 865 Sed
1989 830 2070 866 data
2082 835 2190 869 etiam
2206 834 2274 871 hac

1328 877 1517 926 hypothesi
1536 880 1760 927 impoflibili,
1783 891 1978 927 negamuS,
2003 880 2198 921 humanam
2210 898 2274 921 na·

1327 938 1445 964 turam
1474 929 1657 977 quiescere
1683 933 1844 968 ultimate
1870 929 2014 977 possein
2043 933 2126 980 ipfis
2151 948 2165 976 3
2203 937 2277 973 imo

1327 989 1410 1014 cum
1426 980 1591 1018 viderent
1604 993 1662 1017 eas
1677 981 1786 1017 finitae
1803 980 2032 1027 perfeftionis
2050 1010 2061 1025 ‚
2086 985 2205 1022 adhuc
2221 988 2276 1023 ῐῃ-

1325 1028 1510 1065 tenfiffirne
1522 1032 1704 1080 appetitus
1714 1031 1957 1069 intellefflvus
1968 1031 2119 1070 inhiaret
2133 1036 2177 1071 ad
2195 1036 2279 1084 pos-

1326 1078 1503 1115 seffionem
1520 1081 1604 1117 boni
1615 1081 1750 1118 infiniti
1763 1093 1806 1117 eo
1820 1081 1944 1124 mod0‚
1955 1094 2031 1129 quo
2046 1083 2083 1120 id
2100 1085 2163 1122 fibi
2174 1099 2276 1123 com·

1325 1141 1448 1177 petere
1459 1130 1598 1177 porest,
1626 1132 1661 1167 &
1678 1133 1760 1168 ideo
1778 1131 1958 1175 nihilest,
1987 1135 2089 1181 quod
2102 1137 2136 1173 in
2164 1149 2274 1185 argu·

1325 1191 1484 1216 mentum
1498 1180 1692 1218 adducitur
1703 1209 1716 1220 .

1426 1229 1484 1266 Ad
1499 1234 1644 1269 ternum
1656 1232 1855 1281 respondeo
1872 1259 1883 1276 ,
1899 1234 2030 1283 utique
2047 1237 2274 1276 voluntatem

1327 1278 1395 1316 effe
1407 1283 1604 1329 potentiam
1619 1283 1823 1320 collativam
1842 1310 1852 1326 ‚
1872 1287 2085 1333 atqueinter
2113 1286 2147 1325 se
2171 1289 2274 1337 obje-

1326 1331 1384 1367 &a
1401 1332 1546 1378 cognita
1559 1345 1768 1382 comparare
1784 1332 1905 1382 posse,
1929 1347 2039 1384 atque
2053 1339 2160 1375 etiam
2182 1342 2225 1378 ad
2241 1339 2275 1378 se

1328 1380 1440 1428 ipsam
1472 1382 1664 1420 ordinare.
1694 1387 1736 1422 Et
1759 1397 1841 1421 cum
1866 1384 2034 1424 subditur
2057 1415 2070 1431 ,
2092 1391 2276 1439 praefigere

1328 1431 1427 1479 poffe
1438 1431 1519 1467 finis
1536 1435 1708 1471 rationem
1728 1437 1873 1471 entibus
1886 1437 1920 1472 in
1947 1437 2132 1476 infinitum
2159 1469 2168 1478 .
2193 1446 2277 1480 Hoc

1329 1493 1454 1517 verum
1464 1482 1513 1518 est
1529 1496 1540 1516 t
1556 1488 1650 1521 Nam
1664 1487 1699 1521 in
1713 1486 1885 1534 potestate
1902 1487 1962 1524 sua
1980 1487 2030 1523 est
2047 1490 2193 1536 aliquod
2211 1497 2277 1531 bo·

1329 1544 1413 1567 num
1427 1544 1473 1567 ex
1489 1532 1549 1569 sua
1563 1545 1687 1571 natura
1715 1536 1758 1570 ad
1784 1537 1883 1571 aliud
1907 1537 2131 1582 ordinabile,
2156 1546 2278 1582 velle,

1328 1593 1475 1628 propter
1493 1582 1525 1618 se
1542 1610 1553 1624 ‚
1581 1595 1651 1619 non
1666 1585 1853 1620 referendo
1867 1585 1911 1618 ad
1925 1586 2022 1620 aliud
2044 1588 2182 1626 bonum
2197 1619 2209 1636 ‚
2238 1593 2275 1629 8<

1325 1633 1374 1665 ita
1392 1632 1456 1666 fibi
1470 1632 1724 1680 praestituendo
1737 1632 1839 1670 finem
1864 1658 1873 1667 .
1900 1635 1972 1672 Sed
2003 1648 2068 1672 nos
2093 1640 2279 1686 loquimur

1323 1680 1368 1717 de
1381 1680 1452 1717 fine
1467 1694 1555 1725 vero
1570 1694 1616 1719 ex
1628 1693 1755 1718 natura
1770 1684 1846 1724 rei,
1864 1685 1899 1719 in
1910 1696 1987 1732 quo
1999 1684 2156 1725 humana
2170 1703 2278 1730 natu-

1325 1743 1363 1764 ra
1378 1731 1586 1776 fimplieiter
1600 1732 1907 1779 quiescere—queat
1928 1763 1932 1773 ,
1957 1735 1989 1770 ἃ
2018 1749 2090 1774 non
2119 1741 2164 1777 de
2188 1743 2274 1780 fini-

1325 1779 1427 1821 busa
1445 1780 1633 1816 voluntate
1646 1782 1850 1819 inordinate
1862 1811 1873 1826 ,
1898 1785 1932 1820 8<
1947 1797 2131 1833 perperam
2164 1795 2275 1830 rebus

1325 1826 1485 1875 praefixis
1510 1854 1517 1862 ,
1545 1830 1595 1865 Hi
1613 1833 1706 1868 enim
1721 1844 1792 1869 non
1814 1833 1946 1872 habent
1968 1848 2013 1872 ex
2038 1837 2071 1876 se
2095 1842 2178 1880 ipsis
2195 1871 2206 1886 ,
2232 1854 2274 1880 ut

1322 1878 1408 1915 dent
1424 1879 1586 1915 ultimam
1600 1882 1854 1927 perfectionem
1869 1913 1880 1928 ‚
1905 1886 1938 1921 3(
1958 1888 2115 1926 ι’·υἰειειῃ
2138 1905 2273 1931 naturae

1324 1930 1519 1971 rationali,
1541 1929 1598 1967 sed
1613 1931 1647 1968 id
1671 1936 1843 1980 comperit
1868 1937 2012 1983 praecise
2034 1941 2165 1978 ultimo
2187 1944 2272 1983 fini.

1322 1983 1422 2019 Nam
1439 1980 1528 2017 ficut
1540 1993 1681 2019 tantum
1697 1983 1955 2023 assentiendum
1972 1989 2022 2025 est
2044 2004 2106 2033 per
2134 1995 2274 2033 intelle-

1321 2030 1420 2066 etum
1437 2033 1554 2078 primo
1571 2043 1657 2070 vero
1670 2046 1819 2082 propter
1833 2036 1867 2072 se
1882 2064 1894 2081 ,
1925 2039 1970 2073 ita
2001 2050 2139 2079 tantum
2165 2045 2277 2084 affen-

1322 2080 1484 2166 ιίεηάιᾳπι
1507 2081 1557 2120 est
1581 2086 1697 2133 primo
1720 2087 1817 2123 bono
1842 2100 1904 2137 pet
1930 2089 2160 2131 voluntatem
2187 2109 2276 2146 pro·

1320 2141 1400 2181 pter
1433 2143 1451 2168 e
1469 2158 1479 2169 .

1489 2234 1996 2280 ARTICULUS
2049 2246 2104 2284 V.

1473 2336 1613 2375 Utrum
1625 2342 1733 2377 unius
1746 2341 1905 2381 hominis
1916 2344 2043 2391 poffint
2059 2343 2129 2383 effe

1586 2391 1711 2439 plures
1734 2395 1857 2431 ultimi
1882 2396 1970 2432 fines
1985 2421 1997 2431 .

1422 2486 1592 2536 Pol-*lor4
1615 2491 1650 2528 d.
1664 2505 1723 2540 49.
1739 2505 1773 2543 q.
1787 2506 1823 2532 2.
1841 2497 2011 2534 «sterria
2028 2498 2180 2536 conclu*

1481 2540 1530 2576 fio
1548 2566 1558 2576 .
1571 2542 1612 2579 S.
1632 2542 1752 2581 Thom.
1774 2557 1803 2583 1.
1819 2560 1906 2597 2.q..
1927 2561 1954 2586 t.
1968 2557 2040 2587 art.
2054 2558 2118 2596 50.

1445 2638 1567 2677 ldetur
1578 2645 1687 2680 unius
1703 2645 1861 2685 hominis
1875 2651 2048 2685 voluntas
2067 2647 2169 2686 fimul
2189 2648 2279 2688 ferri

1458 2689 1552 2737 posse
1579 2696 1614 2730 in
1645 2697 1747 2742 plura
1764 2725 1778 2741 ,
1805 2699 1894 2736 ficut
1922 2701 1957 2736 in
1982 2699 2132 2736 ultimos
2172 2699 2273 2738 fines.

1324 2746 1422 2781 Nam
1435 2744 1739 2788 quemadmodum
1755 2749 1791 2785 in
1806 2749 1982 2798 potestate
2008 2750 2211 2787 voluntatis
2226 2750 2278 2788 est

1325 2793 1436 2833 velle,
1449 2792 1482 2827 &
1500 2805 1570 2832 non
1586 2797 1689 2838 velle,
1710 2799 1760 2834 ita
1777 2801 1810 2835 in
1827 2799 2001 2847 potestate
2027 2798 2108 2846 ejus
2119 2801 2167 2837 est
2198 2813 2279 2837 mo-

1324 2844 1394 2881 dus
1411 2841 1582 2887 volendi,
1612 2845 1742 2884 scilicet
1759 2850 1889 2887 referre
1905 2877 1915 2892 ‚
1946 2852 1980 2888 3<
1998 2862 2069 2887 non
2100 2851 2278 2895 referre-’3

1328 2905 1416 2941 ergo
1428 2894 1463 2930 in
1479 2896 1650 2939 petestate
1677 2896 1740 2935 sua
1752 2900 1800 2936 est
1816 2900 1966 2949 aliquod
1983 2902 2121 2937 bonum
2150 2903 2278 2941 velie..-

1327 2954 1473 2993 propter
1489 2941 1544 2985 se.
1570 2960 1639 2984 non
1668 2949 1855 2987 referendo
1868 2952 1912 2987 ad
1927 2951 2025 2988 aliud
2053 2953 2185 2987 bonum
2238 2953 2277 2990 ἃ

1329 2997 1377 3031 ita
1393 2995 1456 3031 fibi
1471 2998 1720 3039 praestituendo
1738 3001 1844 3038 finem
1859 3029 1868 3037 .
1897 3003 2017 3048 Atqui
2031 3003 2131 3049 plura
2148 3001 2279 3049 hujus·

1329 3045 1426 3082 modi
1438 3048 1530 3082 bona
1544 3052 1671 3095 pariter
1682 3051 1782 3087 fimul
1797 3052 1910 3099 potest
1922 3053 2139 3096 velle‚atque
2150 3054 2277 3090 eodem

1329 3096 1438 3132 modo
1456 3109 1467 3137 3
1492 3109 1579 3144 ergo
1590 3102 1697 3137 unius
1714 3103 1915 3140 voluntatis
1927 3102 2028 3138 simul
2045 3099 2113 3138 effe
2131 3101 2278 3150 pofl‘unt

1330 3147 1451 3194 plures
1475 3150 1590 3186 ultimi
1608 3152 1694 3188 fines
1709 3178 1719 3188 .

1433 3199 1618 3243 Praeterea,
1632 3203 1726 3239 finis
1739 3212 1909 3250 apparens
1920 3201 1986 3245 est,
1996 3203 2059 3249 qui
2070 3201 2275 3238 ostenditur

1329 3249 1660 3288 aRationeerrante
1676 3279 1687 3295 ,
1712 3264 1883 3300 tanquam
1901 3251 1981 3288 finis
2007 3253 2156 3288 ultimus
2171 3279 2181 3293 ,
2215 3254 2270 3288 uti

1329 3313 1349 3336 a
1364 3300 1518 3336 veritate
1530 3302 1700 3339 aberrali‘e
1710 3304 1842 3340 constat
1857 3330 1866 3344 ,
1889 3303 1986 3350 qui(
2003 3313 2040 3338 ut
2059 3302 2165 3338 refert
2192 3303 2274 3339 Ari-

1329 3349 1472 3386 stoteles
1492 3362 1519 3387 1.
1536 3351 1728 3402 Ethicor.)
1742 3355 1949 3392 statuerunt
1964 3354 2124 3390 ultimam
2156 3352 2271 3388 homi-

1328 3402 1381 3437 nis
1393 3400 1598 3437 felicitatem
1622 3404 1657 3439 in
1682 3405 1931 3453 voluptatibus
1951 3431 1961 3445 ‚
1992 3405 2047 3439 vel
2065 3405 2099 3439 in
2117 3402 2273 3447 divitiis.

1326 3452 1382 3486 vel
1393 3450 1605 3492 honoribus,
1616 3465 1678 3490 aut
1692 3455 1796 3491 etiam
1808 3457 1841 3491 in
1858 3455 2012 3490 virtute.
2028 3454 2139 3490 Ratio
2152 3464 2273 3490 autem

1324 3511 1446 3537 errans
1463 3500 1563 3536 simul
1576 3500 1761 3540 ostendere
1778 3505 1893 3551 potest
1909 3504 1985 3540 haec
2008 3504 2127 3540 omnia
2141 3505 2275 3540 volun-

1325 3553 1417 3591 tati3
1443 3562 1529 3598 ergo
1540 3552 1573 3587 8(
1591 3552 1662 3595 ipsa
1674 3554 1820 3592 tendere
1832 3554 1948 3604 potest
1965 3567 2035 3591 una
2049 3555 2084 3590 in
2099 3552 2274 3600 eadem-0,

1324 3601 1433 3638 veluti
1448 3602 1482 3636 in
1499 3601 1648 3639 ultimos
1664 3603 1751 3640 fines
1764 3633 1772 3640 .

1419 3649 1591 3687 Praeteren
1609 3679 1620 3694 ‚
1646 3654 1742 3691 Finis
1769 3654 1818 3691 est
1844 3654 2018 3703 perfeaio
2047 3655 2200 3696 ultima,
2228 3656 2274 3694 ad

1321 3709 1431 3744 quam
1447 3701 1722 3744 resordinatur;
1743 3717 1814 3740 non
1828 3715 1972 3752 oportet
1990 3717 2109 3741 autem
2130 3707 2271 3743 unicam

1320 3748 1390 3785 ess'e
1404 3750 1560 3788 hominis
1572 3753 1732 3790 ultimam
1742 3754 2000 3804 perfeffionem
2013 3783 2027 3799 ,
2050 3756 2125 3792 imo
2137 3756 2264 3844 ingelli-

2094 3816 2165 3853 gen
2190 3820 2216 3845 o

2317 338 2430 380 Qodl.
2450 348 2482 380 q.
2496 343 2530 375 70¹

2316 847 2404 877 t.d.t.
2411 846 2550 883 §.Quaa-

2313 893 2378 914 tum
2389 887 2428 914 ad
2438 887 2549 914 Secum·

2314 924 2381 952 dum
2393 942 2404 953 ι

2318 1440 2347 1461 1.
2376 1431 2450 1462 d.t.
2477 1437 2552 1472 qai

2315 1472 2400 1507 §.De
2423 1473 2530 1504 tersio.

2317 1861 2374 1891 Ubi
2386 1861 2468 1902 supra
2476 1864 2550 1896 oud·

2315 1901 2352 1930 lii
2374 1909 2476 1941 urgent
2508 1901 2550 1939 Vq

2317 1939 2412 1971 Tertio
2423 1957 2436 1970 ι

2352 2700 2379 2720 ῐ·
2392 2691 2422 2723 d.
2433 2701 2456 2723 ι.
2466 2701 2497 2731 q.
2515 2699 2546 2729 ις’

2306 2732 2398 2765 §.De
2419 2732 2526 2770 tertio,

2305 3238 2363 3268 vbi
2378 3238 2457 3278 supra
2468 3251 2497 3279 4.
2511 3241 2541 3271 d.

2305 3289 2354 3317 4⁹·
2366 3281 2426 3315 ⁶³·8·
2441 3280 2542 3321 §³³ss-

2414 3336 2427 3350 0

2325 3661 2357 3690 4.
2367 3650 2456 3691 ἄζφ.
2468 3662 2498 3691 q.
2510 3653 2542 3683 8·

2307 3695 2332 3725 §.
2352 3693 2477 3722 Secundo
2502 3691 2542 3722 V·

2305 3732 2351 3759 Ad
2359 3731 2440 3762 aliud
2448 3731 2484 3759 de
2496 3728 2542 3768 fi-

2304 3778 2341 3799 n?
2351 3787 2364 3803 ο
