2628 4026
156 1092 189 1124 1n
204 1093 354 1122 emmena

150 1134 239 1171 super
269 1139 295 1161 t,
309 1136 354 1155 ca·

453 100 553 150 176

378 159 585 198 ficationem
606 159 733 204 accipit
750 169 768 193 a
784 158 970 204 principiis
993 158 1148 205 propriis
1174 156 1322 192 demon-

379 210 560 248 strationis
582 235 592 250 ‚
620 219 702 253 quae
731 209 881 253 proinde
909 208 1244 244 demonstrationem
1269 208 1323 241 in·

379 259 594 308 grediuntut
620 257 813 294 secundum
841 258 1071 294 substantiam
1092 270 1102 297 ;
1127 269 1242 306 quum
1270 267 1323 291 ta·

381 322 462 347 rnen
475 310 651 357 principia
663 310 773 357 prima
787 336 798 351 ‚
819 310 862 345 de
875 309 1010 356 quibus
1024 307 1071 343 est
1095 307 1241 343 habitus
1267 304 1320 340 sa·

380 360 522 409 pientiae
536 371 676 395 tantum
691 360 894 395 virtualiter
912 386 922 400 ,
947 370 984 394 ut
1002 358 1139 394 dictum
1158 356 1207 392 est
1220 382 1232 398 ‚
1245 367 1318 401 per.

380 411 513 446 tineant
531 410 573 446 ad
588 409 909 446 demonstrationes
921 437 930 445 .
959 411 1007 445 Hi
1020 420 1107 453 ergo
1131 419 1270 443 tantum
1285 407 1320 443 &

381 472 454 497 non
469 462 587 507 plures
601 460 678 496 sunt
696 459 842 495 habitus
869 459 1069 494 intellectus
1093 457 1320 505 speculativi3

368 509 426 606 je
442 513 576 559 quibus
589 512 662 558 agit
679 509 889 547 Aristoteles
904 536 915 551 ‚
943 509 980 545 6.
997 508 1111 545 Echic.
1126 516 1201 556 cap.
1221 518 1253 554 3·
1278 507 1322 545 Θ

400 572 477 610 eqq·

531 656 1040 704 ARTICULUS
1101 656 1172 692 lll.

389 763 529 801 Utrum
539 759 970 820 babitusintelleptualis,
996 757 1060 805 qui
1080 755 1129 793 est
1153 758 1229 795 Ars
1243 776 1256 798 ,
1284 753 1325 791 fit

789 819 906 845 virtus

437 912 567 951 Doffor
577 914 658 951 locis
671 913 711 947 in
721 912 881 957 margine
907 908 1040 944 citatis.
1062 907 1100 944 S.
1124 905 1272 943 Thomas

688 974 720 999 ι.
732 971 766 997 2.
781 973 814 1010 q.
826 970 886 1007 57.
901 967 972 996 art.
986 969 1020 1004 3.

490 1064 540 1101 Es
536 1063 677 1114 pondeo
695 1060 906 1102 Aristoteles
917 1061 953 1098 6.
965 1060 1084 1098 ethic.
1094 1065 1168 1105 cap.
1185 1066 1220 1101 5.
1233 1069 1321 1094 enu-

503 1126 639 1151 merans
656 1114 806 1150 virtutes
820 1112 1073 1148 intellectuales
1085 1120 1143 1145 eas
1155 1110 1246 1145 inter
1259 1120 1322 1156 po.

148 1178 200 1209 pus
211 1163 357 1207 metaphys:
383 1167 433 1201 nit
450 1166 645 1204 &estruem
662 1191 671 1206 ‚
696 1164 816 1200 dicens
831 1160 897 1210 effi
913 1161 1073 1197 habitum
1087 1171 1163 1196 cum
1193 1159 1320 1195 resia-2

153 1216 185 1238 n·
193 1215 241 1240 ²7·

155 1501 183 1522 ι.
194 1491 238 1526 d.3
246 1493 301 1523 M.
312 1492 355 1520 Aa

152 1531 352 1559 auam-itatem

154 1568 300 1607 Augustani
305 1587 314 1599 .

159 2536 319 2575 (Quodhuss
335 2540 359 2567 6-

157 2577 201 2604 Ad
211 2576 271 2607 ista.
284 2577 360 2605 V.[l-

156 2615 206 2641 tud
216 2614 301 2641 etlam
313 2631 322 2641 .

158 2651 275 2689 Prologi
289 2662 318 2689 q·
330 2662 359 2689 4.

158 2699 187 2717 n.
199 2699 247 2725 44·
261 2693 284 2719 ⁶.
299 2692 359 2718 Ideo

157 2728 241 2756 aliter
263 2728 358 2757 dicen-

159 2765 225 2793 dum
238 2783 248 2793 .

382 1216 519 1254 ratione
532 1215 736 1261 saffivumt
766 1213 863 1250 Cum
882 1212 993 1257 igitur
1004 1213 1097 1246 circa
1115 1209 1318 1246 factibilias

381 1265 544 1303 versetur
570 1292 582 1309 ‚
607 1266 764 1311 dirigens
794 1265 830 1300 in
854 1263 1100 1308 operationem
1122 1285 1136 1305 ‚
1157 1272 1237 1307 quae
1267 1261 1318 1296 est

381 1318 477 1353 actio
502 1317 670 1352 transiens
688 1342 700 1358 ,
719 1311 902 1350 manifeste
926 1312 1040 1348 virtus
1064 1322 1146 1357 quae
1171 1310 1219 1346 est
1248 1311 1317 1346 Ars

380 1368 533 1417 pertinet
548 1366 592 1403 ad
609 1367 830 1403 intellectum
846 1365 1044 1411 practicum
1057 1387 1069 1406 ‚
1082 1373 1153 1402 non
1170 1371 1256 1398 veto
1269 1361 1315 1396 ad

380 1428 518 1467 partem
533 1418 655 1453 animae
670 1415 924 1464 speculativam
944 1438 954 1448 .

482 1471 572 1518 Qo
587 1466 714 1503 tradita
746 1464 845 1502 Artis
869 1462 1221 1509 diffinitiocompleta
1249 1461 1317 1498 esse

381 1519 630 1564 intelligatur,
656 1515 810 1553 To'sratio
835 1515 928 1550 recta
953 1514 1065 1560 accipi
1085 1514 1190 1549 debet
1216 1512 1316 1560 quod

381 1569 421 1605 fit
432 1570 629 1610 directiva,
654 1566 724 1605 stve
736 1565 935 1601 rectificans
965 1565 1160 1611 potentiam
1196 1566 1316 1604 aliam,

380 1618 489 1666 cujus
500 1619 548 1654 est
563 1615 908 1664 operarisecundum
930 1624 1043 1655 artem
1064 1638 1074 1655 ,
1103 1614 1278 1660 Alioquin
1292 1612 1314 1650 fi

380 1682 443 1717 per
454 1669 550 1704 hunc
562 1667 723 1702 habitum
750 1676 891 1705 tantum
917 1661 1247 1712 apprehenderetur
1263 1674 1319 1700 rev

376 1720 517 1755 ctitudo
532 1716 805 1764 agendorum&
819 1727 888 1750 uon
904 1712 992 1751 foret
1010 1713 1156 1749 habitus
1175 1713 1320 1749 directi·

378 1781 447 1808 vus
462 1795 470 1811 ,
501 1770 571 1805 five
585 1765 846 1803 rectificativus
863 1766 896 1801 in
912 1763 1060 1811 agendis
1076 1789 1087 1805 ,
1112 1764 1316 1801 diminute,

381 1821 482 1859 fflrs
495 1818 667 1855 dicendus
680 1816 764 1853 effet
778 1843 788 1852 .
816 1819 905 1864 Quo
917 1817 1020 1864 plane
1036 1812 1132 1850 sensu
1153 1814 1318 1854 videntur

383 1870 531 1918 quidam
552 1869 715 1915 accipere
729 1893 740 1909 ‚
764 1869 796 1903 8<
812 1866 939 1902 sentire
957 1865 1122 1902 habitum
1139 1866 1235 1902 hunc
1250 1866 1317 1904 effe

383 1920 593 1969 proximum
610 1918 841 1966 speculativis
865 1916 1049 1958 habitibus
1064 1943 1074 1957 ,
1103 1928 1318 1964 propterea,

381 1969 483 2016 quod
502 1981 571 2004 non
583 1970 678 2006 dicat
694 1968 855 2005 ordinem
877 1968 921 2003 ad
946 1968 1185 2014 appetitivum
1213 1968 1318 2004 instat·

383 2021 692 2068 speculativorum
707 2047 717 2062 ‚
734 2019 776 2055 ad
792 2029 886 2065 quos
899 2017 1051 2066 praecisae
1067 2019 1216 2065 pertinet
1231 2029 1317 2055 con-

384 2071 531 2107 siderare
547 2097 556 2112 ,
576 2073 731 2118 qualiter
747 2069 776 2107 se
788 2069 943 2105 habeant
969 2079 1046 2110 res,
1071 2080 1162 2116 quas
1193 2067 1319 2117 specu·

384 2123 481 2157 latur
497 2133 566 2156 non
597 2133 715 2157 autem
736 2121 890 2169 qualiter
921 2119 955 2155 se
982 2119 1112 2155 habeat
1137 2121 1320 2167 appetitus

385 2172 565 2209 humanus
580 2172 620 2207 ad
637 2173 735 2208 illas.
764 2175 844 2209 Nos
873 2170 1047 2211 dicisum,
1073 2171 1199 2216 utique
1220 2169 1322 2211 habi-

387 2234 446 2259 tus
465 2221 702 2271 speculativos
716 2224 804 2259 tales
816 2221 882 2258 effe
894 2245 907 2267 ‚
931 2221 1016 2268 quia
1035 2232 1104 2255 non
1122 2220 1247 2256 dicunt
1262 2232 1323 2255 or-

386 2274 506 2309 dinem
517 2273 559 2308 ad
575 2274 677 2309 aliam
692 2274 889 2320 potentiam
906 2298 918 2314 ,
939 2283 1021 2319 quae
1046 2270 1174 2321 debeat
1187 2270 1220 2306 se
1235 2284 1323 2307 con-

386 2324 547 2360 formiter
560 2335 665 2369 agere
682 2325 725 2359 ad
742 2325 820 2359 illos
837 2324 869 2358 in
887 2324 1028 2358 actibus
1044 2322 1112 2357 suis
1128 2335 1139 2362 3
1164 2321 1222 2356 sed
1237 2322 1322 2368 quia

385 2388 404 2410 e
421 2385 541 2409 contra
562 2377 718 2419 potentia
739 2374 805 2410 alia
824 2372 1043 2409 rectificatur
1057 2374 1101 2408 ab
1117 2382 1214 2415 arte,
1242 2372 1325 2407 ideo

386 2423 559 2460 banceffe
575 2425 778 2471 simpliciter
802 2424 1020 2465 practicam,
1045 2424 1080 2459 8(
1109 2422 1198 2458 nihil
1226 2434 1323 2458 com·

387 2486 493 2510 mune
506 2474 637 2511 habere
652 2486 733 2510 cum
748 2475 932 2511 habitibus
945 2472 1174 2519 speculativis
1189 2499 1199 2508 .

488 2525 683 2571 Siquando
696 2523 1173 2570 auteminveniaturaliquis
1184 2522 1326 2566 dixisse,

388 2586 500 2612 artem
528 2575 766 2612 universalem
780 2574 847 2610 effe
873 2575 1152 2619 speculativam,
1177 2575 1328 2620 particu.

390 2628 496 2661 larem
515 2637 602 2661 vero
622 2626 814 2671 practicam
837 2625 1008 2672 quoniam
1038 2625 1184 2661 habitus
1209 2625 1326 2659 omnis

390 2676 543 2712 factivus
559 2676 606 2712 est
619 2677 821 2722 simpliciter
851 2675 1033 2723 practicus
1046 2702 1055 2716 ,
1081 2672 1328 2716 dictum,illud

388 2725 525 2771 indiget
535 2726 772 2773 expositione,
788 2728 819 2763 8ae
835 2725 948 2774 potest
962 2725 1006 2761 stc
1021 2725 1186 2771 intelligi:
1199 2726 1329 2774 Qan-

389 2788 428 2812 to
443 2776 591 2824 aliquod
607 2776 760 2812 medium
774 2777 883 2822 magis
901 2776 945 2813 ab
957 2788 1029 2814 uno
1053 2776 1183 2812 recedit
1208 2786 1328 2811 extre·

389 2839 449 2864 mo
467 2854 476 2868 ,
503 2837 606 2862 tanto
620 2837 688 2860 non
705 2825 817 2862 solum
830 2826 966 2862 accedit
983 2826 1026 2861 ad
1058 2829 1210 2864 alterum
1230 2854 1238 2868 ,
1270 2824 1326 2861 scd

389 2878 498 2913 etiam
516 2877 649 2912 dicitur
662 2875 793 2913 habere
808 2877 980 2911 rationem
995 2878 1090 2913 illius
1105 2905 1115 2919 ‚
1127 2877 1214 2912 sicut
1229 2886 1326 2924 patet

392 2938 426 2973 ς.
442 2927 547 2976 Phys.
560 2935 586 2961 t.
604 2927 740 2971 5z.ubi
766 2925 920 2962 habetur
949 2927 1046 2972 quod
1073 2929 1203 2963 rubeus
1228 2929 1328 2962 color

392 2977 550 3022 respefflu
569 2977 642 3013 albi
659 2976 792 3012 dicitur
808 2977 908 3021 niger
931 3003 939 3011 .
965 2977 1139 3023 Cognitio
1155 2990 1270 3013 autem
1285 2977 1329 3012 de

392 3028 425 3064 se
441 3026 656 3073 speculativa
672 3039 712 3063 ea
725 3026 871 3073 est,quae
885 3027 983 3062 nullo
997 3028 1103 3062 modo
1122 3027 1170 3063 est
1186 3027 1329 3064 directi-

391 3091 435 3113 va
455 3079 611 3126 inopus:
629 3078 794 3122 cognitio
811 3089 896 3112 vero
913 3076 1067 3123 perfee‘ta
1093 3077 1248 3125 praGlica
1278 3077 1329 3113 est

392 3129 453 3165 illa
471 3155 481 3170 ‚
503 3140 583 3176 qua:
598 3127 798 3163 immediate
817 3126 865 3162 est
884 3126 1056 3163 direaiva
1070 3129 1103 3163 in
1119 3140 1212 3175 opus
1233 3141 1243 3168 ;
1270 3139 1329 3163 co-

392 3181 508 3226 gnitio
534 3190 621 3224 ergo
648 3179 762 3213 media
803 3188 983 3223 quatenus
1024 3180 1068 3212 ab
1095 3191 1167 3214 uno
1197 3179 1330 3213 recedit

392 3241 634 3265 eittremorum
652 3255 662 3269 ,
688 3228 758 3264 dici
774 3226 888 3274 potest
914 3229 977 3262 sub
1006 3229 1117 3263 altero
1140 3230 1330 3264 contineri.

398 3279 514 3326 Atqui
530 3279 690 3325 cognitio
703 3279 788 3314 artis
804 3276 1014 3313 universalis
1039 3290 1108 3313 non
1125 3278 1174 3315 est
1205 3281 1332 3314 imme-

392 3329 487 3365 diate
501 3328 674 3365 direffiva
690 3329 825 3376 inopus
842 3353 851 3367 ‚
877 3329 963 3375 quia
993 3332 1217 3372 operationes
1251 3328 1331 3364 sunt

393 3380 485 3415 circa
511 3379 726 3423 singularia,
757 3392 782 3414 t.
807 3378 988 3427 Metaphy.
1007 3379 1046 3419 in
1058 3380 1229 3425 proemio:
1254 3382 1332 3416 No-

393 3431 470 3464 titia
513 3441 632 3465 autem
665 3431 750 3465 artis
774 3429 1000 3475 particularis
1025 3428 1073 3462 est
1101 3430 1329 3466 immediate,

393 3479 566 3515 direfliva
587 3492 598 3520 3
623 3490 695 3524 qua
712 3480 754 3514 de
766 3478 871 3513 causa
887 3490 942 3513 ars
959 3480 1167 3515 universalis
1183 3480 1331 3527 (1ὶείρο-

394 3529 460 3566 test
479 3529 697 3577 speculativa
714 3556 725 3571 ‚
750 3529 1085 3574 fimplicitertamen
1098 3530 1253 3577 ptaRica
1266 3530 1329 3567 cst:

395 3582 480 3626 quia
496 3578 743 3615 conclusiones
759 3579 920 3625 praeticae
938 3579 1164 3616 resolvuntur
1181 3583 1214 3615 in
1237 3583 1332 3627 prin-

397 3630 657 3677 cipiapraflica
676 3629 796 3665 saltem
815 3656 827 3671 ,
857 3641 894 3664 ut
912 3630 946 3664 in
961 3633 1136 3679 principia
1154 3632 1332 3678 proxima:

396 3681 470 3715 imo
492 3680 587 3715 nulla
613 3681 748 3716 ratione
764 3679 891 3715 resolvi
916 3692 1054 3727 queunt
1081 3683 1114 3717 in
1129 3682 1333 3729 principia...

407 3728 621 3777 speculativa
638 3758 648 3773 ,
672 3729 734 3766 nist
747 3731 903 3778 praflica
918 3732 1149 3779 speculativa:
1164 3732 1334 3770 subalter-

1045 90 1226 136 Summae
1259 82 1449 153 Joannis
1472 88 1602 134 Duns
1624 86 1741 135 Scoti

1394 163 1502 190 netur
1514 154 1668 197 ,habens
1683 168 1748 202 pro
1765 154 1950 204 principiis
1964 153 2211 191 conclusiones
2227 157 2342 196 illius.

1395 206 1526 240 Omnis
1538 207 1629 240 enim
1660 206 1823 242 dotPtt-ina
1837 207 2086 242 conclusiones
2101 207 2260 255 proprias¹
2274 207 2338 244 in...

1395 256 1541 305 propria
1553 255 1697 292 resolvit
1714 257 1887 304 principia
1901 282 1910 291 .

1495 307 1581 358 Q
1594 306 1704 353 igitur
1721 307 1858 343 ratione
1868 308 1940 346 Ars
1952 307 2102 343 virtutis
2130 306 2337 344 rationem...

1397 356 1555 391 involvit
1571 383 1582 398 ‚
1606 368 1874 404 propterquam
1896 359 2039 393 virtutis
2056 357 2203 393 nomine
2228 357 2336 403 figni-

1395 405 1575 450 neema&
1591 404 1812 453 exprimatur
1830 407 1843 443 ?
1860 405 1918 444 Est
1932 407 2105 446 sententia
2122 406 2337 452 dicentium,

1398 469 1442 492 eo
1453 456 1558 493 modo
1574 458 1712 492 Artem
1724 458 1856 495 habere
1871 459 2043 496 rationem
2066 459 2213 496 virtutis
2226 485 2237 500 ‚
2258 471 2337 506 quo

1397 508 1551 551 virtutes
1569 507 1661 542 refiie
1676 508 1901 554 appellantur
1929 507 2076 546 habitus
2104 507 2335 556 speculativi,

1398 558 1613 604 inquantum
1630 556 1786 600 scilicet,
1810 570 1874 594 nec
1886 570 1968 601 ars,
1991 571 2056 596 nec
2086 559 2231 595 babitus
2260 558 2338 607 spe-

1397 609 1581 643 culativus
1606 607 1765 652 efficiunt
1796 609 1931 646 bonum
1959 620 2052 657 opus
2083 620 2261 658 quantum
2289 609 2336 645 ad

1395 657 1500 693 usum
1515 684 1528 703 ,
1552 656 1652 704 qnod
1666 657 1715 694 est
1741 659 1925 705 proprium
1951 660 2094 696 virtutis
2113 659 2338 707 perficientis

1395 710 1620 756 appetitum.
1637 711 1716 744 Nos
1731 707 1884 749 dicimus
1897 735 1908 750 ‚
1931 709 2013 753 ideo
2025 720 2134 746 artem
2147 709 2214 746 effe
2227 722 2338 746 unam

1394 758 1757 795 exintellec‘tualibus
1781 759 1984 795 virtutibus
2000 758 2201 807 ,qu-iasuo
2225 760 2338 796 modo

1394 807 1534 857 perficit
1546 809 1736 844 habentem
1751 835 1761 850 ‚
1781 807 1969 856 redditque
1987 811 2121 846 bonum
2134 810 2337 857 o‘ptrsejus,

1395 860 1418 896 fi
1449 859 1492 896 de
1520 861 1680 908 potentia
1710 859 1871 906 regulata
1900 870 1962 907 per
1991 871 2102 896 artem
2130 871 2237 896 exeat
2267 859 2337 897 suae

1395 909 1483 947 ideae
1499 938 1510 953 ,
1536 908 1737 957 regulisque
1750 911 1838 945 artis
1851 908 2130 946 consentaneum
2146 936 2156 946 .
2174 914 2255 947 Nec
2270 924 2336 960 ap-

1395 962 1570 1009 pellamus
1585 959 1781 1008 prac‘ticum
1801 959 2004 1007 simpliciter
2020 960 2119 996 hunc
2149 960 2337 1004 habitum,

1393 1013 1478 1059 quia
1492 1012 1629 1059 regulat
1643 1010 1850 1060 appetitiva
1865 1011 2110 1056 operationem
2122 1038 2135 1053 ,
2147 1010 2204 1047 sed
2219 1012 2334 1058 magis

1390 1063 1561 1108 quoniam
1575 1061 1624 1098 est
1637 1060 1834 1097 direffivus
1850 1059 2015 1096 faffionis
2041 1061 2269 1107 procedentis
2287 1062 2332 1099 de

1393 1114 1554 1161 potentia
1567 1113 1746 1160 applicata
1763 1109 1807 1145 ad
1818 1122 1910 1158 opus
1925 1111 2197 1149 exteriuscttm
2213 1124 2334 1148 autern

2391 281 2462 320 Quo
2488 284 2566 319 pasto
2604 266 2606 322 l

2368 322 2422 347 Art
2434 319 2466 348 {it
2486 321 2568 353 virtus
2604 334 2606 356 l

2367 357 2568 402 intellectual'q.
2604 367 2606 406 l

1391 1163 1539 1199 habitus
1550 1161 1794 1209 speculativas
1807 1174 1877 1197 non
1894 1162 1933 1197 lit
1961 1163 2086 1209 regula
2109 1161 2335 1209 operationis
2378 1157 2379 1160 ¹

1388 1214 1673 1261 appetitivae,nec
1685 1212 1852 1261 potentiae
1863 1212 1893 1247 fa
1900 1211 2002 1248 &tivae
2014 1214 2180 1249 exeuntis
2193 1215 2228 1250 in
2240 1224 2336 1261 opus

1390 1263 1530 1314 perficit
1553 1263 1698 1310 quidem
1727 1262 1920 1299 habentem
1938 1264 1973 1299 in
2004 1262 2067 1299 suo
2095 1263 2221 1300 ordine
2236 1291 2248 1307 ,
2275 1263 2335 1300 sed

1391 1326 1620 1362 nequaquam
1633 1315 1747 1349 virtus
1761 1312 1830 1347 dici
1843 1312 1956 1360 potest
1970 1340 1981 1355 ,
1996 1311 2054 1349 sed
2069 1315 2115 1350 ab
2127 1315 2225 1350 omni
2241 1316 2334 1351 inte·

1391 1369 1460 1402 rim
1471 1363 1706 1413 praescindens
1718 1362 1844 1405 ordine
1858 1365 1903 1398 ad
1913 1364 2071 1412 praxim,
2083 1376 2176 1412 opus
2190 1366 2335 1401 nullum

1388 1415 1469 1462 ejus
1490 1415 1556 1462 qui
1581 1414 1652 1463 ipsa
1681 1425 1752 1451 arte
1779 1414 1917 1462 potitur
1942 1440 1956 1457 ,
1989 1416 2126 1452 bonum
2156 1414 2330 1453 reddere:

1391 1465 1507 1516 potest
1522 1489 1534 1506 ,

1544 1563 2053 1604 ARthULUs
2122 1564 2187 1601 lV.

1391 1667 1529 1705 Utrum
1554 1664 1746 1716 prudentia
1776 1663 1815 1700 fit
1847 1665 1966 1702 virtus
1996 1664 2162 1702 distineta
2191 1664 2236 1701 ab
2262 1676 2340 1704 arte

1437 1766 1566 1803 Doffor
1576 1766 1656 1802 locis
1671 1768 1709 1802 in
1731 1766 1894 1811 margine
1907 1766 2029 1801 citatis
2044 1790 2054 1801 .
2083 1764 2126 1801 S.
2161 1764 2288 1803 Tamus

1695 1829 1723 1852 ι.
1742 1826 1776 1853 z.
1791 1826 1827 1864 q.
1844 1824 1977 1863 57.art.
1995 1827 2029 1864 42

1488 1915 1676 1969 Espondeo
1690 1946 1700 1960 ,
1723 1916 1952 1966 quorundam
1970 1915 2018 1952 est
2035 1916 2094 1952 hic
2124 1916 2325 1954 sententia,

1499 1973 1579 2008 talis
1594 1996 1604 2012 ‚
1628 1971 1810 2016 Quoniam
1827 1981 1880 2004 ars
1896 1967 2034 2015 praestat
2047 1980 2185 2005 tantum
2199 1965 2333 2005 artifici

1386 2028 1596 2061 multarem
1611 2020 1827 2067 bonioperis
1841 2018 1990 2054 faciendi
2007 2045 2018 2060 ,
2031 2020 2116 2066 quia
2136 2030 2205 2054 non
2220 2016 2330 2064 respi-

1387 2077 1435 2110 cit
1449 2076 1648 2122 appetitum
1665 2096 1675 2112 ‚
1696 2072 1725 2107 8(
1745 2069 1934 2117 prudentia
1951 2080 2019 2103 non
2038 2069 2151 2105 solum
2168 2069 2227 2104 dat
2244 2067 2334 2104 boni

1387 2127 1505 2171 operis
1524 2123 1727 2159 facultatem
1745 2147 1754 2161 ‚
1783 2119 1842 2155 sed
1855 2121 1961 2155 etiam
1980 2117 2083 2156 usum
2104 2145 2113 2155 .
2142 2122 2238 2157 Nam
2268 2130 2334 2166 ap-

1389 2176 1543 2224 petitum
1569 2171 1712 2219 respicit
1737 2169 2202 2218 ta'nquampraesupponens
2227 2168 2334 2205 rthi·

1390 2224 1550 2261 tudinem
1573 2221 1682 2270 ejus3
1707 2219 1890 2256 manifeste
1920 2220 2109 2266 prudentia
2123 2222 2167 2256 ab
2192 2231 2266 2255 arte
2277 2219 2334 2254 di-

1391 2274 1584 2323 stinguitur
1595 2272 1702 2318 cujus
1718 2269 1927 2307 differentiae
1957 2274 2048 2306 ratio
2062 2273 2110 2307 est
2124 2297 2136 2313 ,
2160 2271 2246 2317 quia
2275 2279 2334 2304 ars

1389 2325 1438 2361 est
1471 2325 1565 2361 reita
1607 2323 1699 2365 ratio
1746 2321 1961 2358 faetinilium
1988 2348 1999 2364 ,
2043 2320 2230 2368 prudentia
2265 2332 2327 2355 ve-

1390 2388 1431 2411 ro
1456 2375 1505 2411 est
1517 2372 1610 2411 reeta
1626 2374 1718 2409 ratio
1739 2372 1925 2417 agibilium
1957 2398 1964 2409 .
1997 2369 2127 2407 Differt
2141 2383 2263 2406 autem
2282 2370 2334 2405 fa.

1390 2438 1468 2462 cere
1485 2452 1496 2468 ‚
1527 2426 1561 2462 8<
1575 2435 1679 2469 agere
1696 2435 1708 2464 ;
1733 2423 1818 2469 quia
1837 2421 1945 2461 fafflo
1970 2421 2019 2458 est
2043 2422 2144 2460 abins
2164 2420 2336 2458 tranliens

1387 2477 1422 2510 in
1435 2475 1851 2512 exterioremmateriam
1863 2499 1874 2514 ,
1898 2484 2004 2519 agere
2028 2482 2146 2509 autem
2165 2470 2213 2508 est
2230 2470 2334 2506 astus

1391 2536 1605 2573 permanens
1624 2526 1657 2559 in
1673 2523 1750 2571 ipso
1766 2533 1893 2569 agente
1906 2550 1918 2566 ‚
1946 2535 2057 2570 quare
2071 2522 2196 2558 eodem
2224 2521 2335 2557 modo

1392 2575 1425 2611 se
1440 2576 1546 2612 habet
1564 2575 1755 2622 prudentia
1772 2575 1813 2609 ad
1831 2572 2007 2619 ejusmodi
2023 2573 2123 2612 astus
2140 2573 2334 2614 humanos,

1390 2625 1550 2674 quisunt
1567 2624 1652 2662 usus
1668 2626 1912 2674 potentiarum
1927 2650 1939 2666 ,
1961 2625 1995 2660 St
2025 2623 2216 2661 habituum
2243 2622 2335 2658 ficut

1388 2676 1424 2712 se
1437 2677 1543 2714 habet
1561 2687 1617 2711 ars
1629 2677 1670 2711 ad
1684 2676 1886 2712 exteriores
1903 2675 2074 2710 faffiones
2092 2702 2103 2718 ‚
2126 2675 2210 2723 quia
2235 2684 2335 2709 utra-

1390 2739 1465 2774 que
1479 2727 1527 2764 est
1543 2726 1700 2776 perfeaa
1716 2727 1808 2762 ratio
1824 2724 1984 2773 respefi’tu
1999 2726 2141 2761 illorum
2154 2752 2166 2768 ‚
2193 2722 2236 2758 ad
2251 2734 2334 2769 quae

1393 2789 1652 2826 comparantur
1682 2804 1690 2814 .
1723 2777 1761 2813 ln
1774 2776 1940 2812 humanis
1964 2786 2086 2812 autem
2117 2775 2256 2811 astibus
2268 2771 2332 2810 sea

1391 2827 1525 2865 habent
1541 2828 1628 2865 fines
1644 2827 1733 2864 ficut
1745 2827 1917 2875 principia
1931 2826 1964 2863 in
1980 2826 2258 2873 speculabilibus
2271 2850 2282 2866 ,
2295 2825 2327 2860 8<

1392 2879 1472 2915 ideo
1487 2879 1529 2914 ad
1545 2878 1770 2925 prudentiam
1786 2877 1983 2924 requiritur
2000 2901 2013 2919 ‚
2040 2887 2079 2912 ut
2093 2876 2203 2912 homo
2215 2875 2255 2912 fit
2270 2877 2334 2912 be-

1393 2942 1436 2964 ne
1451 2929 1642 2976 dispolitus
1659 2931 1752 2965 circa
1765 2927 1853 2965 fines
1870 2955 1878 2968 ,
1900 2927 2000 2976 quod
2026 2926 2107 2963 sane
2132 2927 2252 2963 evenit
2271 2939 2331 2974 pet·

1393 2980 1528 3016 rebium
1544 2981 1740 3027 appetitum
1756 3006 1766 3021 ‚
1792 2990 1831 3014 ac
1845 2977 1993 3015 subinde
2005 2978 2047 3012 ad
2067 2977 2330 3025 prudentiam-³

1394 3032 1591 3076 requiritur
1607 3031 1747 3066 moralis
1758 3031 1875 3066 virtus
1889 3055 1900 3070 ,
1928 3041 1999 3076 qua
2015 3027 2054 3064 fit
2072 3030 2252 3076 appetitus
2277 3040 2332 3063 re·

1392 3080 1484 3116 Eius:
1503 3083 1639 3117 bonum
1655 3092 1774 3117 autem
1792 3079 2031 3120 artificialium
2047 3090 2117 3115 non
2131 3077 2180 3115 est
2194 3080 2332 3115 bonum

1393 3131 1733 3177 appetitusbumani
1750 3159 1761 3175 ,
1795 3129 1851 3166 sed
1878 3129 2036 3177 ipsorum
2059 3129 2331 3170 anteactorum,

1395 3181 1526 3217 &ideo
1539 3193 1593 3218 ars
1608 3193 1678 3217 non
1694 3181 1932 3229 praesupponit
1957 3180 2156 3227 appetitum
2181 3177 2332 3214 reflum.

1498 3236 1580 3271 Nos
1593 3232 1748 3268 dicimus
1766 3258 1778 3276 ‚
1803 3232 1905 3279 supra
1923 3228 2039 3279 quast.
2060 3229 2200 3275 56.art.
2216 3239 2248 3274 3.
2268 3238 2334 3264 ex-

1396 3283 1576 3331 plicavisse
1592 3310 1601 3325 ‚
1614 3282 1768 3330 qualiter
1785 3282 1974 3329 prudentia
1993 3280 2198 3326 simpliciter
2215 3281 2333 3314 virtus

1396 3336 1542 3380 reperiri
1559 3333 1671 3381 potest
1685 3333 1719 3368 in
1736 3331 1915 3368 intellec-'lu
1940 3331 2010 3366 stne
2023 3329 2146 3365 ordine
2163 3328 2208 3364 ad
2225 3341 2334 3376 appe-

1395 3385 1504 3419 titum
1525 3384 1656 3419 rebium
1672 3408 1681 3417 .
1699 3382 1881 3431 Siquidem
1899 3380 2082 3416 intellcffm
2112 3391 2207 3416 recte
2224 3391 2334 3425 atque

1395 3445 1523 3469 exacte
1552 3434 1736 3474 dictante3
1760 3431 2016 3469 &ostendente
2043 3431 2219 3478 appetitui
2243 3429 2335 3477 quid

1398 3484 1492 3519 facto
1509 3495 1601 3530 opus
1618 3483 1656 3518 stt
1673 3510 1681 3523 ,
1695 3483 1831 3530 quidve
1847 3482 1884 3517 stt
1901 3481 2104 3528 eligendum
2122 3483 2213 3516 circa
2227 3491 2337 3516 mate·

1400 3536 1484 3568 riam
1497 3536 1645 3568 virtutis
1661 3532 1900 3579 temperantiae
1914 3559 1922 3572 ,
1937 3534 2106 3567 voluntas
2120 3531 2232 3580 potest
2249 3543 2342 3566 con.

1399 3595 1454 3620 tta
1467 3584 1500 3618 id
1524 3584 1701 3620 dictamen
1730 3595 1863 3619 rectum
1893 3584 2022 3630 eligere
2038 3606 2051 3625 ‚
2075 3595 2113 3618 ac
2125 3593 2339 3629 perperam..

1400 3636 1713 3682 intemperantiam
1727 3635 1970 3680 amplecti,aut
1983 3644 2078 3668 certe
2092 3637 2136 3668 ab
2148 3633 2243 3668 omui
2257 3644 2343 3667 actu

1403 3685 1601 3727 abstinere,
1627 3686 1659 3720 8<
1679 3684 1767 3720 nihil
1789 3684 1889 3728 iuxta
1905 3711 1917 3726 ,
1939 3695 1999 3720 au:
2018 3695 2144 3720 contra
2160 3683 2341 3719 distamen

1403 3737 1562 3780 eligere3
1589 3735 1652 3772 stat
1673 3736 1782 3781 igitur
1799 3736 1834 3772 in
1848 3736 2033 3772 intellectu
2045 3746 2140 3772 recta
2160 3736 2250 3771 ratio
2268 3733 2344 3778 agi-

2189 3784 2319 3820 billum

2407 1954 2434 1983 S.
2450 1952 2571 1983 Thema

2369 1991 2505 2024 sententia
2512 2008 2524 2024 0

2365 2786 2411 2816 De
2432 2786 2473 2816 his
2494 2786 2566 2816 infra

2364 2824 2568 2870 μεθίεμεν

2366 2871 2390 2893 ῙΙ
2400 2871 2460 2894 ⁴7!-
2469 2874 2498 2901 ς·
