2598 4012
681 143 842 191 Tamus
858 141 939 193 III.
947 145 1074 192 Part.
1087 143 1125 191 I.
1141 142 1332 219 Qaestio
1348 145 1431 194 IX.
1440 147 1543 196 Art.
1556 147 1639 194 III.

252 220 305 254 tio
320 220 353 254 in
369 216 540 266 potestate
552 213 751 251 voluntatis
763 222 777 250 ε
801 213 860 248 sed
877 212 1069 248 neceffario
1081 224 1188 249 etiam

251 269 446 305 secundum
461 268 554 310 illam
569 262 732 299 movebit
753 262 978 299 inrelleelum
995 275 1007 304 3
1036 275 1106 298 non
1125 265 1189 309 igi-

250 331 310 356 tur
321 319 449 366 poterit
461 316 575 352 fistere
586 310 811 350 intelleElum
827 313 863 349 in
879 313 1026 349 alterius
1038 315 1188 350 rationis

247 366 526 406 consideratione
539 390 551 401 .

347 416 513 455 Secunda
547 416 641 451 ratio
659 425 785 451 contra
822 414 1029 461 opinantem
1052 414 1100 451 est
1125 416 1188 451 ita:

250 468 288 508 Si
299 465 504 516 phantasma
528 466 578 503 est
617 466 722 502 causa
747 464 956 500 omnimoda
974 490 986 506 ,
1015 466 1048 500 8(
1073 466 1189 511 aequi·

250 530 340 557 voca
361 517 548 556 volitionis
564 517 598 553 8(
617 512 878 553 ἰηῑείῑεέὶίοηίε
901 514 1187 553 immeditatione

247 567 383 610 causae;
403 568 514 613 igitur
526 567 575 603 est
592 568 803 616 {impliciter
828 563 1021 609 perfec-tius
1047 566 1188 601 intelle-

247 620 364 656 &ione
379 620 412 655 8<
428 618 630 658 volitione;
652 616 892 665 phantafiatio
906 616 1017 661 igitur
1033 617 1189 652 nobilior

244 671 295 707 est
317 669 489 706 felicitate
514 667 815 716 Philosophorum
833 692 842 708 ‚
869 678 979 713 quam
1007 667 1189 714 ponebant

243 718 738 756 confistcreinintelleetionc
753 743 766 761 ‚
789 718 824 753 8(
850 716 1044 752 volitione.
1071 719 1187 760 Non..

242 772 334 806 enim
353 770 411 805 ille
427 769 566 806 nostor
589 768 772 806 adstruere
801 766 916 815 petest
943 765 1040 802 aliid
1065 778 1187 814 agens,

240 829 281 857 ut
297 819 516 857 intellcetum
529 820 794 867 agentem,quia
806 828 913 864 agens
930 818 961 852 8<
976 816 1115 864 patiens
1129 829 1190 853 ne·

238 870 389 908 cessario
404 870 483 906 sunt
495 870 658 907 distincita
675 866 960 916 sussbjeaffijuxta
978 866 1188 913 sententiam

237 921 348 970 ipsius
364 946 374 956 .

340 972 510 1020 Denique
526 999 538 1016 ,
553 974 716 1019 Angelus
731 997 743 1012 ‚
756 970 790 1006 8(
805 971 922 1004 anima
937 967 1097 1017 separata
1108 967 1190 1016 pos·

238 1020 320 1058 sunt
331 1025 474 1071 operari
487 1023 643 1069 volendo
658 1037 669 1064 ;
692 1023 819 1068 nequit
833 1030 954 1055 autern
970 1021 1053 1067 poni
1065 1023 1101 1055 in
1116 1023 1187 1055 illi!

236 1072 449 1121 phantasma
474 1074 631 1110 efficiens
651 1073 864 1110 ,volitioneni
885 1081 897 1110 ;
930 1071 1042 1115 igitur
1064 1072 1186 1106 dicer.-

237 1122 327 1160 dum
341 1123 434 1160 foret
446 1150 460 1167 „
485 1127 602 1161 Deum
616 1122 835 1160 immeditate
847 1119 1002 1156 eausaffe
1016 1121 1186 1157 malum-2

239 1172 334 1210 velle
347 1175 380 1210 in
396 1176 584 1210 voluntate
599 1174 825 1220 Angelorum
840 1198 850 1213 ‚
879 1172 943 1216 qui
959 1173 1005 1206 ab
1018 1182 1061 1207 eo
1073 1170 1187 1210 desti„

239 1235 396 1268 uerunt,
426 1224 525 1272 quod
543 1224 668 1260 falsum
685 1221 735 1259 est
753 1246 763 1256 .
790 1221 861 1256 Vel
878 1221 901 1256 si
921 1232 1074 1268 ponami-
1088 1221 1185 1259 aliud

191 1311 196 1317 ,
237 1285 371 1321 agen8‚
397 1285 436 1310 ut
448 1275 589 1311 coelum
605 1301 617 1317 ,
643 1276 699 1310 vel
717 1272 966 1319 quodcunque
988 1271 1088 1308 aliud
1117 1274 1185 1306 ob-

2 1695 3 1734 ]
15 1730 45 1753 9·
53 1715 175 1754 metaph·
184 1724 214 1752 q.

21 1766 67 1792 15·
98 1759 127 1790 9⁰,
158 1754 215 1783 Fe?

17 1796 105 1824 diod.
115 1795 172 1823 018·
185 1794 213 1823 ἃ

15 1832 96 1872 seqq.

4 1915 153 1948 'Semode
163 1927 211 1947 vo.

4 1957 120 1987 ilaritate
141 1957 212 1994 ejus-

4 1997 69 2033 lque
87 1995 211 2026 affin-⁴

13 2035 114 2064 virtute
136 2055 146 2070 ,
185 2036 213 2063 ὅ(

13 2071 133 2111 qualiter
175 2072 214 2102 est

16 2111 137 2140 nobilior
149 2121 212 2140 om-

16 2150 44 2177 ni
55 2148 112 2177 alio
133 2151 211 2188 prin-

6 2188 89 2225 *cipio
102 2198 212 2217 natura-

15 2223 77 2254 liter
96 2235 191 2267 agente
203 2247 214 2256 .

234 1322 373 1371 jeaum
384 1350 396 1366 ‚
410 1335 564 1371 cogetur
577 1325 792 1373 principium
806 1322 908 1357 suum
919 1334 1048 1368 negare
1063 1347 1073 1363 ,
1086 1333 1181 1357 nem.

232 1386 281 1423 pe
294 1374 437 1411 causam
449 1375 673 1423 aeqiiiuocam
692 1374 838 1410 totalem
852 1372 918 1409 eli'e
951 1372 1081 1409 effeftu
1109 1371 1173 1406 suo

232 1425 470 1462 nobiliorem.
501 1427 629 1476 Qre
647 1424 780 1473 impoffi
789 1425 858 1460 bile
868 1424 1017 1459 omnino
1028 1422 1093 1464 est,
1108 1421 1184 1457 An.

233 1476 356 1521 gelum
370 1501 382 1518 ‚
408 1476 638 1523 animamque
654 1475 850 1523 separatam
864 1476 965 1510 nullo
983 1473 1092 1509 modo
1105 1470 1183 1519 pos.

232 1525 269 1561 se
285 1537 431 1563 mouere
445 1525 479 1562 se
496 1525 552 1569 se,
580 1525 641 1562 sed
667 1525 755 1562 stare
785 1525 1019 1560 immobiliter
1037 1525 1072 1558 in
1088 1533 1182 1570 quo-

235 1588 383 1622 cunque
404 1578 466 1613 ubi
477 1586 697 1623 ponerentur
713 1602 724 1617 ‚
755 1575 900 1623 perinde
914 1586 956 1611 ac
972 1575 995 1611 si
1021 1573 1131 1611 effent
1144 1573 1182 1608 in

240 1634 384 1658 carcere
397 1649 405 1658 .

341 1675 575 1719 Quapropter
586 1671 743 1708 dicimus
756 1697 766 1713 ,
795 1671 1021 1708 voluntatem
1033 1684 1103 1709 non
1116 1674 1184 1710 effe

242 1722 455 1769 principium
482 1722 639 1756 aetiuum
657 1733 704 1755 ex
734 1719 767 1756 se
796 1720 1075 1758 determinatum
1091 1749 1103 1766 ,
1123 1723 1184 1760 sed

241 1771 452 1819 potestatiue
463 1769 780 1805 determinatiuum
795 1768 845 1801 sui
870 1769 913 1801 ad
942 1779 1153 1808 alterutrum
1171 1786 1183 1814 3

241 1833 282 1857 ac
297 1819 444 1868 proinde
461 1831 607 1855 mouere
618 1817 768 1865 seipsam
782 1817 828 1851 ad
845 1819 1067 1863 operandum
1080 1821 1186 1862 obje-

239 1871 306 1907 e'tis
334 1871 613 1907 occurrentibus.
646 1867 885 1903 occasionem
918 1867 1161 1914 praebentibus
1174 1891 1184 1902 .

242 1922 462 1969 Principium
477 1922 571 1956 enim
591 1920 753 1956 aftiuum
778 1928 940 1953 creatum
957 1944 969 1961 ‚
998 1918 1087 1952 citra
1108 1927 1187 1952 om-

244 1983 322 2007 nem
338 1970 659 2007 contradictionem
685 1980 800 2017 capax
816 1967 866 2004 est
882 1967 962 2015 ejus
992 1966 1184 2015 perfectio-

243 2024 321 2064 nis,
342 2034 451 2070 quam
476 2022 709 2059 attribuimus
734 2019 940 2063 voluntati,
965 2030 1092 2066 nempe
1112 2030 1184 2055 non

243 2071 310 2109 effe
322 2072 588 2110 determinatam
603 2071 647 2107 ad
665 2083 778 2106 unum
793 2068 961 2106 effefium
978 2071 1034 2105 vel
1050 2068 1187 2111 aihum,

243 2134 327 2159 cuni
347 2124 474 2159 multas
489 2123 616 2161 habeat
636 2124 673 2157 in
690 2120 742 2157 sui
755 2121 930 2169 potestate
955 2122 1186 2170 operationes

243 2177 347 2210 etiam
361 2177 559 2210 contrarias
571 2199 582 2216 ,
604 2174 754 2208 imonec
768 2172 813 2208 ad
828 2173 967 2220 aliquas
982 2183 1104 2211 earum
1123 2171 1186 2207 de-

242 2225 445 2268 terminari,
471 2237 561 2273 quas
577 2225 714 2260 virtute
727 2224 921 2265 continet3
949 2222 1064 2271 potest
1089 2223 1185 2259 enim

242 2275 276 2311 se
291 2276 445 2312 abomni
461 2276 636 2311 cohibere
650 2276 858 2322 operatione
873 2299 885 2316 ‚
912 2275 1047 2321 quouis
1074 2274 1183 2310 etiam

240 2335 455 2363 occurrente
470 2325 625 2373 objeeto
636 2350 646 2360 .
664 2326 775 2361 Porro
786 2324 1007 2374 principium
1022 2324 1184 2360 affluum

243 2387 346 2412 tanto
360 2376 409 2412 est
422 2378 618 2424 perfeffius
633 2402 645 2419 ,
670 2387 814 2424 quanto.
835 2377 957 2411 minus
979 2374 1030 2411 est
1056 2374 1189 2423 depen-

243 2427 356 2470 detis,
382 2427 660 2464 determinatum
690 2453 704 2470 2
739 2426 775 2462 8(
805 2425 1000 2461 limitatum
1027 2424 1190 2474 respeftu

244 2478 347 2514 aetus
359 2504 371 2521 ‚
403 2479 463 2514 vel*
475 2478 623 2515 effeetus
639 2491 651 2519 ;
675 2479 772 2515 taine
789 2477 882 2513 reete
898 2478 1109 2523 intelligitur
1127 2488 1190 2512 ex-

244 2529 482 2566 cellentiliima
514 2531 683 2566 nobilitas
699 2528 806 2577 primi
837 2527 1002 2575 principii
1030 2527 1191 2573 gloriosi,

244 2580 367 2615 omnia
399 2593 461 2628 per
484 2580 666 2618 infinitam
707 2577 1016 2626 independentiam
1044 2604 1057 2621 ,
1096 2577 1191 2614 sum-

247 2642 413 2675 mamque
435 2632 628 2667 libertatem
653 2630 857 2671 causantis,
880 2640 991 2676 quam
1007 2628 1193 2677 perfeftio·

250 2692 331 2716 nem
348 2679 562 2716 sustulerunt
579 2681 815 2729 Philosophi,
837 2680 951 2727 ipsum
966 2680 1032 2716 effe
1047 2677 1194 2715 causam

249 2730 475 2766 neceffariam
492 2742 674 2778 perperam
686 2731 899 2765 arbitrantes
923 2755 932 2764 .
946 2731 1058 2779 Qd
1073 2730 1095 2765 fi
1109 2742 1194 2765 cau-

252 2781 287 2815 sa
317 2780 434 2816 aetina
460 2783 502 2815 ad
528 2782 660 2817 multos
689 2782 866 2816 illimitata
892 2778 1040 2817 effeetus
1060 2783 1194 2829 produ-

252 2830 386 2869 cendos
407 2841 487 2866 cum
512 2830 811 2868 determinatione
837 2841 958 2867 tamen
981 2831 1192 2868 naturaliad

252 2883 680 2930 quemcumqueillorum
697 2909 708 2925 ,
739 2881 931 2931 perfee'fior
947 2882 996 2917 est
1015 2885 1072 2918 illa
1088 2909 1098 2925 ,
1114 2894 1194 2929 qua:

252 2932 386 2970 nonest
409 2931 456 2967 sic
479 2934 677 2976 illimitata,
703 2945 845 2981 quanto
862 2935 1007 2979 magissi
1027 2933 1196 2969 cumbae

254 2984 490 3020 illimitatione
522 2984 557 3020 8(
604 2984 939 3022 indeterminatione
974 2985 1196 3031 intelligatur

254 3036 363 3070 etiam
385 3034 679 3071 indeterminatio
700 3035 896 3071 excludens
920 3037 1119 3070 naturalem
1137 3035 1197 3070 de·

253 3086 542 3122 terminationem
554 3087 597 3122 ad
609 3098 877 3134 quemcumque
892 3086 1095 3127 illorum,ad
1107 3097 1198 3133 quos

256 3136 312 3171 vis
335 3134 415 3182 ejus
437 3135 555 3172 aeliva
580 3137 612 3173 se
639 3136 830 3173 extendere
860 3136 971 3182 potest
991 3135 1003 3170 ἓ
1030 3136 1131 3173 Talis
1148 3135 1197 3171 est

255 3188 449 3229 voluntas,
472 3187 506 3222 8(
522 3186 594 3224 sola
607 3190 697 3225 inter
708 3185 824 3222 aetitia
838 3187 1012 3235 principia
1028 3213 1038 3228 ‚
1064 3186 1199 3223 habens

256 3237 402 3274 modum
419 3237 577 3283 agendi,
603 3238 811 3275 distinfkum
830 3248 956 3272 contra
986 3246 1102 3271 totum
1135 3249 1198 3281 ge·

257 3299 328 3324 nus
343 3288 602 3336 principiorum
617 3288 833 3329 aetivorum,
858 3299 938 3332 quae
959 3298 1028 3322 non
1045 3287 1120 3323 sunt
1136 3298 1201 3321 vo-

259 3338 378 3374 luntas
397 3351 409 3380 3
436 3339 515 3384 ejus
535 3341 630 3375 enim
647 3338 775 3374 modus
799 3339 926 3383 agendi
943 3337 990 3373 cst
1017 3337 1202 3384 oppositus

260 3390 370 3424 modo
381 3400 589 3426 caeterorum
606 3389 864 3439 principiorum
882 3390 926 3424 ab
943 3387 1014 3433 ipsa
1031 3413 1039 3422 .
1068 3388 1104 3426 Si
1117 3399 1204 3433 ergo

258 3438 335 3480 liaec
363 3439 538 3487 pcrfefflo
563 3464 574 3480 ,
611 3452 721 3488 quam
753 3441 985 3475 attribuimus
1009 3439 1203 3478 voluntati,

260 3491 443 3537 principio
458 3489 581 3525 affluo
595 3501 716 3528 creato
745 3502 815 3527 non
831 3499 1003 3537 repugnat
1017 3514 1028 3531 ‚
1059 3490 1093 3525 8(
1110 3489 1204 3524 sum·

261 3551 360 3574 mum
389 3541 459 3575 tale
488 3539 536 3575 est
562 3543 754 3583 voluntas,
781 3541 846 3576 {ibi
874 3539 1129 3585 rationabiliter
1155 3537 1205 3575 est

264 3590 491 3625 attribuenda
511 3616 521 3626 .
546 3591 730 3627 Postremo
746 3617 757 3632 ,
783 3591 804 3626 fi
822 3589 1023 3626 intelleetus
1038 3601 1098 3636 per
1125 3602 1209 3625 ean-

266 3637 347 3673 dem
364 3641 526 3676 notitiam
545 3667 556 3683 ,
585 3642 633 3678 est
658 3642 782 3687 aliquo
811 3641 919 3677 modo
942 3640 1210 3686 oppolitorum‚

269 3699 394 3735 nempe
407 3699 444 3724 ut
457 3691 676 3733 ostendens;
700 3703 789 3736 ergo
806 3691 966 3739 potentia
981 3689 1096 3724 aeliva
1114 3689 1212 3724 inde·

269 3738 493 3775 terminatior
506 3742 754 3778 excellentiori
770 3742 878 3777 modo
893 3740 959 3776 effe
970 3739 1083 3787 potest
1099 3750 1215 3787 oppo-

272 3787 419 3873 sitoruqrp
434 3813 446 3829 ‚
459 3789 590 3874 scillicet
613 3803 651 3828 ut
670 3791 745 3840 ipsa
763 3803 833 3829 una
844 3789 1001 3828 existens
1016 3789 1061 3825 ad
1077 3799 1217 3825 utrum-

412 3850 475 3876 ora.
513 3841 562 3875 ll.

2054 157 2092 204 ‘6
2122 161 2127 167 ,

1259 226 1335 260 que
1351 216 1493 250 illorum
1509 214 1729 252 ostensorum
1740 227 1851 265 queat
1882 221 1916 256 ie
1941 170 2194 268 determiZai-e,

1257 265 1418 312 alioquin
1443 265 1572 301 frustra
1594 265 1778 302 videretur
1799 269 1880 304 data
1912 268 2014 305 fniffe
2034 276 2192 317 porentia

1254 315 1722 362 primaoppofitorum=nam
1734 316 1807 364 ipsa
1819 318 1888 355 sine
1902 318 2053 356 secunda
2067 322 2103 358 in
2115 325 2193 361 nul.

1257 365 1330 400 lum
1344 366 1488 400 illorum
1500 365 1611 414 poffet
1624 390 1634 400 .

1356 414 1416 450 Ad
1434 426 1643 461 argumenta
1657 440 1668 451 .
1701 414 1755 450 Ad
1767 416 1917 464 primum
1932 420 2084 457 dicimus
2096 448 2107 463 ,
2136 423 2190 457 as-

1257 464 1430 513 sumptam
1456 467 1732 514 propositionem
1751 491 1760 506 ,
1789 479 1936 504 mouens
1959 472 1992 505 ἃ
2020 483 2192 511 motum

1255 527 1425 564 oportere
1452 516 1519 552 effe
1544 515 1706 551 distincta
1733 515 1898 562 subjefto
1915 546 1923 559 ‚
1951 519 2024 555 fore
2049 525 2193 558 omnino

1255 566 1451 611 negandam
1466 578 1504 602 ut
1519 565 1641 602 falsam
1661 591 1673 602 .
1700 567 1913 604 Absurdum
1928 568 1975 603 est
1994 570 2101 612 enim,
2118 572 2192 608 for-

1257 629 1349 653 mam
1365 617 1745 664 nobiliffimam‚qualis
1756 617 1804 652 est
1817 620 1934 653 anima
1948 619 2165 657 intellefftiva
2181 649 2193 665 ,

1254 680 1324 704 non
1345 668 1476 714 pollere
1490 669 1525 703 vi
1537 666 1657 704 aetiva
1673 679 1712 702 ac
1722 668 1894 714 potestate
1919 671 2126 715 acquirendi
2142 671 2197 707 su-

1256 730 1294 755 as
1307 717 1544 767 perieffiiones
1572 718 1806 753 accidentales
1825 745 1836 759 ‚
1863 718 2077 765 easdemque
2106 724 2195 757 reci-

1255 768 1401 817 piendi,
1426 781 1538 815 quare
1553 769 1681 804 nedum
1699 768 1901 804 indistineta
1915 768 2078 815 subjeeto
2095 798 2105 812 ‚
2135 771 2194 807 sed

1254 832 1366 856 unum
1383 821 1550 867 idemque
1567 820 1713 866 simplex
1729 818 1797 854 effe
1822 819 1937 867 potest
1951 831 2096 856 movens
2114 834 2125 862 ;
2159 822 2195 857 8:

1254 881 1416 906 motum.
1445 871 1642 907 Namiiulli
1671 880 1807 905 naturae
1831 868 2113 916 abjudicandum
2129 871 2196 914 est,

1253 921 1355 968 quod
1368 921 1417 957 est
1429 920 1660 968 perses-'tionis
1686 921 1720 955 in
1749 921 1806 956 illa
1825 944 1838 965 ‚
1869 921 1929 956 nisi
1944 921 2089 956 aliunde
2111 933 2198 957 con·

1255 972 1320 1007 stet
1332 999 1342 1013 ‚
1368 983 1444 1006 eam
1457 970 1709 1017 perfeetionem
1727 969 1791 1007 fibi
1802 983 1871 1006 non
1884 972 2092 1014 convenire,
2108 973 2198 1020 quia.

1253 1033 1381 1058 natura
1399 1020 1533 1067 semper
1548 1022 1632 1058 facit
1645 1022 1744 1068 quod
1757 1019 1882 1058 melius
1893 1021 1983 1063 est,si
1999 1021 2106 1057 fuerit
2121 1021 2204 1070 pos.

1256 1072 1366 1113 sibile,
1381 1085 1446 1108 nec
1459 1071 1581 1109 deficit
1598 1076 1633 1108 in
1646 1072 1845 1109 necessariis
1859 1097 1869 1108 .
1883 1071 1941 1110 Ad
1953 1076 2102 1118 primam
2118 1084 2202 1121 pro-

1255 1123 1441 1159 bationem
1486 1124 1633 1159 minoris
1666 1122 1864 1170 respondeo
1884 1149 1897 1165 ‚
1932 1123 2104 1159 ‘Potentia
2119 1151 2130 1167 ,
2159 1125 2195 1160 8:

1257 1174 1377 1210 Atius
1391 1174 1506 1220 accipi
1522 1173 1663 1222 poffunt
1689 1184 1729 1208 ut
1748 1172 1917 1210 suntduae
1947 1175 2066 1221 primae
2095 1172 2199 1209 diffe-

1255 1225 1375 1260 rentiae
1389 1226 1480 1260 entis
1493 1225 1663 1273 oppositae
1682 1251 1692 1266 ‚
1718 1237 1790 1271 qua
1813 1224 1848 1260 in
1872 1224 2081 1271 acceptione
2104 1236 2197 1260 nun-

1254 1287 1363 1322 quam
1382 1275 1473 1311 idem
1488 1276 1588 1311 simul
1605 1274 1653 1312 est
1670 1275 1703 1310 in
1719 1276 1878 1322 potentia
1896 1273 1978 1309 &iri
1996 1273 2078 1308 asilu
2092 1287 2103 1314 ;
2116 1286 2196 1310 nam

1255 1330 1337 1361 cum
1352 1338 1447 1373 aqua
1465 1326 1547 1362 aftu
1563 1325 1612 1362 est
1628 1325 1744 1362 calida
1760 1353 1772 1369 ,
1798 1324 1879 1361 actu
1893 1335 1963 1359 non
1978 1322 2027 1359 est
2052 1324 2197 1371 frigida,

1255 1375 1361 1412 sed-in
1376 1379 1533 1424 potentia
1546 1388 1685 1413 tantum
1702 1404 1714 1415 ,
1744 1387 1813 1412 nec
1837 1386 2026 1420 propterea
2041 1374 2088 1411 est
2106 1374 2197 1410 infe-

1255 1427 1405 1463 rendum
1422 1440 1434 1468 ς
1456 1428 1477 1463 fi
1496 1427 1545 1463 est
1563 1428 1694 1463 motiva
1710 1426 1761 1463 sui
1779 1426 1820 1462 ad
1837 1424 2072 1469 frigiditatem
2086 1436 2197 1470 ;ergo

1254 1477 1303 1514 est
1322 1479 1356 1514 in
1368 1477 1449 1514 aetu
1463 1479 1545 1514 talis
1562 1503 1574 1520 ‚
1603 1477 1709 1525 quale
1737 1477 1785 1513 est
1804 1475 1936 1512 mobile
1961 1476 1996 1511 in
2022 1476 2196 1522 potentia.

1254 1531 1351 1566 Nam
1367 1530 1441 1564 inte
1459 1529 1603 1574 ligendo
1630 1528 1673 1564 de
1689 1529 1770 1564 aetu
1798 1527 1967 1567 formali,
1994 1525 2132 1562 fallacia
2147 1525 2198 1560 est

1254 1578 1509 1627 consequentis
1528 1592 1541 1621 3
1563 1579 1712 1627 perinde
1727 1590 1766 1614 ac
1783 1578 2063 1623 siargueretur3
2085 1573 2135 1611 sol
2148 1574 2198 1611 est

1254 1629 1558 1665 transmutativus
1573 1631 1730 1665 materia:
1752 1642 1820 1676 per
1842 1626 2140 1675 putrefaiffionem
2157 1626 2202 1660 ad

1255 1681 1406 1714 formam
1423 1680 1557 1715 vermis
1573 1692 1585 1719 ;
1604 1691 1692 1723 ergo
1704 1679 1751 1714 sol
1767 1678 1816 1713 est
1828 1680 1864 1712 in
1881 1677 1964 1713 astu
1978 1679 2110 1713 vermis
2127 1702 2137 1712 .
2166 1676 2204 1713 Si

1257 1728 1352 1764 enim
1367 1727 1410 1762 ad
1423 1728 1696 1772 producendum
1710 1726 1875 1761 effefftum
1891 1726 2018 1761 sufficit
2034 1725 2203 1773 quando·

1258 1790 1330 1825 que
1346 1778 1519 1824 perfefflo
1543 1776 1661 1815 acfflva
1688 1774 1846 1822 ejusdem
1877 1777 2052 1818 rationis,
2086 1777 2203 1811 multo

1259 1830 1375 1868 magis
1391 1826 1472 1859 satis
1484 1825 1538 1858 est
1556 1826 1790 1860 excellentior
1813 1825 1926 1861 eidem
1953 1826 2203 1872 producendo.

1261 1870 1387 1917 Atque
1399 1872 1449 1908 ita
1466 1883 1574 1916 agens
1589 1875 1816 1920 aequivocum
1831 1873 1927 1915 estin
1942 1875 2024 1910 astu
2040 1876 2204 1923 respeau

1261 1920 1411 1959 effeetus
1426 1949 1438 1965 ‚
1463 1934 1535 1957 non
1552 1923 1749 1959 formaliter
1762 1923 1897 1959 habens
1908 1922 2025 1962 aStum
2041 1924 2203 1967 similem,

1261 1974 1423 2021 alioquin
1437 1984 1507 2010 non
1531 1972 1621 2010 foret
1646 1975 1874 2023 aequivocum
1891 1986 2024 2021 agens,
2050 1972 2110 2010 sed
2125 1976 2206 2010 uni·

1262 2024 1447 2061 versaliter
1464 2024 1602 2072 pollens
1629 2026 1764 2061 virtute
1776 2025 1975 2071 attingendi
2004 2026 2104 2063 illum
2123 2052 2136 2068 ,
2162 2037 2207 2061 eo

1262 2075 1364 2123 quod
1381 2075 1583 2111 formaliter
1599 2076 1789 2123 praeditum
1819 2075 1860 2111 fit
1886 2077 2117 2112 eminentiore
2135 2078 2210 2112 vir·

1261 2137 1339 2164 tute
1356 2152 1365 2162 .
1391 2124 1450 2162 Est
1468 2125 1621 2172 igiturin
1633 2126 1790 2174 potentia
1805 2124 2001 2163 secundum
2013 2128 2210 2163 terminum

1261 2188 1384 2215 motus
1400 2203 1410 2218 ‚
1428 2175 1463 2212 in
1478 2175 1560 2213 netu
1573 2174 1657 2213 vero
1675 2176 1868 2214 secundum
1886 2177 2106 2226 principium
2121 2177 2211 2214 aeli·

1262 2240 1349 2266 vum
1367 2227 1555 2275 aequivoce
1571 2226 1731 2276 respeFm
1748 2227 1891 2264 termini
1911 2251 1922 2264 .

1361 2281 1535 2318 Siautem
1557 2281 1713 2327 potentia
1724 2279 1920 2326 accipiatur
1935 2289 1976 2314 ut
2005 2277 2092 2315 dicit
2114 2279 2206 2314 rela-

1261 2329 1399 2366 tionem
1412 2329 1602 2378 principii,
1623 2341 1685 2366 aut
1714 2329 1801 2364 dicit
1827 2340 1904 2365 eam
1930 2330 2138 2365 relationem
2163 2327 2209 2366 ad

1262 2382 1525 2429 principiatum
1542 2407 1553 2424 ,
1580 2391 1642 2416 aut
1655 2380 1696 2415 ad
1710 2379 1805 2416 aliod
1818 2379 2036 2428 principium
2051 2405 2060 2415 .
2090 2380 2211 2415 Primo

1268 2431 1380 2467 modo
1410 2431 1431 2465 fi
1457 2431 1716 2478 principiatum
1741 2430 1882 2472 dIcatur
1909 2428 2010 2465 astus
2036 2455 2047 2471 ‚
2080 2440 2212 2465 conce-

1264 2480 1312 2516 do
1327 2508 1338 2523 ,
1363 2480 1456 2518 nihil
1474 2481 1564 2517 idem
1591 2480 1816 2518 eil'entialiter
1845 2478 1914 2515 effe
1941 2481 2142 2525 potentiam
2170 2480 2206 2516 3<

1264 2531 1384 2568 astum
1403 2545 1415 2572 3
1430 2532 1517 2578 quia
1531 2533 1625 2568 nulla
1643 2544 1714 2568 una
1730 2530 1872 2568 essentia
1889 2528 2033 2577 seipsam
2046 2528 2210 2565 effeflive

1265 2582 1458 2631 principiat
1474 2584 1507 2617 in
1527 2594 1752 2630 quocunque
1769 2593 1898 2629 genere
1913 2580 2075 2627 principii
2091 2592 2102 2620 3
2116 2579 2212 2614 idem

1265 2644 1386 2670 tamen
1405 2631 1623 2680 suppositum
1641 2633 1771 2669 habere
1800 2630 1914 2680 potest
1933 2630 2020 2666 duas
2049 2640 2210 2671 naturas,

1263 2695 1418 2732 quarum
1436 2685 1545 2719 altera
1563 2684 1603 2719 sit
1621 2685 1838 2730 principium
1853 2680 2014 2716 αξὶίνιιηι
2029 2708 2039 2723 ,
2069 2682 2209 2717 alteras

1265 2735 1521 2783 principiatum
1539 2748 1548 2756 ·
1577 2732 1614 2771 Si
1628 2745 1747 2770 autem
1774 2732 1931 2782 potentia
1950 2731 2045 2766 dicat
2062 2731 2212 2766 relatio-

1266 2798 1346 2822 nem
1363 2784 1528 2832 principii
1544 2785 1589 2820 ad
1607 2785 1705 2821 aliud
1724 2784 1937 2832 principium
1964 2781 2210 2822 intrinsecum3

1266 2847 1354 2872 tunc
1383 2837 1545 2883 accipere
1561 2835 1661 2883 quod
1676 2835 1712 2871 in
1742 2835 1843 2870 nullo
1866 2844 1941 2869 uno
1965 2832 2149 2879 supposito
2172 2831 2221 2866 est

1263 2886 1576 2934 utrumque,idem,
1588 2885 1638 2922 est
1651 2897 1692 2921 ac
1703 2883 2004 2925 afferere‚ntilltim
2020 2895 2132 2917 unum
2148 2881 2223 2927 sup.

1261 2937 1414 2986 politum
1430 2935 1497 2972 effe
1511 2936 1747 2985 compositum
1772 2948 1819 2971 ex
1836 2934 2013 2981 principio
2026 2933 2226 2980 potentiali,

1265 2988 1301 3022 8(
1326 2986 1518 3034 principio,
1536 2987 1771 3034 quoddicitur
1786 2983 1944 3020 astus-Si
1957 2983 2100 3019 tandem
2110 2989 2228 3028 poten-

1262 3038 1317 3073 tia
1331 3037 1423 3073 dicat
1439 3039 1644 3073 relationem
1662 3037 1825 3084 principii
1840 3034 1962 3081 paffivi
1978 3033 2021 3068 ad
2037 3032 2228 3080 principim

1264 3083 1544 3134 affiivuni,quod
1559 3089 1689 3123 dieitur
1703 3086 1768 3122 effe
1787 3087 1821 3121 in
1835 3086 1916 3121 aetii
1934 3111 1946 3127 ‚
1961 3085 1996 3120 &
2012 3083 2160 3118 affert-:re
2173 3083 2224 3116 ni-

1267 3138 1317 3174 hil
1330 3138 1421 3174 idem
1438 3138 1505 3174 effe
1521 3139 1554 3174 in
1569 3139 1729 3186 potentia
1743 3138 1775 3172 8<
1792 3138 1827 3172 in
1841 3135 1924 3171 aeto
1938 3161 1948 3177 ‚
1975 3133 2072 3169 aliud
2088 3144 2158 3168 non
2169 3130 2217 3167 est

1268 3200 1377 3236 quarn
1401 3189 1605 3237 exprimere
1623 3214 1635 3230 ,
1670 3187 1763 3222 nihil
1790 3186 1884 3221 idem
1914 3183 1982 3220 effe
2005 3182 2160 3218 affivum
2185 3182 2219 3217 &

1270 3239 1444 3287 paslivum
1462 3266 1472 3281 ,
1500 3240 1533 3274 &
1550 3249 1620 3274 tion
1635 3236 1684 3272 est
1702 3236 1871 3286 probatio
1887 3260 1899 3277 ,
1912 3234 1970 3271 sed
1982 3234 2111 3282 petitio
2122 3231 2217 3278 ejus,

1271 3289 1371 3337 quod
1386 3288 1608 3330 probandum
1625 3287 1673 3324 est
1690 3313 1700 3321 .

1372 3338 1487 3388 Qod
1509 3338 1651 3374 additur
1674 3336 1718 3372 de
1750 3334 1939 3383 principiis
1965 3331 2219 3381 metaphysicis

1273 3400 1396 3426 verum
1426 3388 1475 3425 est
1504 3414 1515 3430 ‚
1538 3401 1579 3424 ea
1609 3387 1677 3424 effe
1707 3384 1995 3422 universaliffima
2025 3408 2036 3425 ‚
2056 3383 2113 3419 sed
2140 3383 2217 3417 nul·

1274 3439 1349 3474 lum
1370 3438 1513 3474 illorum
1537 3439 1572 3473 in
1598 3440 1721 3485 aliquo
1740 3436 1911 3476 lingulati
1942 3433 2066 3480 recipit
2088 3432 2219 3468 instan-

1276 3490 1364 3524 tiam
1381 3513 1392 3524 .
1418 3490 1568 3534 Signum
1596 3490 1688 3524 enim
1710 3487 1759 3523 est
1783 3485 1989 3522 sermonum
2010 3493 2220 3520 verorum..

1276 3536 1460 3581 confesse,
1485 3538 1515 3573 se
1543 3539 1676 3574 habere
1696 3536 1752 3583 his
1775 3563 1786 3580 ‚
1808 3547 1890 3583 qua:
1918 3544 2091 3581 apparent
2113 3545 2123 3568 :
2149 3531 2220 3569 Sed

1277 3588 1464 3637 quomodo
1494 3588 1634 3624 dicatur
1667 3586 1755 3623 illud
1792 3586 1861 3623 effe
1903 3584 2118 3633 principium
2137 3607 2149 3624 ,
2178 3581 2221 3615 ad

1278 3638 1377 3686 quod
1395 3649 1448 3673 tot
1464 3637 1613 3674 absurda
1628 3634 1941 3685 sequuiitut?Non
1954 3633 2064 3668 credo
2082 3630 2223 3669 Aristo-

1279 3688 1410 3724 telem.
1442 3687 1642 3724 positurum
1665 3687 1767 3724 suill‘e
1790 3684 1937 3733 aliquod
1961 3683 2223 3730 complexum-0

1280 3736 1348 3773 effe
1363 3738 1577 3785 principium
1594 3751 1664 3773 non
1679 3738 1790 3773 solum
1803 3740 1955 3784 primum
1971 3757 1985 3777 ‚
2012 3732 2071 3768 sed
2086 3744 2151 3769 nec
2164 3731 2222 3765 de.

1281 3789 1413 3822 cimum
1428 3813 1438 3828 ‚
1465 3799 1509 3822 ex
1526 3799 1602 3834 quo
1616 3789 1650 3824 in
1664 3790 1788 3825 multis
1806 3785 2045 3833 singularibus
2071 3784 2217 3820 eviden-

1483 3837 1498 3873 Ι
1528 3846 1547 3875 2.
2121 3832 2174 3865 tin

2224 403 2291 437 D.9.
2301 403 2413 440 metaph

2226 451 2255 477 q.
2273 453 2354 478 '‘i-⁰·
2379 451 2424 475 14·

2228 481 2256 507 δ(
2283 490 2313 508 n.
2339 480 2422 508 iffi&

2225 517 2303 557 seqq.

2254 3364 2284 3390 9·
2298 3365 2455 3399 metapnvc.

2254 3403 2284 3431 q·
2301 3407 2347 3433 ις.
2370 3408 2455 3429 cit-n.

2253 3441 2305 3469 ²1·
