2628 4026
384 144 484 197 396

940 132 1122 179 Summae
1154 126 1354 198 Joannz's
1397 130 1527 177 Dum
1544 127 1661 178 Scoti

591 263 1676 418 QUAESTIO
1791 262 2041 375 CX*

402 451 510 505 DE
545 449 843 506 GRATIA
879 447 1018 503 DEI
1054 445 1444 514 QUANTuM
1480 446 1594 499 AD
1619 442 1777 509 EJUS
1801 442 2234 499 ESSENTIAM

572 587 655 623 1N
704 576 1118 631 QVATVOR
1169 575 1671 616 ARTICVLOS
1724 575 2060 619 DIVISA.

630 696 777 737 Deinde
785 694 1071 742 considerandum
1087 691 1140 730 ef?
1153 691 1327 739 degrate'a
1341 693 1418 730 Dei
1441 703 1617 740 quantum
1641 692 1693 730 ad
1714 691 1792 742 ejus
1801 694 2001 745 effi’ntiam.

443 812 534 850 ET
585 811 837 852 CIRCA
890 809 1052 849 HOC
1119 806 1663 861 QVAERVNTVR
1715 810 2117 859 QVATV'OR
2157 837 2167 848 .

830 928 861 964 1.
964 927 1103 963 Utrum
1115 927 1226 972 gratia
1241 935 1349 971 ponat
1367 927 1507 975 aliquid
1521 929 1560 964 in
1577 927 1696 964 anima
1712 953 1724 965 .

831 977 883 1014 li.
961 978 1098 1013 Utrum
1110 977 1224 1023 gratia
1236 978 1274 1012 fit
1287 976 1444 1023 qualitas
1459 1005 1469 1015 .

833 1027 906 1063 ΙΙΙ.
959 1028 1095 1065 Utrum
1111 1027 1227 1076 gratia
1244 1026 1384 1064 differat
1400 1042 1418 1064 a
1433 1032 1569 1068 virtute
1583 1027 1701 1068 infusa
1716 1056 1724 1065 .

838 1076 903 1116 IV.
957 1080 1012 1118 De
1028 1076 1190 1126 subjeeto
1201 1080 1322 1127 gratiae
1338 1105 1350 1115 .

516 1212 989 1252 A‘RTlcVLVS
1058 1211 1090 1248 Ι.

382 1321 520 1359 Urtum
534 1317 645 1363 gratia
658 1316 727 1352 Dei
740 1326 849 1364 ponat
863 1313 1003 1361 aliquid
1031 1314 1068 1349 in
1090 1312 1207 1349 anima
1222 1337 1234 1346 .

407 1422 537 1461 Doffor
559 1429 587 1452 r·
603 1414 681 1463 dist.
703 1426 760 1460 17.
773 1428 808 1463 q.
829 1428 858 1453 1.
875 1411 1210 1462 utriusquescripti

510 1472 552 1508 S.
574 1466 695 1503 Thcm.
717 1479 746 1503 ι.
765 1478 801 1504 2.
818 1479 853 1516 q.
874 1477 955 1502 110.
985 1473 1059 1500 art.
1078 1476 1108 1501 1.

597 1568 793 1606 IDETVR
824 1567 938 1612 gratia
960 1576 1032 1601 non
1062 1576 1193 1612 ponere
1223 1563 1287 1599 ali-

348 1626 395 1654 ·--⁸.
461 1627 469 1650 ι’
527 1635 563 1664 ,z
604 1620 695 1667 quid
710 1621 743 1655 in
759 1619 876 1653 anima
895 1642 904 1652 .
922 1619 1015 1653 Nam
1041 1616 1130 1651 ficut
1160 1612 1194 1650 se
1222 1614 1288 1649 ha-

350 1682 353 1683 ’
375 1672 409 1710 ρ’
521 1663 566 1709 (¹
606 1672 665 1706 bet
685 1670 786 1706 εἵως
809 1668 983 1704 naturalis
1012 1665 1055 1701 ad
1084 1665 1286 1700 habituum,

342 1686 441 1783 ⁶2³,ss
485 1706 567 1779 [ὧῗξ
607 1721 852 1766 acquifitum3
879 1719 926 1752 ita
942 1716 976 1753 sc
989 1716 1095 1752 habet
1108 1715 1209 1752 aetus
1222 1715 1287 1750 ha-

373 1761 397 1787 i*
433 1779 445 1794 '⁴¹¹
511 1770 547 1798 *d
608 1772 707 1807 bitus
725 1769 829 1807 infufi
844 1795 856 1811 ,
871 1767 915 1803 ad
928 1768 1093 1803 habitum
1111 1766 1283 1804 infusum:

336 1825 405 1864 Sed
420 1825 567 1861 habitus
583 1822 779 1869 acquisitus
792 1830 930 1855 tantum
944 1817 1093 1853 facilitat
1107 1844 1116 1859 ‚
1133 1818 1284 1854 tribuit-

336 1887 408 1922 que
421 1876 563 1924 operari
579 1871 840 1909 delectabiliter
856 1896 868 1912 ,
888 1880 962 1904 non
978 1880 1066 1903 vero
1081 1868 1141 1904 dit
1170 1867 1283 1916 ipsam

336 1926 571 1963 substantiam
589 1923 715 1963 ῑιὲὶιιες
746 1933 833 1967 ergo
845 1921 977 1968 pariter
991 1918 1180 1955 &infusus
1198 1932 1286 1965 prae-

337 1977 405 2013 eise
419 1978 595 2013 tribueret
619 1973 874 2009 delestabiliter
895 1970 1060 2016 operari,
1088 1970 1111 2005 fi
1142 1969 1284 2006 adeffet:

337 2021 985 2074 Atquipeccatornuperjustificatus
1001 2032 1073 2056 non
1098 2023 1284 2067 experitur

337 2078 547 2113 facilitatem
574 2077 666 2111 hanc
691 2077 726 2110 in
749 2071 923 2109 eliciendo
945 2070 1061 2105 aetum
1093 2071 1290 2107 dileetionis

339 2128 462 2175 divine
475 2154 483 2163 .
502 2128 562 2163 Sic
577 2127 669 2161 enim
687 2124 750 2170 ipsi
763 2123 812 2158 est
825 2121 964 2156 difficile
990 2120 1147 2156 resistere
1172 2122 1289 2162 vitiis,

339 2179 476 2225 quibus
494 2176 645 2212 assuevit
661 2201 673 2217 ,
701 2175 736 2209 &
761 2173 894 2218 exequi
919 2171 1014 2204 bona
1039 2182 1174 2217 opera,
1200 2171 1290 2207 ficut

340 2242 422 2265 cum
441 2228 521 2264 effer
537 2228 570 2261 in
589 2226 748 2273 peccatis
765 2252 773 2260 .
792 2219 999 2272 Qousque
1031 2234 1091 2268 per
1117 2233 1290 2266 pugnam,

340 2282 375 2317 &
390 2278 576 2314 vffitoriam
591 2275 784 2320 passlonum
798 2272 963 2307 habitum
981 2270 1290 2314 acquifierir.Non

341 2330 389 2367 est
416 2331 523 2376 igitur
547 2325 784 2361 adstruendus
813 2321 944 2366 aliquis
967 2319 1112 2355 habitus
1140 2320 1292 2365 desuper

340 2382 448 2417 datus
464 2380 522 2427 ipli
537 2373 734 2423 justificato
748 2400 760 2416 ,
772 2374 858 2421 quia
874 2382 917 2406 eo
933 2369 1191 2406 delcetabiliter
1205 2380 1311 2419 opc·,

345 2442 487 2468 raretur
503 2456 511 2470 ,
538 2428 561 2465 st
580 2424 701 2462 ineffet
718 2451 727 2461 .

444 2482 619 2516 Praeterea
637 2504 645 2517 ‚
659 2475 694 2512 Si
710 2473 957 2511 ostenderetur
974 2473 1156 2508 voluntati
1173 2472 1208 2506 in
1224 2482 1293 2518 pu-

347 2534 394 2570 ris
405 2530 633 2567 naturalibus
662 2525 830 2564 existenti
874 2524 1010 2560 bonum
1041 2522 1292 2570 supernatura·

348 2584 380 2619 le
397 2607 405 2620 ‚
430 2581 526 2617 haud
549 2579 703 2615 dubium
743 2575 831 2612 illud
870 2587 1004 2612 amaret
1033 2587 1046 2615 ;
1079 2572 1293 2610 sufficienter

343 2635 436 2669 enim
454 2631 536 2667 effet
554 2631 617 2666 fibi
629 2627 812 2675 objeetum
826 2627 1115 2674 approximatum
1131 2651 1142 2667 ,
1157 2623 1191 2658 &
1209 2635 1293 2670 pro-

341 2685 593 2732 portionatum
614 2694 624 2721 ;
653 2690 740 2726 ergo
751 2690 822 2714 non
835 2678 1032 2724 requiritur
1046 2675 1178 2721 aliquis
1194 2674 1296 2710 habi.

343 2745 402 2771 tus
417 2732 559 2769 infusus
573 2731 615 2768 ad
628 2729 850 2776 diligendum
865 2730 1000 2764 bonum
1018 2725 1295 2774 supernaturale.

344 2784 579 2830 Affumptum
597 2784 771 2828 probatur
787 2794 798 2822 3
816 2780 902 2827 quia
917 2779 938 2814 si
955 2781 1072 2815 minus
1083 2778 1217 2812 bonum
1231 2787 1299 2810 vo-

345 2835 475 2872 luntari
489 2832 666 2870 ostensum
683 2830 798 2881 potest
812 2833 856 2866 ab
872 2828 944 2877 ipsa
961 2829 1032 2865 suis
1047 2828 1186 2865 viribus
1210 2825 1299 2861 dilio

345 2888 380 2932 gi
401 2900 412 2927 ;
436 2896 524 2930 ergo
543 2884 658 2920 multo
675 2883 835 2930 magis&
853 2879 972 2927 majus
989 2907 999 2923 ‚
1030 2880 1086 2915 vel
1117 2877 1294 2914 summum

346 2940 481 2973 bonum
498 2961 506 2969 .

451 2987 624 3021 Praeterea
645 3006 655 3023 ,
679 2983 796 3021 Afilus
825 2981 882 3016 ille
906 2980 1104 3026 diligendi,
1133 2979 1196 3025 qui
1221 2977 1296 3013 de,

345 3037 472 3073 habitu
492 3035 651 3082 prodiret
679 3033 963 3081 supernaturali.
995 3032 1098 3066 ctiam
1122 3030 1210 3063 foret
1239 3028 1295 3063 su-

349 3086 583 3133 pernaturalis
601 3111 610 3125 ,
635 3095 742 3131 atque
767 3087 813 3120 ita
855 3081 1058 3117 immediate
1098 3089 1293 3116 crearetur.

349 3132 641 3181 Supernatarslia
671 3136 764 3171 enim
799 3147 869 3170 non
895 3131 1146 3179 producuntur
1177 3130 1208 3163 iu
1231 3128 1295 3176 eſj'e

349 3200 412 3234 per
430 3188 662 3221 mutationem
682 3185 724 3220 dc
741 3188 862 3231 aliquo
879 3195 888 3217 :
907 3184 944 3218 Si
961 3194 1078 3217 autem
1108 3192 1168 3228 per
1197 3191 1295 3215 crea-

350 3240 483 3272 tionem
498 3236 703 3283 accipiteſjb
726 3237 859 3275 aflu33
891 3234 1002 3277 igitur
1034 3243 1105 3269 nou
1137 3228 1294 3278 praesup-

351 3288 449 3336 ponit
467 3286 664 3332 quidquam
678 3286 744 3321 suae
756 3284 929 3321 creationi
943 3308 952 3317 .

458 3338 629 3371 Praeterea
648 3361 658 3377 ,
692 3337 840 3373 Habitu
863 3335 1037 3377 contingit
1068 3334 1125 3368 uti
1150 3358 1161 3374 ,
1187 3342 1294 3366 cum„

355 3389 482 3423 hahens
513 3388 666 3422 voluerit
683 3397 695 3424 z
711 3387 776 3422 Sed
803 3398 872 3421 nou
895 3385 1075 3426 experitur
1103 3383 1184 3427 quis
1202 3407 1211 3421 ,
1238 3380 1298 3419 se>

357 3437 514 3486 possenti
529 3437 655 3471 habitu
670 3436 854 3471 charitatis
869 3461 879 3475 ‚
901 3445 981 3467 cum
1011 3433 1190 3469 voluerit.
1212 3435 1297 3467 Non

358 3489 446 3523 enin·
463 3489 607 3532 quoties
626 3489 782 3522 volucrit
801 3514 811 3528 ,
840 3482 954 3531 potest
980 3483 1128 3517 faciliter
1145 3509 1154 3523 ‚
1183 3484 1214 3517 ἃ
1242 3482 1302 3517 de-

357 3538 705 3574 loetabilircrclicere
723 3535 822 3572 aflus
842 3536 1020 3570 ferventes
1034 3534 1174 3569 amancii
1191 3536 1306 3568 Deum

359 3589 445 3624 sicut
467 3599 561 3633 patet
578 3588 621 3624 de
654 3584 944 3631 contemplativis
965 3611 973 3625 ‚
999 3584 1061 3629 qui
1085 3584 1306 3629 quandoque

358 3640 600 3685 experiuntur
616 3666 626 3682 ,
640 3639 671 3675 se
688 3650 850 3681 magnam
869 3635 1000 3670 habere
1018 3634 1305 3675 deit-&hrinnt-m,

358 3688 578 3735 quandoque
598 3702 682 3726 vero
700 3717 710 3733 ,
735 3689 839 3724 ctiam
857 3687 986 3732 aequali
1006 3712 1015 3727 ‚
1035 3686 1092 3720 vel
1108 3685 1231 3730 majori
1246 3684 1306 3719 ad-

359 3740 476 3776 hibito
506 3752 636 3776 conatu
656 3768 667 3784 ‚
701 3740 871 3777 minorem
896 3764 908 3780 ,
943 3736 998 3773 vel
1030 3737 1164 3772 nullam
1196 3736 1309 3784 perci-

365 3803 444 3837 pere
461 3818 470 3826 .

1459 1214 1598 1251 Contra
1612 1241 1624 1259 ‚
1651 1215 1881 1264 Augustinus
1905 1225 1979 1266 cap.
2007 1229 2046 1266 4.
2071 1217 2117 1254 de
2154 1217 2309 1254 moribus

1357 1263 1515 1312 Ecclestae
1531 1293 1540 1308 ,
1565 1267 1784 1314 pertraetans
1797 1271 1885 1306 illud
1897 1270 1940 1305 ad
1961 1271 2070 1307 Rom.
2087 1271 2122 1306 8.
2141 1268 2235 1319 Quis
2249 1281 2310 1305 nor

1347 1316 1533 1363 separabit
1557 1329 1577 1352 a
1605 1317 1785 1354 charitate
1807 1319 1977 1366 Christi?
2009 1321 2084 1360 &aa
2117 1319 2309 1362 Charitas,

1354 1366 1476 1409 inquit
1489 1393 1499 1408 ‚
1528 1366 1604 1401 Dei
1615 1367 1673 1401 hir
1684 1368 1775 1404 ditia
1789 1372 1837 1406 el}
1849 1374 1968 1407 virtus
1983 1398 1995 1414 ,
2022 1383 2097 1420 quae
2110 1372 2222 1407 animi
2245 1381 2310 1406 no-

1352 1416 1422 1467 stri
1433 1415 1614 1461 reHiffima
1629 1416 1676 1464 est
1686 1411 1820 1463 affiefiib
1830 1448 1839 1457 .

1463 1466 1699 1514 Responde0‚
1729 1469 1921 1508 dicendum
1939 1500 1951 1515 ‚
1975 1482 2142 1520 oportere
2153 1470 2304 1504 omnino

1362 1518 1594 1563 Deigratiam
1608 1517 1675 1554 effe
1690 1519 1827 1567 aliquid
1840 1524 1874 1559 in
1892 1527 2008 1560 anima
2024 1549 2035 1564 ,
2066 1532 2194 1566 nempe
2205 1518 2313 1554 habi-

1361 1578 1441 1605 tum
1454 1570 1486 1604 ei
1499 1569 1730 1605 inhaerentem
1742 1597 1754 1613 ,
1782 1583 1822 1607 ac
1838 1573 1984 1611 dantem
2001 1574 2064 1609 {ibi
2090 1571 2311 1620 spiritualem

1361 1618 1526 1656 decorem
1540 1646 1549 1660 ,
1560 1629 1707 1667 propter
1722 1633 1829 1668 quem
1841 1626 1949 1660 etiam
1962 1626 2111 1672 quando
2121 1620 2207 1657 nihil
2224 1632 2312 1667 ope-

1361 1680 1461 1706 ratur
1474 1696 1486 1712 ,
1514 1669 1563 1706 est
1577 1672 1656 1706 Deo
1671 1682 1773 1716 grata
1785 1699 1797 1714 ‚
1823 1674 1940 1721 ficque
1954 1687 2098 1716 accepta
2114 1699 2123 1713 ‚
2143 1682 2184 1706 ut
2200 1672 2310 1715 digna

1361 1731 1550 1768 reputetur
1561 1720 1636 1755 vita
1649 1731 1770 1767 eterna
1789 1748 1798 1757 .
1813 1725 2019 1760 Declaratio
2037 1723 2201 1763 :Nullus
2217 1721 2312 1756 dici-

1359 1781 1419 1807 tur
1438 1771 1636 1808 formaliter
1648 1782 1754 1816 agere
1766 1773 1887 1820 aliqua
1903 1775 2041 1812 afflone
2057 1801 2071 1819 ‚
2091 1773 2153 1809 nili
2171 1772 2310 1819 princi·

1357 1822 1458 1869 pium
1471 1822 1549 1858 talis
1560 1819 1710 1857 aetionis
1725 1823 1763 1858 fit
1779 1822 1893 1860 forma
1924 1828 2044 1870 agenti
2074 1852 2083 1861 .
2112 1825 2201 1859 Haec
2223 1833 2312 1869 pro-

1359 1872 1489 1918 pofitio
1500 1872 1673 1919 accipitur
1691 1884 1735 1908 ex
1753 1884 1786 1908 2.
1805 1874 1848 1910 de
1865 1877 2004 1913 Anim.
2027 1885 2102 1913 tex.
2114 1886 2150 1919 4.
2172 1871 2218 1912 ἀπ’
2250 1883 2309 1908 21.

1357 1924 1477 1959 ubiex
1491 1934 1558 1963 eo,
1584 1922 1685 1968 quod
1699 1924 1816 1959 anima
1848 1926 1896 1961 est
1912 1953 1922 1969 ,
1954 1938 2025 1972 qua
2055 1926 2217 1961 vivimus
2232 1949 2241 1963 ‚
2273 1921 2311 1957 Sc

1359 1972 1529 2009 sentimus
1543 2000 1554 2015 ,
1577 1971 1670 2007 reeb
1687 1975 1921 2012 concluditur
1933 1978 2086 2012 animam
2113 1972 2179 2009 ess:
2200 1972 2313 2008 debe-

1359 2036 1394 2059 re
1411 2024 1530 2060 aetum
1546 2025 1579 2059 8<
1598 2021 1744 2058 formam
1758 2023 1802 2059 fic
1813 2028 1950 2071 agentis
1965 2053 1974 2062 .
1989 2026 2174 2073 Quoniam
2196 2023 2313 2069 igitur

1364 2074 1547 2110 meritoria
1561 2074 1726 2119 operatio
1743 2073 1792 2109 est
1820 2075 1980 2113 hominis
1999 2089 2061 2124 per
2086 2076 2314 2110 voluntatem

1362 2124 1543 2171 operantis
1559 2149 1570 2165 ,
1599 2123 1633 2158 id
1648 2135 1724 2170 quo
1742 2127 1926 2162 meritorie
1947 2136 2118 2172 operatur
2141 2124 2181 2159 {it
2207 2135 2316 2171 opor-

1364 2185 1415 2210 tet
1435 2172 1546 2209 forma
1560 2174 1738 2208 meritorie
1752 2177 1891 2220 agentis
1921 2202 1930 2211 .
1954 2179 2037 2213 Hoc
2060 2185 2178 2212 autem
2201 2198 2213 2215 ,
2236 2184 2315 2220 quo

1363 2223 1546 2259 meritorie
1568 2224 1642 2267 agit
1656 2249 1666 2264 ‚
1697 2223 1765 2259 esse
1797 2226 1924 2271 nequit
1950 2239 2040 2273 pura
2070 2235 2198 2261 natura
2225 2249 2235 2258 .
2272 2221 2312 2258 id

1364 2274 1458 2309 enim
1477 2271 1646 2307 afferebat
1669 2273 1834 2318 Pelagius
1852 2274 2043 2312 haereticus
2060 2302 2072 2317 ‚
2100 2285 2228 2321 nempe
2255 2285 2316 2307 ria-

1365 2333 1482 2357 turam
1500 2320 1571 2356 suis
1586 2321 1724 2357 viribus
1738 2322 1833 2368 posl'e
1850 2325 1961 2361 vitam
1980 2336 2146 2361 aeternam
2175 2334 2318 2371 prome-

1365 2372 1436 2409 reri
1456 2384 1467 2413 3
1496 2383 1583 2418 ergo
1597 2373 1791 2418 requiritur
1804 2376 1954 2410 omnino
1984 2374 2122 2423 aliquid
2150 2373 2318 2420 superna-

1366 2423 1483 2458 turale
1501 2422 1724 2459 animaedans
1738 2435 1905 2461 ornatum
1934 2427 1968 2461 8<
1994 2426 2159 2462 decorem
2178 2450 2189 2465 ‚
2209 2423 2317 2468 eique

1365 2472 1517 2509 subinde
1528 2473 1714 2509 inhaerens.
1734 2473 1772 2508 ld
1790 2486 1908 2511 autem
1920 2475 1989 2512 effe
2003 2476 2130 2522 nequit
2144 2474 2314 2514 fides,aut

1364 2523 1470 2571 spes3
1496 2534 1577 2559 cum
1600 2523 1653 2559 hae
1683 2525 1836 2561 virtutes
1860 2538 2025 2562 maneant
2050 2527 2086 2562 in
2112 2534 2318 2573 peccatore,

1364 2575 1424 2611 nili
1442 2576 1631 2620 contingat
1647 2586 1774 2612 contra
1793 2588 1851 2612 eas
1864 2579 2004 2626 peccari
2022 2591 2034 2619 ;
2059 2587 2148 2623 ergo
2171 2585 2318 2624 oportet

1367 2637 1406 2661 ut
1420 2626 1459 2662 sit
1479 2625 1638 2662 charitas
1654 2652 1663 2661 .

1469 2675 1610 2712 Deinde
1630 2703 1641 2717 ,
1663 2677 1760 2712 nulla
1774 2677 1866 2713 aetio
1881 2678 1929 2714 est
1943 2680 1975 2715 in
1990 2679 2163 2727 potestate
2179 2675 2320 2724 agentis

1368 2726 1432 2763 nisi
1451 2727 1512 2763 sibi
1525 2727 1643 2775 presto
1658 2727 1697 2762 sit
1712 2727 1824 2765 forma
1839 2752 1853 2773 ‚
1881 2728 2076 2766 secundum
2089 2741 2198 2777 quam
2210 2739 2318 2772 agere

1370 2787 1480 2824 queat
1496 2802 1505 2812 .
1523 2781 1618 2815 Nam
1631 2778 1803 2816 sitantum
1821 2791 1883 2828 per
1896 2780 2046 2828 aliquod
2062 2779 2318 2820 extrinsecum,

1370 2829 1432 2864 libi
1446 2828 1667 2871 coaslistens,
1695 2830 1795 2875 quod
1812 2840 1883 2866 non
1900 2829 1951 2866 est
1968 2832 2002 2866 in
2020 2830 2196 2878 potestate
2211 2828 2319 2875 ipsius

1367 2890 1475 2925 agere
1492 2878 1587 2927 posse
1601 2880 1768 2921 dicatur-3
1798 2893 1836 2916 ea
1855 2880 1948 2917 aetio
1961 2892 2032 2918 non
2049 2881 2146 2917 estin
2159 2878 2320 2926 potesta-

1369 2941 1405 2965 te
1420 2928 1499 2975 ejus
1513 2956 1525 2972 ,
1546 2931 1602 2966 uti
1621 2942 1686 2966 nec
1701 2931 1931 2969 coaffistentia
1946 2933 2028 2968 talis
2044 2928 2230 2967 extrinseci
2261 2941 2320 2965 ca·

1372 2980 1423 3015 dit
1438 2979 1501 3017 sub
1530 2981 1637 3028 ipfius
1657 2982 1872 3028 potestatem
1898 3009 1907 3018 .
1928 2984 1997 3019 Sed
2019 2981 2192 3029 Spiritum
2224 2980 2321 3017 San-

1372 3030 1680 3067 &umcoaffistere
1705 3034 1884 3068 voluntati
1906 3033 1951 3067 ad
1973 3033 2194 3081 operandum
2212 3057 2224 3073 ,
2246 3043 2318 3067 non

1368 3081 1469 3117 estin
1490 3082 1645 3117 hominis
1678 3082 1852 3129 potestate
1876 3097 1885 3119 ε
1910 3083 2214 3129 quemadmodum
2237 3082 2319 3116 uni·

1365 3132 1492 3167 versum
1508 3133 1601 3168 aetio
1614 3132 1728 3168 causa:
1744 3133 1933 3180 superioris
1948 3145 2017 3169 non
2031 3134 2129 3169 estin
2143 3130 2318 3179 potestate

1366 3181 1477 3220 causae
1493 3183 1802 3230 inferiori33igitur
1817 3183 1838 3219 si
1859 3196 1902 3219 ex
1916 3183 1987 3219 sola
2004 3183 2180 3231 ejusmodi
2196 3180 2319 3218 coaffl-

2181 3234 2269 3269 sten.

1407 3292 1448 3323 (a)
1489 3294 1619 3323 Gratiam
1640 3293 1810 3323 habitualem
1823 3293 1876 3322 ess'e
1900 3294 2057 3332 ponendam
2081 3295 2107 3322 in
2122 3292 2213 3321 anima
2239 3294 2299 3329 justi
2311 3304 2322 3320 ν

1368 3339 1422 3367 qua
1434 3329 1541 3360 dicatur
1557 3334 1700 3361 meritorie
1715 3333 1823 3370 operari
1838 3351 1847 3360 .
1861 3332 1902 3361 ΕΠ
1917 3333 2009 3361 sermo
2021 3332 2139 3361 DoCtori
2152 3331 2186 3359 de
2196 3335 2322 3369 potentia

1370 3369 1426 3397 Dci
1437 3370 1487 3397 ord
1495 3372 1574 3399 'naria
1586 3391 1594 3399 .
1608 3372 1683 3398 Nam
1696 3372 1727 3399 in
1741 3372 1828 3399 altera
1842 3370 2020 3407 providentia
2032 3391 2042 3404 ‚
2067 3381 2123 3398 non
2137 3370 2174 3399 est
2198 3372 2323 3401 necessa.

1372 3408 1413 3436 ria
1426 3407 1482 3434 ulla
1496 3409 1612 3438 charitas
1625 3410 1651 3437 in
1663 3409 1754 3437 anima
1768 3409 1801 3437 ad
1821 3410 1962 3439 meritorie
1976 3410 2148 3447 operandum
2160 3428 2171 3437 .

1391 3485 1396 3491 Ι
1449 3447 1587 3492 Videndue
1601 3447 1702 3477 Mentis
1716 3452 1921 3486 3-p.q.67.m.1.
1936 3448 1981 3477 ubi
1994 3457 2096 3483 notat,
2112 3448 2177 3478 osto
2191 3448 2243 3478 effe
2256 3459 2321 3489 gra-

1375 3494 1420 3513 tlae
1434 3493 1608 3524 acceptione<
1619 3503 1630 3510 -

1417 3523 1465 3558 (b)
1504 3525 1634 3553 Putantes
1646 3523 1768 3553 sufficere
1795 3524 2006 3554 coaffistenriam
2031 3527 2148 3564 Spiritus
2173 3526 2262 3554 SanGi
2287 3527 2322 3555 ad

1379 3561 1500 3603 :unimam
1512 3564 1580 3591 citra
1595 3562 1682 3590 ullum
1696 3563 1818 3592 habitum
1831 3563 1971 3592 chariratis
1984 3565 2017 3594 ad
2031 3565 2172 3593 meritorie
2186 3563 2324 3603 agendum

1379 3600 1420 3626 ln<
1433 3601 1586 3629 rationibus
1601 3600 1742 3640 redarguit
1754 3603 1868 3631 Scotur.
1881 3602 1932 3631 Sed
1955 3604 1989 3632 de
2016 3605 2070 3632 hoe
2093 3599 2210 3639 ampliu}
2224 3613 2250 3631 ι.
2264 3613 2324 3639 z.q.

1383 3646 1414 3669 ιζ
1442 3648 1498 3666 art.
1514 3650 1540 3668 ι.
1553 3641 1638 3676 Quod
1652 3641 1677 3666 8<
1692 3649 1798 3668 tenetur
1809 3642 1996 3670 communiter
2010 3642 2043 3670 ab
2056 3642 2184 3670 omnibur
2195 3643 2324 3671 §colani-

1382 3677 1419 3704 cis
1433 3694 1443 3708 ‚
1467 3677 1641 3708 afferentibus
1653 3678 1816 3715 quibusdan.
1827 3679 1887 3718 post
1898 3679 2094 3709 Tridentinum
2110 3679 2168 3718 fiff
2182 3685 2210 3708 6.
2222 3690 2282 3719 cap.
2295 3691 2324 3713 7·

1383 3715 1540 3752 oppositum
1555 3717 1607 3745 ess'e
1618 3726 1717 3746 eontra
1730 3717 1812 3745 fidem
1835 3737 1843 3746 .
1869 3717 1921 3746 Sed
1942 3717 2011 3747 infra
2035 3729 2062 3756 q.
2081 3727 2208 3752 εις-αντ·
2222 3727 2249 3746 ²·
2271 3721 2323 3748 crit

1381 3753 1472 3819 ¹sermo
1487 3755 1724 3792 deJustificatione
1738 3756 1838 3795 ''mplt'3
1858 3766 1917 3793 qux
1932 3756 1961 3785 fit
1975 3757 2151 3798 pergratiam
2171 3757 2269 3786 anima
2283 3759 2327 3787 in-

1391 3802 1527 3821 urentem
1545 3813 1552 3821 ο

2416 2687 2479 2735 (b)
