2628 4026
415 210 435 238 2
446 210 472 251 7
482 195 505 239 8
995 190 1176 236 Summe

440 263 614 295 Praeterea
629 283 639 298 ,
665 255 847 305 Quemvis
862 251 958 290 nullo
969 252 1105 291 homine
1123 254 1280 300 sapiente

338 308 552 353 :efflorefiat
567 307 657 343 atius
669 306 765 345 homo
776 304 933 340 deterior
943 314 982 338 ut
993 306 1039 339 ait
1051 303 1278 350 Augustinus

342 361 399 407 83.
418 374 472 408 qq.
493 371 528 406 q.
541 368 573 404 3.
591 368 778 406 propterea
794 354 893 401 quod
910 364 1052 391 tenetur
1070 367 1176 399 agere
1192 364 1280 388 con-

339 409 502 447 sentanee
516 407 559 443 ad
571 408 733 444 mandata
750 405 909 449 divina,a
921 405 1056 450 quibus
1069 403 1280 444 desciscens,

340 464 507 498 evaderet
523 459 701 505 insipiens.
715 455 883 496 Attamen
899 456 934 490 in
955 456 1020 494 Dei
1037 455 1212 502 potestate
1228 451 1279 488 est

339 514 451 550 libere
465 509 648 556 cooperari
663 505 840 541 voluntati
854 515 979 539 creatas
994 505 1038 539 ad
1057 508 1144 541 bene
1173 515 1280 550 agen-

341 564 426 599 dum
442 589 452 605 ,
469 562 523 597 vel
539 571 607 594 non
622 557 828 604 cooperari:
845 566 929 601 ergo
941 553 1017 600 ipso
1031 556 1125 590 ret‘ste
1137 565 1279 594 monen-

341 625 377 649 te
395 640 404 655 ,
433 611 563 660 poterit
578 620 647 644 non
662 602 849 652 cooperari
864 606 1038 648 voluntati
1054 616 1191 640 creatae;
1206 614 1281 650 quo

341 666 377 699 in
397 663 491 698 facto
508 659 578 705 ipsa
596 658 755 705 peccabit
774 679 782 688 .
800 653 887 699 Ejus
903 666 1022 688 autem
1050 654 1280 702 obliquitatis

343 712 449 750 cansa
462 710 511 747 est
528 710 694 745 voluntas
712 706 825 752 prima
837 726 849 743 ‚
874 716 955 750 quae
972 702 1133 740 secundae
1150 716 1282 750 coope÷

343 765 411 802 rari
429 762 541 799 noluit
556 771 620 806 pro
633 757 685 794 sui
699 755 860 802 suprema
885 753 1111 788 dominativa
1129 753 1282 802 potesta-

345 827 381 851 te
397 838 407 849 .

444 858 690 897 Confirmatur
705 881 717 897 ,
741 851 1059 901 Quemadmodum
1078 855 1178 890 Deus
1206 863 1284 889 tan-

343 926 453 962 quam
482 910 591 956 prima
619 905 720 942 causa
733 931 745 947 ‚
773 906 870 951 prius
895 905 1106 939 naturaliter
1144 905 1218 950 agit
1239 902 1282 946 ad

343 964 516 1000 actionem
534 957 663 992 reetam
680 982 690 997 ,
712 968 820 1002 quam
834 966 952 999 creata
964 955 1132 992 voluntas
1150 981 1162 997 ‚
1183 955 1232 990 ita
1249 955 1283 989 in

346 1013 448 1051 faeiis
460 1009 579 1057 pravis
591 1007 733 1045 videtur
746 1006 845 1043 Deus
857 1006 957 1052 prius
968 1016 1038 1048 non
1049 1017 1283 1052 agere,quam

345 1072 462 1100 creata
475 1059 646 1094 voluntas
662 1069 732 1092 non
748 1067 830 1101 agat
849 1070 860 1098 ;
876 1054 931 1101 Est
944 1056 1056 1102 igitur
1070 1067 1156 1092 tunc
1171 1057 1284 1106 prima

345 1112 449 1151 causa
463 1110 582 1146 auti-ix
596 1108 675 1155 ejus
687 1108 915 1154 obliquitatis
927 1129 940 1142 .

359 1158 361 1160 ’
444 1163 583 1197 Contra
598 1186 608 1201 ‚
636 1158 790 1205 August.
809 1159 934 1204 83.qq.
952 1169 986 1204 q.
1005 1165 1066 1193 21.
1083 1159 1210 1204 probat
1240 1169 1286 1194 ex

341 1212 512 1251 sententia
524 1237 536 1252 ,
567 1210 685 1245 Deum
699 1220 770 1243 non
784 1207 850 1244 effe
862 1208 944 1244 mali
959 1209 1067 1243 ullius
1081 1209 1287 1250 authorem,

342 1264 392 1303 est
405 1265 499 1300 enim
514 1261 639 1306 auctor
650 1260 812 1296 omnium
825 1285 837 1301 ‚
848 1271 927 1306 quae
941 1257 1020 1293 sunt
1036 1273 1048 1299 ;
1064 1270 1210 1307 peccare
1223 1272 1286 1295 au,

340 1328 414 1353 tem
428 1312 578 1350 deficere
590 1310 638 1347 est
659 1324 670 1352 3
694 1322 804 1356 quare
818 1311 863 1344 ad
885 1310 982 1344 illum
1009 1311 1187 1355 pertinere
1216 1321 1287 1346 non

339 1364 454 1416 potest
467 1364 501 1399 id
519 1389 530 1405 ,
557 1375 618 1410 per
634 1361 732 1407 quod
745 1360 856 1396 tendit
870 1368 995 1394 natura
1011 1370 1131 1395 creata
1155 1361 1192 1396 in
1215 1371 1288 1396 non

342 1415 423 1463 effe.
442 1416 492 1450 At
506 1413 625 1454 effe‚&
642 1414 675 1447 in
691 1411 789 1446 nullo
800 1409 1108 1451 deficere,bonum
1123 1410 1288 1446 est.Cum

341 1460 456 1512 i’girur
470 1465 599 1508 malum
613 1463 651 1498 sit
667 1461 819 1497 deficere
832 1474 845 1501 3
870 1462 997 1506 utique
1017 1461 1117 1495 illum
1146 1472 1289 1508 quem.»

344 1529 411 1553 non
422 1514 485 1563 effe
499 1527 571 1551 non
584 1513 737 1561 pertinet
755 1538 767 1554 ,
794 1511 897 1547 causa
919 1510 1109 1546 deficiendi
1137 1510 1289 1547 existere

343 1579 415 1604 non
433 1564 546 1613 potest
561 1592 570 1606 ,
592 1566 676 1611 quia
693 1561 823 1598 effendi
837 1559 940 1596 causa
954 1562 1002 1595 est
1030 1585 1040 1596 .
1065 1561 1157 1596 Boni
1176 1562 1289 1607 igitur

343 1615 598 1653 tantummodo
612 1611 715 1649 causa
729 1613 778 1648 est
793 1637 805 1653 ,
832 1613 865 1647 8(
883 1621 1075 1658 propterea
1101 1609 1171 1658 ipse
1193 1611 1290 1647 sum-

343 1680 440 1704 mum
457 1668 590 1701 bonum
608 1664 655 1699 est
669 1691 676 1699 .

446 1714 672 1763 RespondeO,
686 1713 895 1753 dicendum,
912 1714 1031 1748 Deum
1046 1711 1131 1748 mali
1146 1712 1289 1749 causam

342 1769 377 1804 8<
393 1767 578 1802 authorem
594 1768 731 1812 peccati
749 1776 814 1800 nec
829 1763 896 1798 esse
912 1788 923 1804 ,
941 1773 1006 1797 nec
1019 1761 1088 1796 dici
1102 1763 1214 1810 poffe3
1229 1763 1290 1800 sed

345 1816 480 1853 inillud
495 1816 647 1852 influere
674 1814 818 1863 ptaecise
839 1814 1068 1848 voluntatem
1098 1825 1253 1850 creatam
1269 1826 1288 1848 a

344 1869 443 1904 retro
458 1868 582 1903 ordine
593 1865 818 1912 deficientem
831 1881 845 1905 5
869 1865 974 1909 eique
987 1873 1177 1910 propterea
1190 1866 1293 1901 mali·-

341 1920 428 1957 tiam
446 1914 589 1952 omnem
602 1914 873 1952 attribuendam
898 1911 987 1955 esse,
1015 1913 1060 1948 ab
1086 1926 1126 1948 ea
1155 1917 1290 1963 qnippe

344 1969 393 2005 est
410 1998 418 2005 .
435 1967 666 2003 Declaratio:
689 1966 746 2004 Ad
762 1965 934 2000 rationem
953 1963 1135 1999 formalem
1151 1969 1291 2012 peccati

343 2019 538 2056 necessario
551 2017 761 2062 intelligitur
774 2015 928 2063 speetare
943 2014 1079 2049 aversio
1093 2015 1138 2049 ab
1166 2016 1292 2051 ultimo

345 2070 438 2106 fine:
457 2069 558 2114 atqui
573 2067 649 2102 fieri
661 2079 731 2102 non
750 2064 863 2112 potest
879 2076 917 2100 ut
937 2066 1035 2101 Deus
1053 2076 1072 2101 a
1103 2063 1139 2106 se
1149 2077 1290 2106 averra-

350 2132 410 2156 tur
423 2119 618 2160 formaliter
645 2131 654 2153 :
680 2120 762 2154 Hoc
774 2115 870 2151 enim
899 2115 1059 2149 eveniret
1087 2114 1110 2149 fi
1139 2114 1290 2162 seipsum

346 2171 482 2206 summe
498 2169 531 2204 8(
546 2163 707 2203 ordinate
721 2178 793 2202 non
808 2165 970 2206 diligeret
987 2190 997 2206 ,
1028 2165 1060 2199 8(
1079 2175 1162 2200 cum
1176 2167 1293 2200 omni·

347 2223 416 2257 bus
429 2218 707 2256 circumstantiis
719 2214 892 2264 requisitis
909 2239 917 2248 .
935 2214 1146 2260 impossibile
1161 2214 1209 2251 est
1228 2228 1291 2251 au·

346 2280 419 2308 tem·
435 2272 657 2307 voluntatem
675 2267 812 2304 infinite
830 2263 961 2314 rectam
977 2263 1158 2306 infinitum
1191 2277 1289 2305 amo-

381 2387 425 2417 (a)
466 2378 608 2408 Sciendum
621 2395 631 2411 ‚
654 2376 808 2406 Haereticoe
822 2393 832 2408 .,
859 2373 903 2403 seu
928 2374 1058 2412 antiquos
1071 2392 1081 2407 ,
1107 2372 1154 2403 feu
1179 2373 1290 2404 moder.

344 2429 395 2448 nos
407 2437 417 2452 ‚
436 2418 529 2446 dixilse
546 2418 636 2445 Deum
649 2415 699 2444 effe
713 2414 824 2453 quidem
837 2413 945 2442 causam
970 2421 1147 2451 peccatorum
1163 2432 1172 2446 ,
1198 2421 1289 2451 qua„-e

343 2457 527 2486 obtenderent
541 2456 732 2483 excusationes
747 2454 772 2480 in
788 2461 905 2490 peccari<
920 2472 927 2480 .
942 2452 993 2481 Sed
1009 2453 1094 2488 ipsum
1111 2451 1181 2478 haud
1197 2453 1291 2488 proin-

345 2497 378 2524 de
392 2504 527 2532 peccarem
553 2493 629 2531 quod
643 2493 761 2521 evidenti
775 2492 883 2519 rarione
898 2491 1042 2518 ostendunt
1058 2488 1101 2518 hic
1123 2488 1150 2517 S.
1162 2489 1291 2517 Thomas

345 2538 372 2563 ὃ(
386 2534 494 2562 Docioi·
511 2552 518 2560 .
545 2535 580 2560 At
606 2532 710 2568 dogma
723 2530 785 2559 fidei
798 2530 834 2558 el}
848 2531 941 2559 Deum
955 2529 1077 2557 nostrum
1092 2528 1168 2557 nolle
1192 2527 1290 2566 iniqui-

345 2581 431 2603 tatem
445 2590 454 2604 7
478 2572 536 2599 imo
558 2571 626 2598 odio
640 2571 678 2599 illi
706 2569 755 2598 else
785 2568 902 2604 impium
917 2588 926 2601 ‚
962 2569 989 2606 ξιτ
1004 2568 1187 2605 ‘impietatem
1211 2569 1291 2602 ejus.

345 2610 469 2640 Difficile
483 2619 576 2638 minen
589 2609 623 2637 est
638 2608 775 2646 explicatu
789 2615 844 2647 qua
858 2608 965 2636 rarione
983 2607 1055 2645 Dcue
1069 2605 1126 2633 dfci
1150 2612 1269 2642 nequeat
1280 2625 1291 2638 ‚

348 2659 398 2676 iaec
413 2649 442 2676 iit
456 2647 533 2675 causa
548 2648 652 2685 peccati
664 2666 674 2679 9
698 2656 762 2674 cum
776 2645 803 2673 iit
821 2643 900 2672 causa
914 2646 1000 2683 prima
1014 2663 1024 2677 ‚
1048 2654 1094 2682 per
1106 2645 1181 2681 prius
1201 2644 1292 2671 subin-

347 2688 381 2714 de
397 2685 511 2714 induens
525 2686 550 2713 in
564 2695 677 2713 omnem
692 2684 820 2712 effatum
834 2682 976 2711 causat-uin
1004 2682 1184 2711 secundarum
1195 2701 1202 2708 .
1218 2681 1292 2722 Qi-

348 2725 414 2753 dam
428 2723 644 2762 Theologorun.
659 2728 668 2757 (
683 2724 715 2750 de
729 2731 786 2755 quo
800 2722 890 2749 aetum
910 2735 932 2750 i.
943 2731 1071 2760 p.q.i05-
1093 2729 1180 2756 art.4.
1193 2724 1227 2749 ΘΤ
1240 2726 1291 2761 ς.)

349 2773 379 2792 tit
393 2765 425 2790 ab
449 2766 497 2790 hac
521 2761 544 2790 se
561 2762 720 2799 expedirent
734 2759 899 2788 difficultate
912 2779 922 2793 ‚
955 2769 1089 2799 negarunt
1106 2760 1198 2786 Deuin
1222 2769 1292 2797 con-

348 2810 456 2829 currere
472 2810 535 2828 cum
549 2799 756 2837 operationibus
780 2798 863 2826 causae
876 2797 970 2826 liberte
987 2817 997 2831 ‚
1021 2798 1064 2827 sed
1087 2798 1149 2826 inde
1161 2796 1293 2828 salvum...

351 2838 492 2868 constitere
506 2839 631 2866 ordinem
646 2836 787 2865 causarum
799 2853 809 2868 ·‚
833 2838 898 2872 quia
917 2838 992 2866 Deus
1006 2837 1166 2864 immediate
1187 2835 1234 2873 effe
1246 2837 1293 2865 de·

350 2879 390 2906 dit
405 2876 486 2905 caulis
513 2875 570 2913 iplis
596 2877 684 2904 liberis
700 2876 858 2910 relinquens
870 2884 914 2902 eas
929 2876 954 2904 in
970 2885 1053 2904 manu
1076 2874 1180 2902 confilii
1193 2872 1231 2902 sui
1247 2872 1293 2904 seu

351 2916 456 2951 bonum
471 2915 579 2951 operari
594 2915 638 2943 seu
652 2913 756 2940 nialuni
767 2911 869 2949 eligere
886 2913 999 2941 mallent
1012 2933 1020 2941 .
1044 2915 1111 2951 Qia
1122 2912 1183 2940 sane
1198 2922 1227 2941 in
1238 2912 1292 2952 hy-

350 2954 456 2993 pothtfi
469 2954 501 2981 de
516 2953 588 2981 facili
605 2952 802 2989 intelligeretur
813 2967 824 2982 ι,
848 2952 924 2979 Deus
937 2960 985 2979 nec
1000 2952 1108 2979 causare
1126 2958 1270 2986 peccatum
1282 2971 1294 2986 ,

351 3003 401 3022 nec
417 2992 516 3020 author
531 2992 582 3018 dici
596 2991 671 3028 polle
687 2990 802 3017 malitie
815 3007 823 3015 .
851 2988 901 3016 htli
926 2990 1047 3017 Ponci'us
1062 2990 1087 3016 in
1111 2991 1212 3016 Comm.
1224 3000 1250 3027 q.
1263 2999 1296 3019 z.

350 3032 411 3065 dist.
426 3039 472 3064 37.
487 3040 513 3057 ι.
528 3028 596 3064 sent.
616 3038 694 3067 putet
707 3027 778 3057 hanc
791 3026 954 3064 opinionem
974 3026 1024 3055 effe
1048 3027 1220 3064 probabilem
1234 3045 1244 3060 ,
1265 3029 1293 3056 Β(

349 3065 460 3100 subinde
474 3067 581 3097 defendi
597 3067 669 3105 pofl'e
684 3087 692 3095 .
711 3066 908 3094 Coinmuniter
921 3074 1013 3094 tamen
1027 3066 1040 3093 i
1054 3065 1232 3101 Scliolasticeg
1245 3076 1294 3095 cx-

350 3106 474 3145 ploditnr
489 3124 496 3133 .
520 3107 617 3143 Qare
638 3107 751 3144 ipsemet
768 3104 794 3132 in
817 3105 956 3142 Comm.q.
974 3114 998 3131 i.
1023 3114 1051 3131 n.
1066 3108 1111 3132 26.
1137 3103 1293 3142 supponens

349 3155 530 3174 communem
544 3145 706 3173 sententiam
721 3164 729 3176 ‚
755 3143 792 3171 ait
808 3164 814 3174 ‚
839 3144 901 3171 Ideo
928 3146 1026 3172 'Deum
1040 3151 1092 3169 mm
1107 3141 1154 3179 est?
1169 3146 1171 3149 ’
1184 3142 1293 3181 causam

348 3183 457 3223 petenti
468 3202 477 3215 ‚
499 3193 564 3221 quia
577 3193 627 3211 non
641 3182 776 3212 concurrit
788 3179 923 3218 adipsum
933 3200 943 3214 ‚
971 3180 1191 3218 necfirmali'ter
1213 3199 1222 3215 ‚
1244 3191 1295 3210 nec

350 3222 536 3250 materialiter
562 3221 689 3258 concursu
708 3221 809 3258 1¹¹²]stst
832 3219 1040 3248 determinante
1055 3238 1064 3251 ,
1092 3212 1142 3257 sed
1164 3220 1294 3257 comui-su

349 3259 430 3298 quem
443 3260 521 3287 debet
535 3277 544 3291 ‚
568 3259 694 3297 praestare
707 3269 742 3285 ex
753 3258 857 3286 ratione
868 3259 950 3289 causa>
963 3256 1131 3287 universalis
1144 3258 1174 3285 ob
1198 3258 1258 3285 dete
1265 3268 1295 3283 r-

351 3298 530 3326 mintitionem
543 3297 623 3330 caulje
631 3299 751 3332 sei-umis¹
764 3307 772 3330 ;
799 3300 833 3323 Θ·
856 3297 924 3332 quia
934 3303 1068 3335 pueram
1090 3305 1141 3322 non
1155 3296 1294 3324 concurrit

352 3333 535 3373 raoralitersu
545 3336 641 3362 utendo
653 3339 714 3363 tire.
729 3334 878 3363 Declarans
893 3336 989 3362 autei‘in
1002 3333 1151 3371 quomodo
1163 3334 1238 3362 Deus
1249 3334 1297 3362 de-

355 3373 544 3411 termineturii
560 3381 684 3402 creatum
695 3392 705 3406 ,
720 3373 752 3402 ad
767 3373 857 3400 :icium
882 3381 997 3410 pravum
1013 3391 1023 3405 ‚
1043 3372 1114 3400 ibid.
1128 3383 1156 3399 n.
1171 3382 1211 3407 13·
1226 3373 1295 3401 dicit

353 3413 412 3441 iiim
424 3411 612 3439 determinari
625 3412 653 3438 iii
667 3413 726 3449 casu
741 3429 750 3443 ‚
772 3411 836 3447 quin
857 3411 885 3438 in
900 3411 957 3440 iltis
979 3410 1191 3439 ‹in-uniltamiis
1203 3429 1212 3443 ‚
1237 3412 1295 3440 itt-2

352 3452 452 3489 quibus
481 3449 666 3478 committitur
694 3450 800 3476 malum
813 3466 822 3479 ‚
843 3449 980 3491 praevidet
993 3466 1003 3481 ‚
1026 3449 1096 3485 quod
1106 3449 1236 3477 voluntat
1250 3468 1258 3482 ,
1270 3451 1301 3486 st

352 3489 432 3526 pvffi’!
445 3496 527 3526 agere
539 3486 637 3524 absque
652 3490 781 3523 concursu
793 3488 845 3513 Dei
860 3505 869 3519 ‚
879 3494 1014 3524 tanquam
1026 3485 1105 3523 tau'Ja
1118 3488 1296 3521 lotnl1'5,t·om·

356 3523 480 3556 viittcrct
491 3535 636 3565 peccatum
648 3543 658 3562 9
683 3525 750 3561 quia
762 3525 811 3562 ipsi
821 3532 851 3551 ut
861 3526 945 3562 causae
959 3526 1136 3562 universali,
1159 3525 1299 3553 incumbit

354 3565 422 3593 dare
438 3574 585 3602 quemcum
605 3573 638 3590 ue
652 3563 809 3600 concursum
819 3563 952 3591 aqualem
973 3582 982 3595 ,
992 3573 1070 3599 quem
1080 3564 1298 3591 ‹onmiuratiser

355 3603 473 3641 exigunt
485 3574 707 3640 causaeszcundae
723 3620 730 3627 .
744 3601 833 3628 Nobis
848 3600 957 3629 videtur
970 3602 1013 3629 hic
1025 3607 1113 3630 lcrnio
1126 3611 1206 3629 vertis
1224 3622 1231 3634 ‚
1256 3601 1298 3630 sed

353 3640 518 3679 supplendne
531 3642 558 3668 8<
571 3638 750 3670 declarandus
763 3639 790 3667 in
802 3647 880 3669 textu
894 3658 904 3671 ·,
914 3642 940 3668 ὅ(
954 3641 979 3668 in
995 3643 1235 3678 margine-Quare
1250 3651 1302 3677 pu-

356 3687 452 3708 tamus
468 3680 609 3708 Defieres
625 3687 720 3706 ornnes
733 3677 899 3708 Catholicos
917 3678 989 3706 ide-n
1005 3678 1123 3708 docuissc
1149 3680 1219 3707 circa
1232 3679 1302 3709 lianc

352 3717 580 3746 controverliam
592 3735 603 3751 ,
623 3717 649 3744 δι
664 3715 697 3744 ad
713 3715 786 3744 idem
802 3716 928 3753 aspcxifl‘c
940 3736 950 3749 ,
963 3717 1008 3746 ersi
1021 3726 1088 3745 unu*
1102 3717 1158 3745 alio
1171 3727 1229 3745 rem
1242 3727 1302 3746 rne-

358 3755 410 3784 lins
422 3774 432 3789 ‚
448 3755 632 3785 declaraverit
644 3774 654 3789 ‚
670 3756 696 3782 &
711 3764 798 3794 nitigis
809 3753 992 3784 consentanee
1005 3756 1038 3784 ad
1051 3755 1125 3784 dieta
1139 3756 1303 3785 Sanctorum

355 3794 382 3825 ὅ(
397 3794 598 3833 Ττὶάεητ.]ς[[.
608 3800 636 3823 6.
648 3797 810 3833 caii-6.Qi:i
824 3794 848 3823 in
865 3804 894 3823 re
911 3795 1042 3825 omnibus
1054 3793 1160 3833 praestat
1175 3794 1302 3826 Mastrius

355 3832 478 3861 Scotista
489 3851 500 3868 2
515 3833 667 3872 praescrti'in
677 3834 762 3872 super
777 3830 857 3871 hsen
865 3841 886 3862 t.

1212 182 1402 251 Joannis
1418 187 1547 233 Duns
1580 184 1698 234 Scoti

1354 267 1431 291 rem
1447 254 1583 290 summo
1595 256 1690 290 bono
1708 265 1779 289 non
1791 253 1997 302 impendere
2016 269 2028 297 3
2053 264 2141 300 ergo
2155 256 2257 291 Deus
2275 269 2297 292 a

1355 304 1388 340 se
1400 305 1595 341 formaliter
1607 305 1720 341 averti
1735 316 1806 339 non
1821 304 1936 352 potest
1951 331 1961 340 .
1990 306 2059 344 Sed
2075 317 2118 341 ne
2131 307 2298 341 virtuali-

1355 366 1410 391 ter
1421 354 1592 402 quidem:
1610 356 1695 402 quia
1710 354 1798 389 nihil
1809 355 1904 390 aliud
1918 367 1936 389 a
1953 355 1985 393 se
1997 357 2046 393 est
2063 356 2124 391 fibi
2144 355 2297 392 necessa·

1355 407 1448 441 rium
1476 405 1519 440 ad
1545 404 1699 452 seipsum
1725 403 1946 451 diligendum
1977 432 1988 443 .
2018 407 2296 457 Qodcumque

1352 457 1446 492 enim
1458 455 1555 491 aliud
1568 467 1587 489 a
1598 454 1631 490 se
1643 454 1707 497 est,
1718 455 1802 501 quia
1814 455 1858 489 ab
1871 467 1915 490 eo
1928 458 2096 498 volitum3
2109 467 2202 505 opus
2213 467 2294 503 pro,

1354 506 1435 542 inde
1447 506 1509 541 fibi
1520 516 1592 540 non
1604 504 1653 540 est
1667 504 1739 539 alio
1751 517 1770 539 a
1784 503 1832 545 se,
1843 515 1883 539 ut
1899 504 2056 554 seipsum
2071 506 2293 544 intenliffime

1355 567 1463 592 amet.
1479 558 1558 593 Nec
1577 554 1657 590 ferri
1670 553 1785 601 potest
1799 554 1835 588 in
1849 556 1915 590 alia
1934 568 1952 591 a
1970 556 2003 593 se
2018 570 2082 605 per
2095 557 2297 605 prosequu-

1355 606 1490 640 tionem
1504 605 1574 640 alio
1585 603 1693 639 modo
1707 629 1719 646 ‚
1742 615 1783 638 ac
1796 602 1866 650 ipsa
1879 605 1943 642 fint
1959 608 2111 643 volenda
2130 634 2142 646 .
2164 611 2295 644 Nam...

1359 656 1462 692 Deus
1479 656 1555 690 vult
1568 654 1686 689 omnia
1700 664 1846 701 propter
1859 653 1891 690 se
1907 658 2120 698 ‚utinatura
2137 657 2295 705 ipsorum

1357 705 1513 753 postulat
1531 731 1542 747 ,
1554 703 1661 750 cujus
1672 704 1788 749 gratia
1799 705 1944 742 condita
1961 707 2073 743 fuere.
2089 708 2197 744 Unde
2214 707 2297 742 scri·

1355 766 1459 804 ptum
1474 755 1524 792 est
1538 782 1546 790 .
1565 754 1738 802 vni-versit
1751 764 1895 804 propter
1899 755 2125 806 semetipsum
2135 767 2298 807 operatus

1355 804 1404 853 est
1419 807 1590 843 Dominus
1607 832 1618 843 .
1630 806 1804 845 Proverb.
1823 807 1876 843 16.

1459 857 1518 895 Ad
1535 855 1810 904 intelligendum
1828 868 1947 894 antem
1962 871 2034 907 qua
2048 861 2197 903 ratione,
2214 871 2301 896 con·

1357 917 1526 944 currente
1543 907 1624 943 Deo
1640 920 1722 943 curn
1751 918 1869 944 creata
1894 911 2086 946 voluntate
2108 912 2152 946 ad
2173 919 2299 947 omnes

1359 957 1470 1004 ipsius
1482 960 1740 1007 operationes,
1766 958 1808 994 de
1826 970 1896 994 una
1922 971 2064 997 tantum
2093 962 2126 998 8(
2152 974 2223 998 non
2254 971 2302 996 ex

1357 1010 1469 1045 altera
1482 1008 1664 1046 causarum
1696 1009 1890 1055 procedant
1914 1022 2019 1058 opera
2041 1009 2303 1058 peccaminosa,

1362 1059 1408 1094 sic
1425 1069 1464 1096 ut
1483 1058 1632 1096 secunda
1645 1058 1747 1094 causa
1762 1072 1831 1095 non
1845 1061 1927 1096 item
1941 1062 2053 1108 prima
2067 1062 2208 1098 auth-ix
2220 1073 2304 1109 pec-

1359 1110 1433 1145 cati
1446 1109 1588 1146 dicatur
1602 1137 1614 1153 ‚
1640 1110 1674 1146 8(
1691 1109 1754 1145 fit.
1771 1110 1960 1148 Sciendum
1974 1135 1987 1154 ,
1999 1111 2304 1159 quotiescumque

1360 1161 1439 1196 duae
1456 1159 1568 1197 causa:
1582 1161 1750 1209 partiales
1776 1173 1998 1198 concurrunt
2030 1161 2074 1197 ad
2105 1160 2307 1199 effectum..

1361 1223 1587 1247 communem
1607 1239 1621 1256 ,
1639 1211 1797 1248 incidere
1823 1210 1920 1260 poffe
1947 1223 1989 1247 ac
2016 1212 2120 1249 ineffe
2158 1211 2305 1248 effectui

1358 1261 1542 1308 defectum
1571 1289 1582 1304 ‚
1620 1272 1764 1310 propter
1802 1262 1979 1299 defeetum
2007 1263 2171 1299 alterius-
2196 1260 2308 1299 cansae

1336 1348 1340 1353 ,
1360 1313 1548 1357 dumtaxat
1561 1339 1572 1355 ,
1599 1315 1735 1361 reliqua
1751 1314 1786 1349 in
1805 1314 1973 1356 omnibus
1992 1313 2086 1350 recte
2116 1313 2146 1354 se
2170 1313 2306 1352 haben-

1363 1374 1397 1399 te
1414 1365 1647 1409 .Exemplum
1665 1391 1675 1400 .
1694 1365 1731 1399 ln
1763 1363 1930 1399 sententia
1956 1364 2132 1411 probabili
2162 1363 2307 1413 aliquo-

1363 1426 1466 1455 rum,
1496 1413 1539 1446 ad
1552 1415 1763 1449 volitionem
1778 1424 2001 1449 concurrunt
2018 1425 2058 1449 ut
2084 1413 2198 1449 causae
2227 1428 2307 1462 par.

1361 1465 1466 1503 tiales
1520 1463 1721 1501 intellectus
1779 1465 1812 1505 ὃς
1848 1466 2016 1500 voluntas
2043 1476 2055 1504 ;
2084 1462 2194 1500 stante
2217 1476 2307 1510 ergo

1363 1513 1546 1549 reffissirna
1558 1514 1757 1550 intelleetus
1771 1514 1977 1561 cognitione
1988 1512 2056 1549 effe
2073 1513 2186 1560 potest
2212 1514 2310 1551 defe-

1364 1564 1444 1606 &us
1461 1567 1494 1599 in
1514 1564 1596 1600 aCtu
1613 1564 1782 1608 volendi,
1810 1564 1959 1611 oblique
1977 1564 2010 1599 8(
2027 1575 2099 1606 non
2113 1563 2310 1601 secundum

1363 1614 1496 1651 rectam
1516 1616 1692 1652 rationem
1708 1616 1894 1650 voluntate
1907 1616 2062 1661 eligente
2079 1640 2089 1649 .

1468 1666 1597 1712 ltaque
1628 1665 1864 1714 supponendo
1896 1665 1938 1700 ad
1977 1663 2068 1700 velle
2101 1665 2307 1702 voluntatis

1364 1727 1491 1752 creatae
1505 1717 1661 1752 influere
1690 1717 1914 1751 voluntatem
1946 1715 2133 1759 dixinam,
2161 1715 2310 1764 perinde

1364 1779 1406 1802 ac
1423 1778 1582 1802 creatam
1600 1769 1710 1807 ,citra
1730 1766 1840 1801 ullum
1871 1768 2140 1802 inconveniensv
2160 1764 2309 1802 effeetus

1365 1821 1512 1863 utrique
1539 1817 1717 1852 voluntati
1740 1817 1941 1851 communis
1964 1817 2030 1852 effe
2058 1816 2172 1864 petest
2200 1817 2312 1852 alicui

1365 1864 1519 1905 defe6mi
1531 1868 1712 1902 obnoxius
1724 1892 1735 1907 ,
1766 1877 1912 1914 propter
1925 1867 2071 1902 alterius
2084 1867 2197 1904 causae
2217 1867 2313 1905 obli-

1366 1918 1704 1965 quum'influxum3
1730 1929 1770 1951 ea
1783 1916 1914 1953 scilicet
1927 1919 2064 1953 ratione
2080 1943 2089 1957 ‚
2110 1920 2197 1965 quia
2222 1929 2312 1953 cau-

1366 1969 1400 2003 sa
1416 1967 1583 2004 deficiens
1612 1969 1742 2004 valeret
1766 1968 1911 2015 quidem
1935 1969 2093 2004 tribuere
2117 1967 2216 2003 aestui
2248 1963 2313 2002 suo

1368 2018 1642 2064 reG'titudinem‚
1672 2029 1777 2066 prout
1794 2018 1951 2059 praestare
1966 2029 2110 2054 tenetur
2135 2031 2179 2055 ex
2202 2018 2312 2063 lege,

1366 2071 1505 2106 altioris
1522 2069 1732 2118 potestatis,
1756 2070 1921 2105 &tamen
1946 2081 2017 2105 non
2042 2068 2127 2104 dare
2153 2068 2309 2105 mavult.

1330 2159 1331 2163 Ἰ
1367 2121 1495 2166 Altera
1511 2131 1630 2155 autern
1647 2117 1750 2153 causa
1769 2119 1828 2155 etsi
1842 2118 1925 2161 dare
1941 2131 2011 2156 non
2026 2129 2189 2155 teneatur
2215 2117 2312 2153 aetui

1366 2166 1618 2207 'rectitudinem
1636 2196 1647 2212 ‚
1670 2169 1907 2205 nihilominus
1924 2180 2099 2217 quantum
2113 2168 2162 2206 est
2176 2180 2220 2204 ex
2234 2181 2314 2214 pat·-

1366 2233 1400 2257 te
1419 2220 1471 2255 sni
1487 2222 1698 2267 elargiretur
1716 2218 1966 2256 τοέὶῑῐυάἰηειῃ
1985 2247 1995 2262 ,
2016 2220 2038 2254 si
2052 2231 2168 2254 creata
2185 2221 2314 2254 volun-

1367 2283 1419 2306 tas
1435 2270 1485 2305 illi
1509 2272 1616 2305 vellet
1645 2271 1832 2316 cooperari
1859 2297 1866 2305 .
1899 2269 2159 2306 Universaliter
2187 2271 2313 2304 enim-2

1364 2319 1542 2368 quicquid
1560 2323 1659 2355 Deus
1675 2320 1733 2356 dat
1750 2320 2000 2356 antecedenter
2013 2346 2024 2362 ,
2050 2321 2083 2354 id
2112 2320 2227 2368 ipsum
2258 2318 2315 2355 su-

1363 2371 1471 2407 binde
1485 2371 1659 2406 tribueret
1674 2370 1935 2416 consequenter
1949 2397 1958 2411 ,
1990 2370 2051 2406 nisi
2078 2371 2314 2418 impedimen-

1366 2433 1441 2457 tum
1455 2419 1757 2469 obfistentemque
1768 2422 1907 2457 obicem
1921 2420 2163 2468 impendendae
2175 2420 2313 2457 benefi-

1365 2473 1488 2508 centiae
1512 2472 1688 2507 inveniret
1707 2499 1715 2507 .
1730 2472 1932 2509 Condendo
1965 2472 2057 2507 enim
2086 2473 2315 2507 voluntatem

1365 2524 1533 2564 liberam,
1560 2520 1655 2558 dedit
1672 2524 1922 2559 antecedenter
1953 2534 2060 2569 opera
2091 2522 2185 2558 resta
2214 2534 2317 2570 quae·

1365 2585 1523 2619 cumque
1535 2573 1669 2608 cadunt
1684 2572 1748 2609 sub
1765 2574 1872 2620 ipsius
1887 2571 2095 2620 potestatem
2129 2587 2137 2608 :
2165 2584 2316 2620 propte·

1365 2636 1421 2659 rea
1436 2624 1547 2668 igitur
1558 2635 1735 2669 quantum
1753 2624 1857 2660 estex
1871 2634 1970 2671 parte
1995 2625 2193 2660 conditoris
2212 2622 2313 2660 dedit

1363 2673 1615 2710 reetitudine‘m
1632 2675 1729 2709 omni
1746 2674 1842 2710 affini
1859 2674 1965 2722 ipiius
1982 2699 1995 2719 ‚
2027 2687 2066 2710 ac
2083 2675 2126 2710 de
2142 2672 2238 2709 faeta
2264 2685 2312 2709 ex

1363 2723 1595 2771 consequenti
1611 2725 1731 2766 daret,
1744 2725 1765 2760 si
1780 2725 1900 2760 eadem
1911 2727 2087 2765 ,voluntas
2102 2753 2115 2768 ,
2133 2735 2311 2771 quantum

1366 2776 1476 2821 iplius
1505 2775 1648 2810 interest
1674 2774 1792 2811 actum
1822 2788 2091 2823 quemcumque
2113 2774 2219 2821 juxta
2258 2786 2313 2810 re.

1364 2825 1460 2861 &um
1477 2825 1622 2860 rationis
1643 2824 1820 2861 dietamen
1834 2827 1976 2862 eliceret
1993 2853 2002 2862 .
2021 2826 2074 2862 Est
2090 2826 2201 2872 igitur
2213 2824 2310 2861 defe-

1366 2875 1446 2910 &us
1463 2878 1496 2910 in
1511 2873 1640 2910 effectu
1652 2875 1802 2911 duarum
1820 2875 2005 2913 causarum
2020 2902 2032 2920 ,
2054 2876 2123 2911 non
2136 2877 2219 2921 quia
2246 2875 2315 2911 de·

1367 2924 1464 2960 ficiat
1482 2925 1584 2959 causa
1600 2924 1759 2972 superior
1773 2938 1817 2962 ex
1834 2938 1938 2975 parte
1961 2926 2039 2968 sui,
2060 2925 2115 2960 sed
2141 2928 2226 2970 quia
2254 2926 2312 2961 in-

1367 2976 1476 3011 ferior
1493 2976 1742 3024 illicooperari
1759 2989 1828 3013 non
1847 2979 1924 3014 vult
1940 3003 1952 3020 ,
1975 2988 2014 3014 ut
2042 2975 2153 3026 posset
2186 2978 2219 3013 8(
2247 2977 2313 3014 de·

2135 3028 2260 3063 beret.

1405 3147 1448 3183 (a)
1489 3147 1585 3176 Sermo
1599 3146 1798 3184 pulcherrimus
1810 3147 1943 3178 Dostoris
1955 3148 2120 3177 declarantis
2147 3148 2197 3178 soli
2221 3146 2310 3178 causa}

1368 3185 1490 3215 secunde
1505 3185 1642 3214 deficienti·
1662 3197 1675 3215 a
1688 3189 1763 3216 reSto
1777 3188 1874 3216 ordine
1885 3189 2097 3216 attribuendum
2111 3186 2162 3215 css'e
2190 3196 2310 3219 omne)

1367 3233 1511 3263 peccatum
1524 3234 1712 3264 ‚omnemque
1726 3226 1923 3263 obliquitatem
1936 3235 2075 3264 repertam
2088 3227 2114 3252 in
2127 3226 2229 3254 astibus
2242 3226 2311 3259 luis,

1368 3272 1425 3290 non
1438 3271 1504 3289 vero
1518 3263 1611 3299 prium:
1624 3264 1709 3295 cause
1723 3274 1782 3299 qua:
1796 3264 1842 3292 dat
1854 3274 1950 3292 omnia
1962 3265 1995 3293 ad
2008 3264 2202 3294 recti'tudi'nem
2214 3264 2312 3300 requi·

1368 3300 1416 3329 lita
1430 3319 1440 3332 ‚
1461 3299 1477 3328 ii
1490 3309 1582 3328 creata
1596 3302 1725 3330 voluntas
1740 3303 1778 3330 en
1792 3304 1831 3331 uti
1848 3303 1953 3337 vellet,
1969 3303 1996 3330 &
2011 3303 2147 3341 primariae
2160 3303 2310 3332 intentioni

1370 3339 1514 3376 largientit
1527 3338 1620 3368 mallet
1631 3341 1776 3377 cooperari
1790 3358 1798 3368 .

1408 3378 1454 3411 (b)
1497 3376 1681 3414 intelligenda
1694 3378 1750 3406 lime
1764 3379 1865 3411 littera,
1877 3377 2067 3418 &supplenda
2079 3379 2161 3409 exhis
2172 3389 2233 3420 quae
2245 3379 2312 3409 scri-

1371 3415 1409 3443 bit
1425 3414 1531 3442 Doctor
1550 3425 1573 3443 i.
1587 3416 1648 3453 dist.
1659 3418 1707 3452 48.
1720 3419 1746 3449 ο.
1758 3418 1798 3443 nd
1808 3419 1931 3454 primum
1943 3436 1951 3445 .

1446 3453 1525 3480 Unde
1543 3462 1617 3489 patet
1629 3455 1721 3493 primo
1738 3456 1830 3483 Deum
1846 3456 1962 3483 minime
1973 3456 2025 3485 dici
2040 3457 2113 3496 posse
2121 3457 2232 3491 cauiam
2246 3466 2313 3485 mo-

1371 3490 1457 3519 ralem
1474 3491 1612 3519 malorum
1624 3511 1634 3525 ‚
1656 3502 1719 3520 cuni
1731 3492 1792 3530 lege
1805 3493 1942 3531 propolim
1955 3513 1965 3527 ‚
1987 3495 2146 3534 statutisque
2159 3497 2249 3534 poeni's
2261 3495 2313 3524 de-

1373 3530 1500 3559 hortetur
1511 3547 1523 3564 1,
1549 3529 1687 3560 deterreat
1702 3552 1709 3563 ,
1735 3541 1766 3559 ac
1779 3533 1968 3562 comminetur
1982 3542 1996 3561 a
2010 3535 2186 3572 peccantibus
2211 3536 2238 3562 {e
2251 3535 2314 3563 exi-

1372 3570 1494 3606 giturnni
1508 3569 1726 3610 iinntedicabi'lcs
1738 3579 1856 3606 pernam
1883 3580 1968 3609 atque
1983 3573 2082 3601 eadent
2095 3573 2314 3610 voluntate,qua

1373 3608 1434 3634 vult
1449 3616 1545 3638 omncs·
1560 3606 1649 3635 ialvos
1663 3608 1719 3636 fieri
1733 3628 1742 3641 ,
1764 3609 1837 3637 velle
1849 3609 1958 3649 elargiri
1982 3611 2179 3640 rectitudinem
2210 3611 2315 3639 actibus

1373 3646 1509 3682 pravis;cx
1523 3654 1579 3680 quo
1594 3647 1738 3674 evidenter
1750 3648 1926 3684 conloquitur
1940 3650 2019 3677 unice
2033 3649 2174 3679 voluntati
2189 3650 2316 3687 peccanti

1373 3683 1426 3712 cilo
1440 3683 1615 3715 attribuenda
1629 3694 1739 3722 peccata
1755 3704 1765 3719 ,
1788 3687 1814 3713 ἃ(
1828 3696 1884 3714 non
1897 3687 1994 3715 datrici
2009 3687 2152 3717 bonorum
2166 3689 2294 3716 omnium
2305 3708 2317 3716 .

1451 3721 1559 3750 Deinde
1575 3740 1585 3755 ‚
1612 3724 1674 3751 Deo
1687 3733 1874 3755 concurrente
1883 3734 1947 3753 cuin
1960 3735 2090 3764 peccante
2105 3740 2113 3761 ς
2134 3726 2316 3759 voluntate.»

1373 3759 1563 3796 consequente
1579 3778 1588 3792 ‚
1611 3762 1766 3799 simpliciter
1778 3758 1830 3790 effe
1849 3765 1911 3793 Deo
1923 3773 1988 3792 euni
2000 3765 2165 3796 concursum
2186 3765 2318 3793 volunta-

1374 3800 1466 3842 νίψῃς
1496 3797 1539 3825 sed
1558 3799 1632 3840 Denq
1649 3799 1700 3828 cll'e
1716 3802 1812 3838 nequit
1824 3803 1913 3839 prima
1925 3803 2004 3832 causa
2014 3814 2072 3834 non
2083 3803 2228 3833 deficiendi
2253 3804 2324 3842 quiav

1373 3837 1456 3865 aliter
1469 3836 1579 3866 nullum
1592 3838 1655 3866 ellct
1670 3847 1814 3876 peccatum
1830 3859 1838 3867 .

2405 893 2467 945 (a)

2416 2252 2476 2297 (h)
