2613 4041
334 887 353 904 ἢ

424 173 460 233 Ξ
467 184 488 230 3
501 173 532 218 8
984 158 1166 210 Summae
1181 155 1370 229 Joanm's
1384 160 1512 208 Duns
1527 158 1644 208 Scott‘

673 293 1745 446 QUAESTIO
1894 296 1985 475 Ι,Α

643 616 727 654 ΙΝ
775 608 1049 648 DECEM
1100 604 1984 668 ARTICVLOS-DIVISAss

361 731 473 771 Circa
497 730 651 767 virtutes
676 729 790 776 igitur
816 723 1062 771 Theologt'cas,
1081 723 1196 772 primo
1223 723 1296 759 erit
1321 709 1673 771 confiderandt'im'de
1699 722 1787 785 fide
1799 715 1989 770 {secundo
2011 719 2129 770 deSpe
2151 735 2163 760 :
2185 725 2295 761 tertio

462 784 504 820 de
520 779 712 817 charitate
726 805 735 815 .

365 834 475 874 Circa
483 831 597 876 fidem
611 841 693 866 vero
704 825 918 876 quadruplex
934 823 1154 872 confidentia
1163 824 1317 876 occant-it
1330 851 1340 865 ‚
1359 827 1481 873 prima
1492 810 1633 873 quidem
1644 821 1857 876 deipsafi'de
1869 822 2032 871 :secunda
2047 823 2090 860 de
2121 822 2215 862 donis
2247 826 2305 861 in·

463 880 618 918 tellenas
633 907 643 922 ,
672 878 874 925 &s'csentiae
884 875 952 921 sihi
962 873 1304 925 correspondentibus
1318 887 1329 912 t
1344 880 1458 915 tertia
1469 875 1513 911 de
1523 875 1628 914 vitiis
1641 873 1792 926 oppositis
1807 888 1817 912 ε
1834 884 1963 924 quarta
1985 875 2029 912 de
2050 877 2229 925 praeceptis
2256 874 2306 912 ad

466 933 555 970 hanc
570 933 745 967 virtutem
759 925 1018 974 pertinentibus
1034 954 1044 964 .

366 980 586 1025 Circnfidem
597 992 681 1017 vero
697 1008 709 1023 ,
723 979 837 1029 primo
852 980 922 1015 erit
934 975 1222 1024 considerandum
1236 974 1281 1011 de
1293 974 1371 1025 ejus
1382 976 1508 1025 objeflo
1519 977 1689 1028 :secundo
1705 979 1750 1015 de
1764 977 1839 1026 ejus
1859 977 1959 1015 aHu:
1976 978 2084 1016 tertio
2095 977 2139 1014 de
2150 974 2219 1027 5⁸pr
2238 975 2304 1013 ha-

464 1031 643 1079 bitufides'
655 1057 665 1068 .

635 1143 844 1187 CIRCA
897 1140 1164 1181 PR1MVM
1213 1140 1647 1193 QJAERVNTVR
1698 1141 1987 1182 DECEM.

663 1263 680 1298 1

685 1287 695 1297 ,
846 1258 983 1293 Utrum
998 1254 1185 1302 objectum
1198 1254 1280 1293 fidei
1296 1256 1337 1293 sit
1353 1259 1482 1296 veritas
1500 1260 1637 1308 prima:

664 1311 718 1348 11.
842 1306 979 1347 Utrum
994 1305 1178 1352 objthum
1192 1305 1274 1342 fidei
1288 1307 1327 1343 lit
1351 1308 1489 1355 aliquid
1519 1312 1748 1359 complexum
1763 1336 1776 1353 ,
1799 1310 1856 1348 vel
1880 1307 2151 1357 incomplexum
2177 1332 2191 1350 ,
2219 1306 2308 1346 idest

970 1367 1026 1392 res
1042 1381 1051 1396 ‚
1074 1366 1134 1391 aut
1151 1357 1394 1392 enunciabile.

669 1407 741 1444 111.
853 1406 992 1442 Utrum
1005 1403 1085 1440 fidei
1098 1405 1196 1452 poffit
1212 1404 1344 1441 subesse
1359 1405 1481 1443 falsum
1497 1432 1507 1442 .

661 1458 736 1495 lv.
849 1456 987 1491 Utrum
1004 1453 1187 1500 objectum
1199 1454 1282 1490 fidei
1297 1455 1395 1502 posiit
1406 1456 1473 1493 effe
1490 1457 1624 1505 aliquid
1638 1457 1754 1495 visum
1769 1483 1779 1494 .

662 1507 717 1543 V.
852 1505 988 1542 Utrum
1002 1504 1103 1552 posiit
1114 1503 1181 1541 effe
1193 1506 1328 1552 aliquid
1342 1505 1467 1543 scitum
1490 1534 1498 1544 .

662 1557 733 1593 Vl.
848 1555 984 1590 Utrum
999 1555 1181 1590 credibilia
1195 1555 1346 1591 debeant
1360 1556 1533 1603 distingui
1549 1570 1609 1605 per
1621 1567 1735 1595 certos
1747 1558 1923 1594 articulos
1937 1581 1948 1592 .

664 1605 758 1644 Vll.
848 1605 985 1640 Utrum
998 1603 1104 1640 iidem
1117 1606 1257 1642 articuli
1275 1604 1405 1643 subsint
1423 1606 1507 1645 fidei
1522 1607 1716 1645 secundum
1730 1620 1835 1646 omne
1857 1616 2002 1655 tempus
2014 1632 2030 1646 .

666 1653 781 1695 Villa

830 1691 837 1695 ,
851 1655 907 1689 De
923 1665 1074 1690 numero
1086 1655 1320 1690 articulorum
1336 1681 1346 1691 .

664 1705 738 1744 IX,
756 1745 758 1747 ,
852 1702 912 1738 De
926 1704 1033 1739 modo
1049 1704 1212 1740 tradendi
1229 1705 1400 1750 articulo&
1415 1707 1450 1742 in
1460 1697 1662 1757 Symbolo-

657 1756 711 1795 X.
847 1752 971 1802 cujus
984 1754 1023 1790 lit
1034 1752 1118 1791 fidei
1133 1756 1347 1804 Symbolum
1360 1757 1578 1805 constit-uere
1595 1783 1604 1794 .

531 1877 566 1914 A
595 1876 627 1912 R
656 1874 693 1911 T
723 1873 737 1910 t
767 1870 802 1909 C
829 1872 869 1909 U
899 1875 930 1911 L
959 1871 997 1908 U
1024 1870 1050 1909 S
1104 1871 1136 1915 1,

415 1976 554 2016 Utrum
564 1971 751 2022 objee'tum
767 1972 868 2011 Fidei
892 1973 933 2010 sit
964 1971 1100 2010 veritas
1121 1972 1264 2021 prima.

415 2075 553 2115 Ῥοδίον
566 2085 600 2120 3.
615 2072 695 2119 dtst.
710 2085 771 2120 23.
790 2084 825 2123 q.
839 2077 934 2112 anic.
945 2073 990 2113 ἂν
1008 2072 1171 2118 ᾱίὲῗ.’25·.
1185 2086 1260 2121 q.2.

467 2124 512 2164 ὁ·
525 2123 674 2170 Prologi
685 2136 717 2171 q.
737 2137 765 2161 t.
782 2131 819 2166 ς.
830 2124 890 2162 Ad
901 2124 1132 2174 quaestionem
1144 2126 1212 2170 igi-

543 2185 602 2210 tur
617 2201 626 2210 .
643 2175 815 2213 S.Thom.
829 2187 864 2212 2.
876 2187 908 2212 2.
924 2187 996 2224 q-r.
1015 2180 1085 2210 art.
1103 2185 1135 2210 t.

379 2286 406 2313 J
427 2287 465 2295 --
489 2304 493 2307 .
520 2282 545 2297 ’7
563 2285 596 2324 ‘'ss
630 2271 830 2312 {DETVR
843 2275 977 2312 veritas
991 2274 1104 2321 prima
1118 2272 1214 2310 haud
1234 2271 1303 2310 esse

473 2333 489 2351 ·=
519 2319 521 2329 ’
536 2355 545 2362 ,
567 2342 597 2364 f:
641 2322 724 2360 fidei
741 2323 925 2371 objeetum
940 2352 949 2361 .
965 2324 1101 2364 Etenim
1114 2325 1136 2360 si
1151 2335 1303 2372 ponatur

587 2384 598 2392 „
644 2371 853 2411 fidesinfusa
871 2375 1044 2423 respicere
1069 2376 1218 2422 primam
1246 2386 1303 2411 ve.

586 2422 600 2432 ⁸*
643 2423 779 2461 ritatem
804 2437 843 2462 ut
867 2428 1082 2463 revelantem
1121 2426 1304 2468 articulos,

427 2491 432 2493 ·
467 2485 478 2496 ‘¹
641 2475 675 2510 8(
690 2475 918 2514 vcausantem
931 2474 1101 2515 assensum
1114 2475 1157 2511 de
1182 2474 1306 2518 isdem,

367 2527 401 2564 8(
420 2538 488 2562 non
504 2527 541 2562 sit
560 2523 656 2561 aliud
673 2524 717 2561 de
733 2538 809 2572 quo
821 2526 869 2563 est
885 2526 972 2564 fides
1008 2537 1047 2562 ut
1079 2525 1122 2561 de
1141 2525 1304 2572 objeetQ

367 2575 531 2625 profes-lo
547 2585 730 2620 nunquam
748 2577 875 2624 arquis
888 2577 1004 2614 fidelis
1020 2576 1079 2611 sua
1105 2575 1174 2612 fide
1197 2574 1308 2613 assen-

368 2625 589 2663 tireturhuic
602 2651 615 2667 ‚
642 2624 743 2662 Deus
756 2628 811 2663 efl
823 2629 940 2664 trinus
953 2629 998 2671 ὠ·
1011 2638 1100 2664 unus
1114 2652 1123 2662 .
1142 2625 1235 2664 Nam
1250 2639 1311 2663 ea·

370 2687 476 2712 tenus
498 2674 651 2724 quisque
674 2675 899 2715 assentiretur
924 2678 975 2715 illi
1003 2705 1014 2722 ,
1052 2687 1232 2724 quatenus
1259 2677 1310 2725 est

369 2727 459 2774 quid
474 2739 490 2761 a
510 2726 617 2772 prima
635 2727 784 2763 veritate
803 2729 999 2771 revelatum
1017 2731 1167 2775 .Qu‹2ro
1197 2729 1308 2775 igitur

369 2773 736 2823 quomodoaffcnsum
755 2778 904 2825 praesto,
929 2780 962 2815 ἃ
978 2779 1084 2815 credo
1097 2778 1131 2814 id
1159 2778 1260 2815 fuisse
1289 2791 1308 2814 a

372 2829 454 2864 neo
472 2827 664 2863 revelatum
693 2827 707 2863 ?
727 2828 916 2876 Siquidem
940 2827 1107 2866 assensum
1147 2831 1309 2878 praebens

373 2877 462 2915 huic
475 2877 580 2913 ‘Deus
592 2875 638 2924 est
649 2879 944 2923 trinux&unus,
965 2879 1110 2927 eoquod
1127 2891 1146 2914 a
1159 2879 1239 2917 Deo
1265 2879 1306 2916 sit

375 2928 572 2964 revelatum
587 2951 598 2968 ,
624 2929 733 2972 tnagis
747 2928 909 2964 assentior
927 2930 1011 2965 huic
1030 2956 1039 2971 ‚
1067 2929 1107 2964 id
1121 2930 1184 2976 effe
1197 2942 1217 2965 α
1231 2931 1306 2967 Deo

378 2977 575 3014 revelatum
590 3001 601 3017 ‚
628 2976 728 3012 ficuti
739 2978 922 3015 assentiens
935 2980 1151 3015 conclusioni
1165 2991 1306 3026 propter

378 3028 597 3076 principium
616 3051 626 3066 ,
655 3029 768 3072 magis
785 3028 1035 3075 probatipsum
1049 3029 1263 3076 principium
1277 3053 1286 3063 .

481 3073 697 3121 Responfio:
726 3080 823 3114 Huic
848 3078 1079 3125 propositioni
1106 3080 1223 3115 Deum
1251 3077 1314 3125 effe

382 3138 490 3163 unum
509 3123 551 3163 &¹
568 3127 704 3162 trinum
717 3128 763 3173 est
777 3140 797 3163 a
829 3129 905 3164 Deo
925 3131 1118 3165 revelatum
1135 3155 1146 3170 ,
1169 3127 1315 3163 assentio

381 3189 427 3213 cx
446 3176 691 3220 fideacquista
709 3203 718 3211 .
733 3177 868 3212 Contra
886 3204 895 3217 ,
923 3179 1032 3222 igitur
1060 3177 1144 3213 fides
1171 3177 1314 3213 infusa..-

382 3227 417 3261 in
434 3225 499 3261 esse
515 3252 523 3264 ,
548 3225 579 3259 8(
601 3227 632 3258 in
647 3225 806 3262 faciendo
824 3226 1001 3263 adhaerere
1015 3228 1122 3262 alicui
1145 3228 1310 3268 articulo,

383 3276 556 3322 dependet
575 3286 592 3308 a
607 3275 672 3310 side
685 3277 853 3321 acquisita
870 3303 881 3318 ‚
898 3277 983 3312 sicut
1002 3290 1018 3311 a
1036 3279 1308 3325 principi03nam

384 3325 493 3361 astrui
509 3336 576 3359 non
592 3325 749 3369 petestid
766 3325 918 3371 praestari
944 3327 978 3362 8(
1003 3326 1106 3362 inesl‘c
1132 3329 1232 3362 nobis
1248 3338 1310 3373 per

386 3376 561 3412 scientiam
580 3400 586 3406 .
607 3375 788 3422 Siquidem
807 3401 815 3410 .
832 3376 951 3412 Deum
966 3377 1130 3422 reveloffe
1158 3374 1311 3421 Ecclestae

378 3426 419 3474 se
431 3424 493 3471 effi
505 3427 665 3467 uxum&
694 3427 853 3466 trinum,
876 3438 945 3461 non
975 3426 1025 3460 est
1050 3427 1093 3461 sic
1119 3439 1242 3463 notum
1264 3438 1310 3462 ex

384 3475 543 3512 terminis
573 3486 610 3510 ut
638 3474 714 3509 sciri
737 3486 868 3521 queat,
891 3474 1079 3523 plusquam
1104 3477 1190 3520 ista,
1217 3478 1315 3513 Deus

388 3524 438 3573 est
453 3525 570 3561 trinus
585 3552 594 3566 ,
615 3524 657 3563 ὠ·
669 3536 756 3560 unus
768 3549 776 3558 .

487 3575 682 3616 Praeterea,
713 3573 869 3610 formalis
898 3576 989 3610 ratio
1016 3574 1149 3621 objeffi
1174 3576 1318 3612 habitus

390 3626 495 3662 realis
511 3624 577 3658 esse
590 3636 658 3659 non
673 3623 785 3671 potest
800 3627 919 3660 rtlatio
938 3626 1104 3660 rationis:
1122 3626 1319 3661 feriret-cla·

392 3686 469 3711 tum
486 3674 585 3710 fuifl‘e
601 3675 811 3710 Trinitatem
830 3675 1059 3710 Personarum
1077 3676 1256 3712 subsistere
1284 3679 1317 3711 in

388 3737 523 3763 naturae
543 3724 701 3765 unitate,
729 3725 818 3759 ultra
834 3725 949 3760 Deum
967 3726 1096 3760 trinum
1116 3752 1126 3767 ,
1140 3727 1172 3760 8<
1192 3738 1318 3767 unum,

395 3787 466 3811 non
478 3775 563 3810 dicit
582 3774 643 3810 nisi
660 3773 850 3821 respcfflum
870 3776 1016 3812 rationis
1030 3801 1040 3817 ‚
1068 3776 1166 3812 sicuti
1180 3775 1244 3813 effe
1258 3787 1319 3811 co-

1382 1874 1521 1917 gnitum
1537 1901 1550 1918 ,
1580 1875 1672 1912 ultra
1699 1886 1795 1920 rem,
1820 1888 1901 1925 quae
1923 1874 2153 1922 cognoscitur
2179 1903 2191 1920 ,
2216 1886 2317 1913 nott..

1377 1924 1549 1972 importat
1561 1925 1619 1962 nisi
1633 1925 1830 1975 respefflm
1848 1927 1997 1963 rationis
2015 1939 2027 1969 3
2050 1928 2157 1973 igitur
2174 1927 2195 1962 si
2208 1926 2321 1963 assen-

1383 1973 1461 2010 sum
1477 1976 1636 2023 praebens
1651 1978 1834 2014 Deotrino
1850 1978 1884 2013 8(
1902 1988 1976 2012 uno
1989 2004 2000 2022 ,
2023 1978 2108 2023 quia
2121 1976 2156 2011 id
2181 1979 2320 2013 revela-

1383 2035 1462 2060 tum
1495 2025 1544 2061 est
1572 2053 1582 2068 ‚
1617 2028 1774 2065 formalis
1797 2030 1886 2064 ratio
1915 2026 2049 2074 objeffl
2078 2027 2137 2062 cui
2171 2028 2320 2064 assentio

1382 2087 1444 2122 per
1455 2074 1616 2115 habitum
1633 2080 1759 2115 realem
1791 2078 1839 2114 est
1866 2088 1928 2113 ens
1941 2078 2081 2113 rationis
2098 2089 2108 2115 ;
2131 2078 2228 2122 quod
2243 2078 2321 2125 pla-

1382 2136 1426 2160 ne
1439 2123 1486 2160 est
1501 2127 1853 2170 inconvenien83cum
1870 2127 2013 2163 habitus
2027 2126 2142 2166 realiS‚
2158 2125 2198 2160 sit
2212 2139 2320 2174 opor-

1380 2183 1431 2210 tet
1448 2174 1481 2210 &
1501 2177 1599 2213 realis
1612 2178 1765 2216 formalis
1784 2181 1875 2214 ratio
1900 2177 2031 2224 objec‘li
2047 2202 2057 2218 ,
2082 2176 2314 2222 quemadmo-

1380 2224 1464 2260 dum
1478 2229 1644 2271 potentie
1663 2230 1765 2265 realis
1778 2227 1959 2275 objeaum
1986 2227 2132 2262 formale
2158 2225 2226 2262 esse
2251 2240 2319 2264 ne-

1377 2275 1456 2320 quit
1471 2274 1530 2309 nisi
1543 2278 1633 2313 reale
1649 2291 1661 2319 ς
1687 2278 1849 2326 adeoque
1860 2277 2011 2313 revelari
2022 2274 2148 2322 paffive
2169 2287 2251 2312 cum
2276 2277 2319 2313 fit

1375 2334 1430 2359 res
1443 2325 1590 2372 rationis
1605 2354 1615 2371 ⁵.
1637 2339 1708 2364 non
1721 2329 1832 2375 potest
1844 2327 1909 2367 effe
1942 2325 2098 2364 formalis
2123 2326 2213 2361 ratio
2237 2338 2318 2363 ten..

1377 2374 1482 2411 dendi
1501 2375 1534 2410 in
1549 2375 1618 2422 hoo
1632 2378 1739 2417 ‘Deus
1754 2379 1808 2416 efl
1817 2381 1934 2416 trinus
1949 2376 1991 2416 (θ’
2006 2387 2095 2411 unus
2109 2399 2119 2411 .

1478 2426 1649 2463 Praeterea
1665 2455 1676 2471 ‚
1704 2430 1762 2465 Eis
1790 2430 1925 2477 quibus
1956 2427 2075 2479 primo
2100 2425 2238 2461 articuli
2263 2437 2320 2463 re-

1326 2515 1333 2523 „
1377 2470 1720 2520 velabantur-,satis
1737 2479 1804 2517 fuit
1831 2479 1920 2516 fides
1945 2469 2114 2523 acquisita
2141 2475 2184 2510 ad
2210 2475 2322 2514 firmi-

1377 2537 1429 2563 ter
1444 2525 1613 2563 assensum
1631 2528 1862 2576 praestandum
1885 2529 2052 2566 omnibus
2081 2525 2152 2563 illis
2170 2538 2183 2568 ς
2207 2527 2321 2575 igitur

1381 2577 1415 2613 8(
1434 2577 1492 2613 alii
1508 2575 1718 2625 posteriores
1742 2579 1818 2628 pari
1850 2579 2020 2616 firmitate
2049 2576 2192 2613 credere
2218 2589 2321 2626 pote·

1381 2638 1464 2665 runt
1481 2654 1496 2670 ,γ
1518 2630 1633 2675 εὲῳιε·
1647 2642 1727 2667 vera
1746 2630 1829 2672 effe,
1841 2643 1917 2678 quae
1933 2628 2014 2677 ipsis
2029 2630 2322 2675 proponebantur

1381 2678 1423 2713 ad
1450 2679 1664 2728 credendum
1692 2707 1701 2717 .
1726 2680 1991 2728 Consequentia
2013 2679 2209 2725 probatur,
2232 2680 2320 2726 quia

1382 2727 1574 2776 secundum
1589 2730 1746 2779 August.
1763 2732 1862 2780 super
1874 2729 1958 2766 illud
1980 2729 2104 2766 Psalm.
2121 2740 2181 2775 7¹.
2196 2729 2318 2776 Susci-

1368 2782 1616 2826 *piantmontes
1625 2788 1740 2828 pacem
1759 2781 1880 2830 populo
1896 2808 1906 2824 ,
1936 2779 1980 2818 ὠ·
2005 2778 2104 2815 colles
2117 2778 2316 2826 jteste'ciam3

1380 2830 1564 2866 inferiores
1581 2831 1822 2869 illuminantur
1850 2841 1911 2880 per
1936 2829 2160 2878 superiores,
2183 2830 2216 2866 8(
2242 2841 2317 2866 non

1380 2881 1493 2928 magis
1505 2881 1702 2918 illuminant
1716 2880 1915 2930 superiores
1932 2880 2152 2917 illuminante
2169 2880 2262 2929 ipsos
2279 2907 2290 2918 .

1483 2929 1652 2968 Probat10
1667 2931 1904 2968 antecedentis
1929 2943 1939 2967 τ
1967 2931 2018 2967 Ex
2031 2931 2129 2977 puris
2145 2933 2318 2968 naturali·

1381 2985 1449 3019 bus
1472 2980 1685 3017 includendo
1706 2983 1866 3018 habitum
1891 2979 2102 3028 acquisitum
2141 3007 2153 3023 ‚
2201 2982 2321 3028 potest

1384 3031 1534 3079 quisque
1547 3030 1715 3067 assensum
1730 3034 1883 3080 praebere
1911 3031 2078 3066 omnibus
2097 3030 2233 3067 affertis
2247 3059 2257 3073 ‚
2284 3035 2320 3070 8<

1381 3083 1548 3118 revelatis
1563 3083 1606 3116 ab
1633 3082 1875 3129 aliquo:quia
1900 3093 1946 3117 ex
1974 3081 2072 3128 puris
2095 3079 2321 3119 naturalibus

1384 3131 1496 3179 potest
1514 3131 1573 3166 sibi
1588 3130 1788 3177 persuasum
1816 3130 1880 3167 esl'e
1896 3157 1908 3173 ,
1931 3141 2130 3167 narrantem
2162 3133 2194 3167 8(
2220 3144 2321 3169 reve-

1384 3184 1514 3217 lantem
1532 3181 1592 3216 sibi
1609 3181 1706 3222 talia,
1723 3181 1788 3218 effe
1801 3192 1976 3223 veracem,
1990 3183 2095 3227 eique
2107 3181 2253 3228 proinde
2267 3185 2321 3218 in-

1383 3231 1492 3266 dubie
1509 3230 1582 3266 fore
1602 3229 1835 3268 credendum:
1853 3229 1909 3265 sed
1924 3242 1970 3266 ex
1986 3232 2082 3277 puris
2095 3234 2320 3270 naturalibus

1382 3281 1492 3316 credit
1508 3280 1617 3315 homo
1631 3306 1641 3321 ‚
1662 3291 1770 3328 atque
1782 3279 1965 3316 assentitur
1980 3281 2065 3316 huic
2081 3281 2187 3316 {Deus
2202 3282 2248 3329 est
2260 3295 2321 3319 ve.

1380 3342 1448 3366 rax
1462 3330 1494 3364 8(
1513 3330 1629 3372 magis
1646 3341 1754 3375 quam
1767 3340 1890 3365 omnes
1911 3330 2072 3366 homines
2089 3354 2100 3373 ‚
2122 3331 2229 3378 idque
2256 3332 2321 3370 sci-

1381 3378 1464 3414 visse
1475 3390 1514 3413 ac
1529 3377 1697 3414 assensum
1712 3378 1891 3426 praebuisse
1903 3391 1962 3415 eos
1978 3407 1987 3423 ‚
2006 3381 2141 3427 quibus
2165 3384 2321 3430 primum

1384 3429 1557 3464 revelatio
1570 3428 1660 3463 fac-ta
1677 3429 1723 3465 est
1740 3456 1751 3471 ,
1778 3431 1810 3466 8(
1824 3430 1873 3464 ita
1888 3441 2033 3466 caeteros
2045 3442 2192 3473 omnes3
2209 3435 2321 3477 igitur

1386 3478 1455 3515 fide
1469 3478 1636 3524 acquisita
1654 3491 1698 3514 ex
1714 3481 1808 3525 puris
1823 3481 2045 3517 naturalibus
2074 3483 2187 3527 potest
2209 3483 2320 3520 homo

1389 3528 1546 3564 assentire
1559 3530 1722 3563 omnibus
1738 3530 1900 3565 revelatis
1913 3543 1929 3565 a
1947 3530 2046 3572 Deo3
2058 3530 2220 3581 adeoque
2234 3547 2321 3576 prae·

1387 3590 1439 3614 ter
1453 3578 1554 3613 fldem
1586 3579 1790 3623 acquisitam
1818 3591 1887 3615 non
1918 3582 2110 3627 requiritur
2132 3584 2323 3620 necessario

1389 3628 1489 3663 causa
1505 3629 1648 3662 firmiter
1662 3627 1864 3666 assentiendi
1883 3632 2000 3677 aliqua
2018 3632 2082 3666 alia
2107 3632 2194 3669 fides
2212 3660 2222 3670 ,

1487 3676 1728 3712 Confirmatur
1744 3704 1754 3720 ‚
1785 3683 1879 3716 Nam
1899 3681 1957 3716 etsi
1971 3682 2088 3728 aliqua
2109 3682 2249 3719 scientia
2274 3686 2323 3720 ob

1393 3726 1445 3761 sui
1476 3727 1718 3763 difficultatem
1737 3754 1748 3769 ,
1773 3740 1810 3763 ut
1837 3730 2042 3766 (leometria
2067 3730 2145 3768 sciri
2169 3745 2323 3781 nequeat

1395 3777 1514 3814 abisto
1529 3778 1671 3813 homine
1698 3778 1839 3826 propria
1868 3781 2074 3818 inventione
2094 3795 2107 3822 ς
2139 3793 2325 3821 attamen..-

2232 3846 2280 3870 cx
