2628 4026
170 192 310 230 3.disl.23'

129 232 214 260 8126.

113 1218 150 1245 Ut
162 1219 222 1257 q·1.¹'5
245 1222 311 1252 sciat

112 1255 195 1285 fidem
232 1262 309 1290 suam

111 1295 241 1328 incl-'nare
280 1301 308 1329 iu

111 1343 309 1377 verum,opor.

111 1381 151 1401 tet
183 1384 211 1402 ut
260 1377 308 1405 fibi

113 1413 189 1448 prius
203 1415 308 1444 constet

111 1451 161 1478 illa
209 1454 308 1482 eadem

111 1488 165 1519 este
184 1500 272 1520 vera.

433 102 466 158 '4
477 116 493 146 1
505 100 536 148 o
989 99 1170 145 Summae

462 171 585 211 Atque
600 166 718 202 eadem
732 164 780 202 est
797 166 885 203 ratio
897 166 940 203 de
953 167 1027 203 aliis
1039 167 1228 208 habitibus
1244 170 1303 202 in-

364 218 446 255 fusis
461 215 541 250 fidei
561 244 571 258 ,
587 217 620 252 8<
638 215 709 264 spei
729 242 736 250 .
750 220 844 254 Nam
857 218 1063 253 demostrati
1081 230 1151 252 non
1171 217 1297 264 potest,

361 280 421 304 eos
437 267 580 301 habitus
596 268 703 305 alicui
716 267 821 304 ineffe
839 295 848 310 ,
874 269 933 303 nifi
951 267 1202 314 praesuppofita
1216 266 1293 304 fide.

362 319 428 354 Uti
444 314 535 350 enim
547 317 723 353 credimus
741 345 750 361 ,
763 319 829 353 hos
848 318 994 354 habitus
1010 330 1027 351 a
1043 319 1121 352 Deo
1139 317 1294 357 infundi,

357 369 406 402 ita
422 365 599 407 credimus
611 367 686 403 dari
698 370 741 404 ab
755 369 814 404 illo
828 395 839 410 ,
863 370 896 404 8<
917 366 1084 408 infundi,
1112 368 1145 403 8<
1173 365 1294 414 perfici

356 431 418 468 per
432 427 491 452 eos
508 416 704 466 supremam
724 421 851 454 animae
875 419 1102 466 portionem,
1120 415 1294 463 quemad-

357 475 503 513 modum
516 483 598 508 nata
613 470 661 507 est
677 468 829 519 perfici.

459 523 515 561 Ad
527 531 735 567 argumenta
751 544 760 553 .
783 518 841 556 Ad
855 519 1010 565 primum
1024 517 1223 567 respondeo
1235 517 1302 552 fic:v

357 573 581 623 Accipienda
597 571 701 607 fidem
719 598 729 612 ,
742 579 847 617 prout
865 568 951 603 dicit
977 569 1136 606 habitum
1150 578 1296 614 genera-

354 641 430 665 tum
448 655 461 675 ‚
475 637 583 672 atque
598 623 825 658 inclinantem
851 620 884 652 ln
901 620 1040 664 aliquid
1063 632 1131 656 non
1152 617 1298 654 evidens

353 692 398 716 ex
415 679 449 714 se
465 705 476 720 ‚
502 685 670 720 [anquam
684 673 717 709 in
732 679 857 704 verum
869 694 880 709 ,
895 668 1004 716 idque
1017 670 1297 706 determinate„

353 729 545 768 utafl'entit
561 725 610 760 illi
627 733 796 765 tanquam
813 729 900 753 vero
915 743 925 758 ‚
951 717 997 753 fic
1026 718 1140 764 potest
1165 716 1298 763 aliquis

352 783 437 819 scire
453 804 466 822 ‚
488 776 520 814 se
535 776 665 811 habere
681 770 784 805 fidem
801 793 810 808 ‚
835 769 870 802 in
894 768 1100 805 universum
1115 766 1299 815 loquendo

352 836 395 871 de
411 832 480 868 fide
498 856 509 871 2
533 826 585 861 uti
603 824 632 857 Sc
648 822 733 857 scire
747 816 861 866 potest
876 844 888 860 9
901 815 934 852 se
954 817 1135 858 scientiam
1148 818 1298 859 habere,

351 880 536 921 inferendo
562 874 724 908 habitum
753 869 788 904 in
806 866 839 903 se
865 880 909 904 ex
926 866 997 903 suis
1026 870 1193 911 aestibus,
1221 867 1294 907 Sed

349 947 422 971 non
443 918 628 978 propterea
643 921 724 968 quis
741 920 843 960 novit
860 946 871 961 ‚
897 930 956 953 aut
977 917 1066 958 scire
1078 920 1222 969 potest,
1234 916 1295 963 st)

349 986 480 1022 habere
506 977 613 1018 fidem
639 982 773 1008 certam
799 969 1031 1008 determinate
1061 973 1295 1008 inclinantem

349 1037 385 1071 in
400 1042 523 1068 verum
544 1054 554 1069 ,
576 1025 706 1061 adeout
725 1020 809 1056 sciat
828 1046 841 1063 ,
861 1019 970 1056 fidem
988 1023 1056 1059 effe
1082 1035 1204 1060 veram
1221 1050 1232 1065 ,
1255 1024 1292 1060 &

347 1083 438 1125 illud
455 1106 465 1122 ,
482 1082 515 1116 in
527 1075 624 1125 quod
643 1073 790 1110 inclinat
806 1097 818 1112 ‚
837 1069 902 1106 effe
913 1084 1038 1111 verum
1056 1074 1150 1116 3hoc
1166 1075 1294 1111 enim..

375 1135 453 1171 aeto
468 1133 499 1167 8<
516 1131 674 1168 ratione,
702 1122 851 1161 nemoin
865 1121 932 1156 hac
954 1123 1028 1159 vita
1055 1125 1141 1167 scire
1168 1125 1298 1172 potest⁸

347 1188 411 1226 fibi
425 1182 530 1222 inesse
544 1171 985 1226 supernaturalem'fidem
1005 1201 1017 1218 ,
1040 1177 1100 1214 nisi
1119 1179 1218 1213 Deus
1244 1187 1298 1212 re·

347 1239 439 1276 velet
453 1261 463 1271 .
481 1236 575 1272 Nam
591 1229 734 1267 minime
752 1223 839 1260 scire
853 1222 990 1269 possum
1008 1255 1018 1269 ‚
1045 1241 1101 1264 me
1130 1226 1297 1264 assentire

348 1300 435 1327 vero
447 1283 510 1321 nisi
531 1282 629 1328 prius
642 1278 744 1313 sciam
761 1297 773 1317 2
801 1274 868 1310 effe
883 1285 1004 1312 verum
1030 1278 1118 1314 illud
1136 1304 1146 1318 ,
1168 1281 1228 1313 cui
1242 1278 1296 1314 as-

348 1338 486 1380 sensum
498 1333 639 1382 praebeo
657 1342 665 1364 :
696 1327 794 1365 Scire
805 1335 926 1360 autem
943 1328 1100 1372 aliquem
1124 1328 1297 1364 articulo-

348 1404 426 1432 rum
448 1385 517 1424 ess‘c
543 1391 692 1419 verum,
731 1373 939 1422 impossibile
965 1376 1014 1412 est
1037 1391 1104 1426 pro
1132 1375 1298 1426 praesenti

347 1446 438 1482 statu
453 1438 495 1473 de
512 1436 588 1478 lege
605 1426 789 1466 communi
806 1439 817 1466 3
845 1425 928 1462 ideo
944 1428 995 1462 uti
1011 1429 1119 1465 eredo
1134 1455 1146 1472 ,
1175 1431 1297 1465 Deum

347 1495 416 1534 effe
444 1490 577 1524 trinum
596 1508 608 1524 ‚
631 1481 664 1516 8(
680 1488 791 1514 unum
807 1502 817 1517 ,
843 1477 877 1512 Sc
894 1489 964 1514 non
994 1478 1089 1523 scio,
1118 1492 1184 1517 nec
1212 1479 1296 1516 scire

351 1541 488 1594 possum
508 1533 595 1571 illud
609 1542 674 1578 pro
691 1528 785 1582 statu
804 1526 890 1570 isto,
904 1529 951 1564 ita
968 1531 1076 1566 credo
1094 1560 1103 1573 ,
1117 1544 1172 1568 me
1184 1530 1295 1565 habe·

347 1593 501 1635 reffidem
517 1583 669 1620 infusam
700 1577 934 1614 inclmantem
954 1580 989 1615 in
1006 1580 1095 1616 illud
1112 1608 1121 1622 ‚
1150 1584 1239 1617 ficut
1261 1582 1297 1616 in

347 1655 474 1684 verum
492 1665 502 1681 ,
520 1633 616 1683 quod
629 1629 679 1667 est
695 1629 731 1666 in
742 1625 775 1664 se
791 1639 940 1667 verum:
969 1629 1005 1666 8<
1028 1633 1077 1667 ita
1089 1631 1132 1669 de
1160 1632 1297 1671 caeteris,

346 1681 667 1736 habitibusinfufis
680 1703 690 1713 .

1207 96 1393 166 Joannis
1429 97 1557 144 Dtms
1590 96 1706 145 Scoti

1476 167 1642 211 lntelligit
1657 177 1740 212 ergo
1753 160 1982 210 Augustinus
1997 163 2040 201 sic
2065 164 2171 201 fidem
2204 166 2318 202 videri

1371 227 1448 261 quo
1461 216 1566 252 modo
1582 217 1747 252 concedit
1763 242 1771 256 ,
1787 217 1935 250 animam
1953 214 2087 262 semper
2118 213 2152 251 se
2175 216 2317 257 nosse-‚3

1370 276 1441 301 non
1457 265 1556 310 quod
1574 264 1771 312 semper-stit
1801 264 1900 300 acius
1929 265 2069 301 elicitus
2087 278 2098 305 3
2127 266 2195 302 Sed
2225 279 2319 313 quo-

1370 315 1462 351 niam
1479 314 1613 360 semper
1626 316 1676 351 est
1689 314 1843 362 perfecta
1858 313 2040 362 praesentia
2071 314 2208 362 objeffi
2235 317 2318 353 afilu

1369 366 1607 411 intelligibilis
1624 377 1632 399 :
1647 364 1740 400 unde
1753 365 1839 400 dicit
1857 391 1868 406 ,
1883 377 2004 402 rerum
2019 364 2216 412 absentium
2226 377 2318 415 prce-

1359 414 1440 462 fi’ns
1453 413 1602 461 estfi'des
1619 416 1697 457 (γε.
1710 414 1760 448 ita
1772 414 1872 460 quod
1889 417 1923 450 in
1940 416 2146 452 universum
2164 417 2255 453 illud
2272 419 2317 454 ad

1367 465 1469 510 quod
1496 466 1604 506 habet
1640 467 1754 501 anima
1785 466 1984 510 potentiam
2026 467 2315 505 accidentalem,

1367 516 1607 561 propinquam
1628 513 1799 553 noscendi
1822 537 1836 554 ,
1871 516 1940 550 hoc
1966 514 2197 563 Augustinus
2227 519 2316 555 dicit

1373 576 1449 599 eam
1462 565 1605 602 noscere
1622 592 1632 607 ,
2036 566 2042 568 ”

1475 615 1533 657 Ad
1550 613 1744 654 secundum
1757 613 1954 661 respondeo
1970 641 1982 658 ,
2010 617 2147 656 dietum
2169 618 2237 658 effe
2247 633 2316 657 nu-

1373 677 1433 713 per
1449 693 1458 707 ‚
1470 679 1652 715 quemque
1667 679 1709 702 ex
1720 664 1791 701 suis
1806 665 1947 704 affitibus
1959 665 2220 714 deprehendere
2232 671 2318 720 pos.

1373 717 1407 755 se
1426 718 1570 756 habitus
1598 718 1659 754 fibi
1689 717 1902 756 inhaerentes
1930 716 2123 763 acquisitos
2147 718 2315 767 scientim

1372 767 1431 806 sed
1445 771 1605 816 neganda
1619 769 1668 805 est
1685 765 1936 813 consequentia
1954 766 1997 803 de
2011 766 2192 810 habitibus
2216 772 2318 813 insu.

1369 820 1436 861 fis3
1470 821 1635 868 quicirra
1668 819 1736 856 Dei
1759 817 2017 854 revelationem
2035 844 2048 860 ‚
2075 829 2215 857 tantum
2244 834 2315 863 cre.

1368 870 1505 907 duntur
1523 897 1532 907 .
1545 871 1614 909 Sed
1627 871 1816 907 dicebatur
1830 868 1866 903 in
1880 879 2093 915 argumento
2113 894 2122 908 ‚
2135 869 2316 914 scientiam

1367 919 1434 960 effe
1447 922 1581 961 donum
1599 921 1668 957 Dei
1682 944 1694 964 ‚
1709 918 1809 957 uti&
1828 917 2036 955 charitatem
2055 945 2065 955 .
2092 920 2235 959 Falsum
2266 927 2316 964 est

1366 972 1437 1007 hoc
1463 985 1476 1013 ;
1501 975 1584 1019 quia
1611 971 1754 1008 scientia
1785 968 1834 1005 est
1862 966 2166 1017 supernaturaliS,
2194 978 2319 1020 quoad

1369 1023 1535 1065 modum3
1548 1024 1704 1059 charitas
1716 1029 1803 1057 vero
1815 1019 1952 1058 nonnisi
1968 1031 1988 1054 a
2002 1018 2085 1059 Deo
2095 1022 2212 1073 potest
2235 1039 2320 1075 pro.

1371 1075 1480 1116 duci,
1495 1076 1526 1110 8<
1548 1073 1689 1110 infundi
1706 1071 1823 1118 anime
1841 1093 1850 1104 .

1474 1125 1533 1165 Ad
1560 1125 1702 1161 tertium
1734 1120 2011 1160 concedendum
2035 1122 2084 1161 est
2099 1151 2111 1168 ‚
2133 1137 2317 1176 quemque

1370 1178 1457 1215 scire
1476 1176 1570 1224 poffe
1591 1185 1689 1212 certo
1703 1201 1714 1216 ,
1737 1172 1770 1207 se
1786 1171 1852 1208 effe
1868 1174 1904 1209 in
1927 1176 2083 1220 peccatis
2098 1204 2109 1220 ,
2135 1189 2218 1214 cum
2244 1180 2317 1216 labi

1369 1232 1406 1266 in
1425 1240 1610 1277 peccatum
1632 1223 1822 1270 contigerit
1845 1236 1857 1264 3
1880 1224 1950 1261 Sed
1980 1229 2183 1272 negandum
2198 1232 2315 1274 perin-

1368 1281 1413 1316 de
1427 1306 1437 1320 ‚
1465 1278 1560 1314 nosse
1578 1278 1639 1313 fibi
1665 1277 1817 1322 gratiam
1839 1274 1945 1310 inesse
1959 1302 1971 1318 ‚
1996 1287 2079 1313 cum
2094 1280 2314 1324 poenituerit.

1369 1334 1467 1367 Nam
1482 1329 1589 1364 homo
1605 1328 1658 1363 sui
1682 1324 1819 1362 arbitrii
1845 1325 2021 1373 potestate
2049 1328 2120 1364 labi
2140 1330 2254 1376 potest
2280 1335 2314 1369 in

1369 1389 1558 1428 peccatum
1574 1405 1587 1421 ,
1605 1377 1745 1411 sednon
1762 1375 1884 1411 eadem
1913 1375 2086 1424 potestate
2111 1380 2205 1414 valet
2232 1381 2314 1418 inde

1373 1429 1557 1475 resurgere
1575 1439 1676 1469 ‚cum
1690 1427 1722 1461 id
1736 1437 1860 1461 omnes
1874 1436 2007 1461 naturae
2023 1427 2118 1462 vires
2134 1429 2237 1473 plane
2252 1443 2316 1467 ex-

1371 1481 1499 1517 cedat:
1527 1492 1638 1527 quare
1649 1476 1744 1514 nofl‘e
1760 1477 1906 1523 quidem
1933 1475 2048 1524 potest
2063 1503 2075 1519 ‚
2101 1489 2182 1523 quae
2205 1480 2239 1513 in
2262 1480 2316 1517 sui

1369 1533 1601 1567 continentur
1616 1527 1792 1578 potestate
1808 1553 1820 1569 ,
1848 1525 1904 1562 sed
1918 1538 1986 1562 non
2004 1539 2084 1574 quae
2101 1527 2180 1564 sunt
2210 1528 2316 1579 supi-2

1370 1594 1506 1618 naturae
1520 1584 1611 1617 vires
1629 1608 1638 1621 ‚
1662 1591 1742 1626 quae
1757 1589 1946 1626 propterea
1969 1578 2014 1614 ad
2033 1577 2315 1626 fideiobjeftum

1368 1633 1568 1683 pertinent,
1583 1642 1622 1670 ut
1637 1631 1771 1668 dietum
1783 1628 1849 1665 fuit
1862 1653 1873 1663 .

2076 3771 2249 3836 (ΨΕ-

2366 195 2406 234 lix
2421 197 2549 233 quodlib.
2602 212 2605 245 L

2351 241 2401 261 cit.

2367 641 2439 672 Non
2464 645 2551 673 licere

2349 688 2384 710 ex
2446 683 2551 712 aclibus
2606 715 2607 718 Ἴ

2351 718 2499 751 habituum
2512 731 2555 754 ac,

2349 760 2513 796 quifitorum

2354 798 2456 827 inferre
2481 803 2553 836 pari.
2606 814 2607 817 ¹

2353 843 2396 864 ter
2443 837 2553 869 habitus

2347 875 2456 907 infusos
2468 894 2479 905 .

2354 1169 2553 1209 Qamobrem

2350 1212 2414 1246 quis
2451 1208 2554 1236 nesciat

2350 1248 2380 1277 se
2397 1257 2444 1286 per
2461 1247 2554 1285 poenit

2352 1295 2476 1315 tentiam
2492 1294 2554 1312 CC(-

2349 1333 2383 1355 to
2405 1325 2457 1353 Dei
2495 1331 2556 1361 gra-

2351 1365 2420 1392 tiam
2447 1361 2550 1400 adepti]

2351 1400 2404 1430 effss
2416 1418 2427 1430 ο
