2653 4057
150 325 183 352 a·
194 315 222 343 d·
234 323 281 352 49.

133 356 160 387 §0
169 356 193 382 R
198 353 293 392 espond

127 393 249 431 primam

129 431 242 466 (tionem
253 451 263 462 .

105 2714 162 2745 Pro
175 2716 271 2745 harum
295 2715 338 2744 in·

103 2755 217 2783 tollent-tu
263 2754 338 2785 solu-

105 2801 241 2829 tionum,
275 2792 340 2822 vide

104 2832 255 2870 Hiquaeum
278 2832 338 2861 in-,

104 2871 307 2901 Commentario
329 2888 343 2902 ο

102 3264 213 3294 Veiens
226 3271 342 3302 propter

103 3302 130 3332 se
142 3304 340 3341 negativc,n0n

103 3341 164 3370 vult
175 3350 205 3371 ut
227 3341 312 3371 finem
329 3359 340 3371 .

902 197 1063 247 Tomus
1087 196 1170 246 III.
1198 197 1374 248 Part-'L
1403 195 1594 266 Qaestio
1623 199 1660 245 J.
1671 200 1773 246 Art.
1786 198 1863 248 VI.

401 280 507 319 quam
539 267 806 304 inclinationem
830 269 1012 315 quandam
1037 277 1174 303 naturae
1198 293 1210 310 ‚
1234 266 1341 310 qu'us

297 326 370 386 (1·Υᾶ
399 322 448 359 est
464 319 507 355 ad
537 319 720 367 propriam
746 316 1027 366 perfeetionem‚
1050 329 1116 353 nec
1136 317 1250 364 magis
1274 317 1342 352 im-

292 368 365 436 222,

399 383 538 418 portare
551 369 670 407 aetum
685 368 845 406 elicitum
869 368 906 405 in
931 369 1122 405 voluntate
1138 395 1151 411 ,
1177 378 1288 415 quam
1302 366 1340 401 in

393 421 510 471 lapide
526 445 536 456 .

497 470 703 510 Secundum
719 468 856 507 diaum
869 483 880 504 =
894 469 934 508 Si
945 468 1058 505 sermo
1070 467 1131 504 fiat
1154 467 1198 504 de
1222 467 1340 502 homi-

395 524 453 560 nis
467 523 631 571 appetitu
658 522 840 562 naturali,
870 520 944 568 ipse
960 518 1136 566 quicquid
1149 518 1252 560 vult,
1278 528 1341 564 ap-

394 575 487 623 petit
504 583 648 620 propter
662 572 832 608 ultimum
847 569 953 607 finem
967 582 980 611 3
1007 569 1080 606 Sed
1106 579 1280 614 quantum
1295 565 1340 601 ad

393 625 590 673 appetitum
615 621 894 659 deliberativum
916 649 929 664 ‚
964 618 1081 668 potest
1105 619 1195 654 velle
1220 618 1342 662 aliqua

390 687 464 713 non
477 684 623 723 propter
638 673 802 709 ultirtum
816 672 921 708 finem
935 681 1008 707 tam
1019 669 1184 716 negative
1196 694 1206 710 ‚
1228 679 1341 716 quam

366 768 368 771 y
393 726 573 762 contrarie
590 750 599 760 .
618 724 826 760 Declaratio
840 724 962 771 primae
983 721 1095 769 partis
1117 733 1127 756 ε
1156 722 1251 757 Nam
1277 729 1340 765 pe-

392 788 455 814 nes
467 777 571 813 talem
585 775 788 822 appetitum
801 775 971 812 voluntas
985 769 1179 807 necessario
1190 795 1199 810 ‚
1213 769 1247 805 8(
1263 778 1341 817 per.

391 839 530 876 petuo,
557 825 592 861 &
618 824 751 861 summe
781 823 918 872 appetit
943 822 1041 858 suam
1066 821 1337 869 perfefflonem,

390 891 473 926 quae
486 877 630 925 praecise
647 876 708 911 fita
719 874 768 912 est
785 875 821 910 in
837 875 965 910 ultimo
977 872 1047 908 fine
1064 873 1156 908 clare
1171 869 1247 905 viso
1261 897 1272 913 ,
1301 870 1337 905 8(

388 934 536 978 propter
547 926 580 962 se
595 937 713 962 amato
727 953 737 963 .
749 926 892 962 Summa
906 924 998 959 enim
1024 921 1213 958 inclinatio
1234 931 1339 957 natu.

388 991 438 1015 1·ae
453 978 503 1015 est
521 977 565 1013 ad
579 977 749 1014 summam
761 976 871 1022 ipfius
888 971 1140 1023 perfe&ionem
1156 999 1166 1015 ,
1189 984 1260 1008 non
1277 971 1341 1006 ali-

387 1030 426 1067 bi
443 1030 574 1075 utique
590 1028 832 1077 reperiendam
850 1052 862 1068 ,
888 1037 1000 1073 quam
1022 1025 1058 1058 in
1084 1024 1213 1059 ultimo
1241 1021 1335 1067 fine3

384 1078 566 1128 quicquid
581 1091 668 1125 ergo
684 1077 893 1116 naturaliter
916 1075 1084 1111 voluntas
1103 1076 1241 1122 appetit
1255 1102 1265 1117 ,
1293 1087 1338 1111 eo

385 1129 503 1167 tendit
520 1157 529 1171 ,
557 1140 597 1164 ut
623 1131 778 1166 maxime
810 1124 1017 1174 perficiatur
1045 1135 1222 1171 quantum
1256 1125 1336 1162 fieri

385 1178 502 1229 potest
519 1206 531 1222 ,
552 1179 688 1227 {ibique
698 1179 746 1217 est
758 1177 918 1228 poffibile
930 1189 939 1213 :
951 1177 1071 1212 omnia
1087 1187 1172 1223 ergo
1185 1203 1199 1219 ,
1214 1178 1247 1214 8<
1267 1177 1335 1213 fin-

382 1234 470 1278 gula
485 1231 624 1278 appetit
642 1241 792 1279 propter
803 1229 972 1266 ultimum
986 1227 1092 1263 finem
1107 1253 1118 1268 ,
1145 1239 1228 1264 cum
1256 1227 1335 1263 sua·

383 1294 445 1329 pte
457 1293 583 1318 natura
599 1282 816 1318 ordinentur
843 1278 887 1314 ad
907 1279 1011 1315 illum
1027 1303 1040 1320 ,
1065 1287 1177 1324 atque
1200 1280 1245 1315 ab
1269 1279 1334 1314 illo

382 1331 590 1382 acceperint
607 1333 904 1381 appetibilitatem
920 1356 930 1366 .

484 1386 733 1421 Veruntamen
762 1380 1003 1418 deliberativo
1033 1382 1197 1428 appetitu
1232 1392 1336 1418 non..

380 1445 552 1480 oportere
566 1435 792 1471 voluntatem
807 1432 985 1480 quicquid
998 1433 1134 1480 appetit
1151 1459 1162 1474 ,
1184 1443 1335 1480 propter

380 1486 549 1522 ultimum
566 1495 735 1533 appetere
752 1485 858 1521 finem
871 1510 884 1526 ‚
897 1484 1065 1530 negative
1081 1511 1095 1527 ‚
1111 1482 1243 1519 scilicet
1261 1495 1332 1520 non

381 1534 666 1580 volendoipsum
682 1545 831 1584 propter
843 1546 963 1571 veram
989 1532 1195 1570 felicitatem
1209 1560 1222 1576 ‚
1250 1546 1333 1582 pro-

381 1587 406 1621 b
419 1597 512 1622 :tur:
529 1590 625 1623 Nam
641 1587 757 1629 potest
774 1588 945 1621 voluntas
958 1596 1029 1620 non
1046 1586 1138 1621 velle
1150 1588 1332 1629 negative,

381 1633 483 1679 quod
501 1633 549 1670 est
566 1635 609 1668 ad
623 1634 728 1670 finem
746 1634 913 1670 ultimum
940 1634 1146 1672 ordinatum
1171 1659 1182 1671 .
1211 1632 1333 1682 Siqui-

381 1684 462 1718 dem
482 1685 553 1719 inte
563 1683 688 1718 nefins
701 1684 849 1728 quidvis
860 1682 960 1719 aliud
973 1685 1019 1719 ab
1032 1686 1161 1722 ultimo
1182 1686 1253 1720 fine
1267 1698 1332 1733 po-

381 1732 661 1776 testintelligere
674 1733 730 1767 vel
759 1734 918 1776 cogitare
933 1759 944 1773 ‚
977 1745 1088 1778 atque
1107 1735 1261 1783 idipsum
1288 1748 1330 1773 ut

378 1784 450 1819 tale
467 1781 558 1818 velle
574 1782 853 1825 voluntas3ergo
871 1792 956 1816 tunc
970 1782 1141 1820 voluntas
1158 1796 1231 1817 non
1248 1789 1328 1820 vult

375 1834 492 1881 ipsum
511 1842 657 1879 propter
671 1833 840 1868 ultimum
858 1830 963 1868 finem
994 1858 1004 1868 .
1028 1831 1195 1873 Deinde,
1223 1832 1329 1870 intel.

374 1884 491 1921 leGIus
507 1881 622 1927 potest
635 1883 798 1930 cogitare
824 1881 882 1917 seu
905 1881 1121 1928 cognoscere
1151 1883 1326 1922 rationem

374 1935 473 1971 illam
492 1934 602 1975 boni,
627 1945 697 1968 non
712 1944 752 1969 ut
765 1932 808 1967 ad
826 1932 934 1970 finem
959 1933 1148 1971 ordinatur
1162 1960 1172 1974 ‚
1197 1931 1255 1969 sed
1287 1947 1328 1972 ut

372 1987 413 2022 in
428 1984 461 2021 se
477 1984 525 2021 est
538 1983 721 2030 quoddam
735 1986 899 2021 bonum:
929 1997 1019 2031 ergo
1034 1984 1099 2020 sub
1116 1984 1238 2023 eadem
1270 1999 1325 2022 ra-

373 2038 473 2072 tione
484 2034 597 2083 potest
614 2034 700 2069 illud
718 2035 899 2082 appetitus
924 2047 1185 2085 appeterenon
1209 2036 1245 2072 in
1265 2050 1326 2075 01·-

374 2086 457 2123 dine
468 2086 511 2121 ad
530 2086 696 2121 ultimum
716 2085 820 2123 finem
838 2113 846 2122 .

475 2135 670 2172 Contrarie
695 2137 803 2173 etiam
831 2138 949 2184 potest
974 2139 1106 2186 aliquis
1132 2139 1178 2177 fic
1211 2140 1324 2177 velle:

373 2190 472 2225 Nam
487 2187 603 2223 fidelis
618 2186 894 2233 apprehendens
921 2189 1028 2225 finem
1047 2217 1059 2232 ‚
1079 2201 1181 2227 cetto
1203 2202 1301 2228 tenet
1314 2218 1324 2234 ‚

374 2237 474 2275 suam
494 2237 751 2275 beatitudinem
769 2241 953 2288 repositam
966 2241 1033 2277 effe
1052 2241 1085 2276 in
1098 2240 1178 2278 Deo
1200 2243 1295 2278 trino
1310 2269 1324 2285 ‚

375 2290 411 2325 8(
425 2301 501 2325 uno
520 2287 846 2327 ‚stmiliterautem
863 2291 1097 2338 apprehendit
1117 2291 1324 2328 fornicatio-

374 2352 455 2375 nem
479 2351 517 2375 nt
547 2339 790 2386 impoffibilem
822 2342 984 2378 ordinari
1005 2342 1049 2377 ad
1073 2341 1180 2378 finem
1208 2343 1322 2380 illum‘:

374 2390 444 2428 Sed
459 2388 616 2426 diaante
630 2389 815 2428 intellthu
829 2392 1102 2429 fornicationem
1130 2392 1228 2428 haud
1256 2393 1323 2430 effe

371 2440 614 2478 ordinabilem
633 2441 674 2477 ad
686 2438 793 2478 finem
809 2443 907 2478 illum
926 2470 937 2486 ,
963 2444 1026 2491 qui
1041 2443 1089 2480 est
1119 2443 1323 2487 beatitudo,

371 2493 445 2528 imo
461 2491 527 2527 effe
541 2491 602 2528 fini
620 2494 836 2529 contrariam
850 2520 860 2535 ,
886 2494 1054 2530 voluntas
1068 2506 1132 2542 pro
1149 2493 1201 2530 sui
1218 2495 1324 2531 liber—

371 2553 446 2578 tate
460 2544 557 2590 eligit
576 2542 850 2580 fornicationem
868 2557 879 2585 ;
903 2557 989 2590 ergo
1004 2544 1074 2592 ipsa
1087 2544 1202 2593 potest
1230 2546 1323 2581 velle

374 2595 494 2642 aliqua
510 2606 580 2631 non
605 2605 750 2641 propter
779 2595 947 2632 ultimum
965 2595 1070 2632 finem
1089 2608 1162 2632 tam
1181 2607 1324 2633 contra·

375 2646 427 2680 rie
440 2672 450 2687 ‚
472 2657 579 2689 quam
595 2645 799 2693 privative

475 2694 536 2730 Ad
554 2706 765 2741 argumenta
788 2721 796 2729 .
821 2695 880 2731 Ad
895 2698 1048 2738 primum
1063 2697 1217 2732 dicimus
1246 2697 1325 2733 Au-

375 2746 505 2792 gustini
520 2747 798 2794 pronunciatum
813 2746 989 2784 verificari
1005 2748 1048 2783 de
1073 2747 1237 2794 appetitu
1261 2761 1323 2784 na-

375 2797 510 2840 uitali,
534 2807 596 2832 aut
610 2797 716 2832 etiam
731 2795 774 2832 de
789 2796 949 2845 appetitu
964 2799 1196 2835 deliberativo
1208 2826 1219 2842 ,
1247 2812 1322 2835 mo-

375 2847 422 2883 do
440 2848 480 2884 fit
492 2846 610 2884 reaus
624 2870 634 2881 .

476 2897 533 2935 Ad
548 2897 740 2936 secundum
766 2898 960 2936 dicendum
978 2927 991 2944 ‚
1013 2903 1143 2947 utique
1169 2903 1321 2948 primum

374 2950 569 2996 appetibile
593 2952 628 2985 in
652 2948 684 2985 se
707 2949 846 2985 causam
874 2950 941 2987 else
963 2952 1124 2987 omnium
1150 2952 1323 2998 appetibi-

375 3000 486 3042 lium,
507 3012 579 3036 non
592 3011 710 3036 tamen
735 3001 768 3034 in
797 3001 922 3037 ordine
949 3001 992 3037 ad
1020 3004 1237 3049 potentiam,
1259 3001 1319 3037 nist

373 3048 416 3084 fit
427 3052 588 3095 potentia
608 3051 687 3086 talis
706 3077 716 3091 ‚
739 3063 822 3098 quae
842 3064 911 3087 non
939 3052 1054 3099 potest
1077 3053 1137 3089 nifi
1159 3052 1322 3089 ordinate

374 3102 468 3137 velle
484 3129 496 3144 ,
520 3103 578 3138 vel
602 3101 747 3137 tendere
763 3102 796 3136 in
826 3101 1012 3147 objeaum
1048 3117 1060 3144 ;
1098 3104 1178 3139 talis
1202 3113 1321 3139 autem

373 3163 446 3187 non
464 3152 512 3188 est
531 3152 699 3188 xoluntas
718 3178 730 3194 ‚
758 3162 798 3187 ut
813 3151 861 3188 est
877 3154 986 3189 libera
1000 3181 1012 3196 ,
1036 3155 1069 3190 8(
1086 3154 1168 3191 ideo
1178 3166 1249 3189 non
1273 3151 1321 3190 se·

371 3204 499 3248 quitur
515 3203 629 3238 illatio
646 3228 656 3237 .

475 3252 535 3289 Ad
553 3255 697 3289 tertium
714 3251 911 3300 respondeo
926 3253 996 3294 fic:
1018 3254 1197 3291 Voluntas
1209 3253 1324 3301 potest

375 3304 467 3339 velle
479 3304 616 3352 aliquid
642 3314 785 3352 [ropter
798 3303 831 3338 se
843 3307 1009 3350 nagative
1026 3332 1037 3346 ,
1049 3315 1231 3352 quatenus
1247 3319 1259 3339 t
1272 3306 1325 3341 ult

375 3353 492 3402 ipsum
511 3381 522 3398 ‚
539 3365 578 3390 ut
592 3366 664 3391 non
678 3354 858 3391 referibile
877 3369 886 3388 ;
911 3355 980 3391 Sed
993 3367 1062 3391 non
1083 3355 1196 3402 potest
1210 3355 1324 3402 ipsum

374 3406 472 3441 velle
483 3405 661 3441 contrarie
676 3430 688 3446 ,
707 3415 745 3440 ut
758 3405 857 3452 quod
872 3407 958 3441 velit
972 3405 1087 3454 ipsum
1103 3432 1114 3447 ,
1133 3417 1173 3441 ut
1186 3417 1255 3441 non
1271 3418 1328 3441 re·

373 3455 514 3491 serlbile
524 3481 534 3491 .
556 3455 683 3503 ltaque
695 3454 741 3491 fic
755 3455 846 3491 velle
857 3467 1001 3500 propter
1015 3455 1048 3492 se
1059 3457 1234 3492 contrarie
1246 3468 1326 3503 per-

370 3507 460 3541 tinet
478 3505 521 3541 ad
536 3503 827 3549 rationemfinis:
842 3504 986 3552 Spefkat
1000 3507 1092 3543 enim
1105 3501 1327 3553 adsrui3non

371 3565 494 3592 tamen
505 3566 593 3592 tunc
610 3556 688 3592 vult
702 3557 752 3590 ita
769 3566 915 3604 propter
943 3556 976 3593 se
991 3585 1002 3600 ‚
1026 3569 1065 3593 ut
1090 3557 1257 3594 excludat
1287 3557 1330 3592 il-

372 3604 436 3641 lud
451 3632 461 3648 ,
488 3607 587 3654 quod
604 3606 834 3642 vult-ratione
849 3606 931 3642 finis
950 3609 1097 3644 alterius
1127 3634 1137 3644 .
1164 3606 1221 3645 Ex
1247 3608 1331 3653 qui-

374 3655 446 3691 bus
463 3657 505 3691 ad
519 3667 771 3704 argumentum
787 3683 800 3699 ‚
825 3657 917 3693 Vult
938 3669 1078 3706 propter
1091 3657 1124 3694 se
1149 3659 1331 3705 negative,

373 3707 460 3751 quia
484 3719 554 3742 non
586 3707 727 3742 ordinat
749 3706 865 3754 ipsum
894 3707 937 3743 ad
967 3707 1073 3744 finem
1097 3734 1107 3750 ,
1144 3707 1304 3746 concedo
1322 3733 1331 3742 .

355 3777 358 3781 -
376 3754 450 3789 Sed
467 3768 538 3792 non
555 3767 676 3793 tamen
687 3758 766 3793 vult
784 3760 961 3794 contrarie
976 3785 987 3802 ,
1014 3757 1145 3795 adeout
1161 3758 1250 3795 illud
1279 3770 1333 3794 re-

374 3801 515 3842 ,feriblle
529 3819 601 3843 non
616 3807 654 3842 fit
666 3806 709 3841 ad
723 3807 830 3844 finem
847 3833 857 3842 .

477 3855 537 3893 Ad
554 3858 710 3902 primum
723 3859 760 3895 in
788 3857 995 3906 oppositum
1020 3857 1130 3902 dieo,
1154 3857 1335 3910 Equidem

495 3905 594 3942 Tam.
608 3905 679 3943 111.

2245 224 2280 263 9

1410 277 1481 299 non
1496 277 1677 312 quemque
1689 267 1772 302 atsto
1786 269 1906 303 elicito
1917 269 2008 305 velle
2021 268 2292 317 beatitudinem,
2304 285 2349 308 eo

1406 315 1509 361 quod
1524 326 1594 350 non
1606 315 1799 362 cognoscat
1813 329 1826 357 3
1839 318 1982 354 tendere
1996 320 2160 354 tamenin
2175 321 2267 357 illam
2287 337 2349 368 ap-

1407 366 1522 411 petitu
1539 368 1718 408 naturali,
1741 368 1892 414 quinon
1918 367 2077 416 sequitur
2103 372 2348 414 cognitionem

1405 415 1514 462 ipfius
1527 417 1708 454 tendentis
1719 441 1732 455 ‚
1761 416 1817 452 sed
1829 417 2016 455 necessario
2031 420 2187 464 interim,
2202 422 2234 457 8<
2260 422 2348 458 sern-

1405 477 1470 512 per
1483 464 1531 503 est
1542 467 1583 501 ad
1601 467 1705 504 finem
1720 492 1729 503 .

1507 516 1567 552 Ad
1581 519 1679 554 aliud
1694 517 1888 566 respondeo
1903 517 1947 553 fic
1975 530 1984 552 τ
2013 518 2154 555 Siunus
2178 520 2279 558 astus
2299 521 2348 558 est

1406 568 1640 615 comparandi
1658 591 1671 611 ‚
1695 570 1729 605 3<
1745 569 1811 615 qui
1828 568 1876 604 cst
1905 569 1996 604 circa
2017 580 2175 606 extrema
2198 583 2349 619 compa-

1405 627 1481 653 rata
1497 644 1509 660 ,
1538 629 1624 655 tunc
1636 620 1740 666 plana
1753 618 1802 654 est
1831 618 1963 654 solutio
1985 631 1994 653 τ
2026 619 2064 655 Si
2091 631 2176 655 vero
2198 635 2269 657 non
2297 624 2345 659 est

1404 666 1574 710 idem,sed
1591 670 1681 705 alius
1699 670 1732 706 8(
1748 670 1855 710 alius;
1872 679 1958 704 tunc
1971 668 2020 703 est
2038 668 2296 713 dubium,ficut
2311 677 2344 710 in

1399 718 1584 756 intellec-‘tu
1598 719 1818 757 discurrente
1832 720 1875 755 de
1891 717 2069 766 praemiflis
2085 720 2127 754 ad
2152 723 2348 760 conclusio-

1403 780 1483 804 nem
1499 796 1508 805 .
1523 769 1712 807 Discursus
1724 772 1818 808 enim
1830 768 1921 806 alius
1936 769 2037 805 ae‘tus
2050 770 2099 805 est
2112 797 2123 813 ‚
2148 783 2256 818 quam
2281 778 2345 821 qui

1401 818 1451 855 est
1462 822 1557 856 circa
1571 823 1766 868 principia,
1787 822 1821 856 8(
1848 820 2094 858 conclufiones
2110 847 2121 863 ‚
2146 824 2204 858 vel
2230 823 2321 861 idern
2336 852 2347 865 .

1402 870 1461 907 Ad
1476 872 1695 919 propositum
1711 885 1799 919 ergo
1811 897 1822 913 ‚
1837 872 1858 906 fi
1876 871 1976 907 ati-”tus
1988 871 2181 909 collativus
2192 871 2240 909 est
2253 886 2346 914 unus

1400 932 1647 958 extremorum
1662 951 1674 966 ,
1694 924 1793 971 quod
1816 922 1864 958 est
1889 920 2047 970 poffibile
2063 949 2074 963 ‚
2098 925 2183 971 quia
2203 922 2348 970 objeeta

1400 972 1505 1019 plura
1533 972 1699 1010 habentia
1720 974 1880 1009 ordinem
1910 973 2001 1008 inter
2027 971 2084 1014 se,
2116 974 2258 1023 poffunt
2282 974 2349 1013 effe

1399 1021 1583 1068 objeetum
1597 1026 1704 1061 unius
1718 1023 1819 1061 aetus
1833 1050 1847 1065 ‚
1870 1025 1926 1059 vel
1944 1023 2052 1059 unius
2067 1026 2235 1072 potentiae
2259 1035 2349 1063 tunc

1400 1071 1535 1109 solutio
1548 1075 1732 1122 planaest.
1758 1075 1931 1111 Siautem
1943 1071 2044 1111 aftus
2070 1077 2164 1112 circa
2187 1086 2352 1113 extrema,

1400 1133 1545 1159 manent
1561 1137 1643 1162 cum
1660 1127 1720 1162 illo
1734 1124 1839 1169 abiu,
1862 1136 1948 1161 tunc
1974 1125 2168 1163 necessario
2193 1125 2282 1162 stant
2308 1127 2351 1164 fi-

1400 1175 1475 1210 mul
1488 1173 1562 1211 duo
1572 1176 1672 1213 εὲὶυε
1685 1179 1720 1214 in
1732 1177 1852 1212 eadem
1868 1176 2027 1224 potentia
2041 1202 2053 1218 ,
2076 1189 2142 1213 nec
2169 1177 2219 1213 illi
2245 1175 2349 1215 aftus

1398 1225 1494 1260 circa
1515 1237 1679 1264 extrema
1707 1227 1910 1274 impediunt
1935 1229 2265 1274 comparationem,
2292 1229 2348 1267 sed

1398 1274 1592 1313 necessario
1608 1278 1843 1327 requiruntur
1853 1278 1897 1313 ad
1911 1276 2021 1324 ipsam
2039 1303 2050 1314 .

1538 1376 2052 1419 ARTlCULUS
2120 1377 2210 1418 Vll.

1501 1480 1640 1518 Utrum
1655 1481 1694 1519 fit
1710 1492 1804 1518 unus
1820 1482 1969 1518 ultimus
1983 1480 2063 1519 finis
2086 1483 2252 1520 omnium

1601 1546 1604 1547 ⁷
1765 1532 1954 1569 hominum
1975 1558 1985 1570 .

1456 1632 1588 1672 DoHor
1599 1634 1680 1671 lacis
1692 1636 1731 1670 in
1746 1635 1904 1680 margine
1933 1634 2057 1671 citatis
2071 1661 2081 1670 .
2099 1635 2139 1673 S.
2160 1633 2284 1674 Thom.

1714 1697 1793 1720 102.
1818 1697 1850 1731 q.
1869 1695 2030 1730 1.art.7.

1523 1784 1647 1820 ldetur
1663 1795 1734 1818 non
1750 1785 1912 1821 omnium
1937 1786 2126 1822 hominum
2155 1782 2223 1820 else
2248 1791 2345 1818 unus

1534 1833 1682 1869 ultimus
1695 1832 1775 1867 finis
1792 1859 1801 1868 .
1818 1836 1953 1870 Etenim
1969 1847 2014 1870 ex
2035 1835 2138 1870 dietis
2150 1843 2221 1869 art‘.
2235 1846 2268 1879 4.
2288 1844 2346 1866 ra-

1396 1883 1452 1917 tio
1464 1881 1674 1918 ultimifinis
1705 1884 1863 1920 maxime
1889 1886 2088 1930 reponenda
2119 1883 2167 1919 est
2189 1886 2225 1920 in
2252 1884 2314 1918 il'.o
2332 1909 2346 1924 ,

1395 1935 1457 1980 qui
1475 1933 1681 1980 fimpliciter
1693 1932 1742 1968 est
1758 1946 1902 1981 propter
1916 1934 1947 1970 se
1961 1935 2201 1981 appetendum
2216 1948 2226 1975 ;
2252 1935 2287 1969 in
2301 1943 2344 1967 eo

1394 1984 1589 2033 quippeest
1606 1995 1713 2020 omne
1728 1984 1864 2020 bonum
1884 1987 2019 2032 .Atqui
2039 1987 2141 2021 multi
2156 1985 2343 2020 hominum

1393 2038 1439 2072 ab
1452 2049 1496 2074 eo
1509 2065 1520 2080 ,
1545 2039 1580 2071 in
1594 2046 1670 2082 quo
1681 2035 1728 2071 est
1747 2035 1838 2070 ratio
1849 2038 1967 2072 omnis
1994 2037 2101 2077 boni,
2129 2045 2342 2071 avertuntur

1395 2101 1459 2137 per
1477 2098 1620 2134 peccata
1635 2112 1644 2127 ‚
1667 2088 1701 2122 in
1718 2086 1851 2133 quibus
1865 2087 1899 2122 hi
1918 2085 2078 2122 statuunt
2106 2088 2272 2123 ultimum
2300 2083 2343 2120 fi·

1395 2153 1507 2182 nem3
1530 2149 1618 2184 ergo
1629 2150 1701 2174 non
1720 2138 1987 2175 unusomnium
2002 2138 2194 2174 hominum
2215 2137 2264 2175 est
2289 2137 2342 2173 ul-

1397 2196 1507 2231 timus
1520 2190 1600 2226 finis
1613 2215 1621 2224 .

1498 2242 1669 2279 Praeterea
1684 2267 1693 2283 ,
1721 2240 1781 2277 Ab
1794 2240 1920 2275 ultimo
1937 2239 2006 2277 fine
2019 2241 2243 2288 accipiuntur
2268 2251 2344 2277 me-

1396 2295 1506 2337 dia‚&
1528 2293 1659 2337 regulae
1671 2320 1680 2333 ‚
1702 2293 1838 2338 quihus
1854 2293 1927 2326 vita
1943 2292 2129 2328 hominurn
2147 2292 2316 2338 dirigitur
2331 2318 2342 2334 ,

1399 2347 1432 2382 ἃ
1449 2345 1634 2385 regulatur
1650 2357 1658 2379 :
1674 2343 1742 2380 Sed
1759 2342 2062 2388 aliquihominum
2088 2342 2251 2388 satagunt
2269 2369 2279 2384 ‚
2302 2354 2345 2378 ut

1397 2395 1598 2435 ditescant,
1622 2395 1704 2436 alii,
1731 2405 1770 2429 ut
1782 2394 1933 2429 aliorum
1957 2394 2212 2434 dominentur,
2241 2394 2275 2429 8(
2299 2393 2346 2429 fic

1399 2448 1444 2483 de
1458 2447 1598 2482 caeteris
1615 2474 1624 2488 ‚
1646 2457 1803 2490 quorum
1820 2456 1889 2479 non
1904 2456 1998 2480 unus
2024 2443 2072 2480 est
2102 2455 2252 2480 conatus
2277 2455 2344 2490 pro

1401 2498 1483 2534 finis
1496 2495 1767 2544 affequutione3
1792 2507 1878 2542 ergo
1889 2506 1953 2530 nec
1964 2505 2060 2530 unus
2090 2495 2155 2531 erit
2179 2494 2344 2532 omnium

1402 2548 1483 2585 finis
1497 2574 1505 2583 .

1502 2598 1672 2635 Praeterea
1691 2625 1701 2639 ‚
1715 2597 1921 2635 Secundum
1940 2594 2186 2641 Augustinum
2217 2610 2228 2632 ι
2241 2608 2272 2642 3.
2298 2595 2343 2633 de

1403 2651 1537 2688 Trinit.
1555 2662 1584 2684 c.
1599 2660 1632 2684 e.
1647 2648 1723 2689 post
1754 2649 1839 2684 alias
1865 2647 2090 2684 definitiones
2111 2649 2342 2693 improbatas,

1399 2701 1500 2738 istam
1519 2699 1623 2735 infert
1640 2713 1650 2738 ς
1677 2699 1806 2734 Beatus
1823 2708 1903 2743 ergo
1918 2709 1982 2732 non
1994 2697 2042 2732 el}
2061 2724 2070 2737 ‚
2084 2696 2151 2742 71¹st
2159 2698 2222 2744 qui
2236 2698 2344 2736 habet

1397 2753 1514 2788 omnia
1529 2776 1541 2792 ,
1552 2761 1627 2796 <771ae
1639 2749 1718 2785 vult
1731 2776 1742 2792 ,
1757 2748 1801 2787 &²
1811 2747 1906 2785 nihil
1917 2747 2002 2783 mali
2011 2747 2092 2783 vult
2109 2775 2114 2781 .
2131 2747 2246 2794 Atqui
2259 2760 2344 2788 con.

1398 2804 1480 2846 tigit
1500 2828 1508 2840 ,
1535 2801 1718 2840 complura
1732 2800 2004 2845 re&e‚beneque
2028 2799 2143 2840 velle3
2169 2811 2251 2846 ergo
2271 2812 2342 2837 non

1398 2854 1431 2887 in
1447 2849 1597 2892 un³,sed
1615 2851 1649 2886 in
1663 2851 1717 2886 his
1728 2853 1911 2887 omnibus,
1925 2861 2004 2897 quae
2014 2847 2126 2884 homo
2144 2849 2237 2885 refile
2252 2853 2342 2894 vult,

1401 2903 1585 2939 invenitur
1603 2903 1692 2937 ratio
1710 2901 1826 2937 ultimi
1842 2901 1921 2936 finis
1935 2927 1943 2936 .

1500 2951 1636 2988 Contra
1654 2979 1664 2992 .,
1692 2951 1918 2996 Augustinus
1940 2961 1991 2995 13.
2006 2947 2049 2984 de
2068 2948 2198 2986 Trinit.
2220 2961 2340 2997 catu5.

1398 3006 1447 3042 ait
1465 3031 1474 3047 ‚
1495 3014 1619 3038 omnes
1632 3003 1793 3038 homines
1808 3003 1840 3036 in
1855 3014 1898 3038 eo
1909 3001 2102 3036 convenire
2118 3028 2127 3042 ‚
2152 3002 2249 3047 quod
2282 3016 2342 3051 ap-

1399 3065 1522 3104 petant
1534 3051 1602 3088 effe
1614 3055 1739 3089 beatos
1752 3066 1763 3095 ;
1777 3064 1862 3098 ergo
1873 3049 2036 3088 omnium
2050 3050 2235 3088 hominum
2250 3065 2343 3089 unus

1399 3105 1449 3143 est
1465 3105 1616 3142 ultimus
1630 3103 1712 3139 finis
1728 3130 1737 3140 .

1501 3153 1717 3200 Respondeo
1731 3153 1921 3189 dicendum
1940 3179 1950 3195 ‚
1975 3153 2206 3197 intelligendo
2219 3153 2345 3200 quaesi-

1398 3220 1476 3244 tum
1494 3207 1537 3241 de
1556 3216 1643 3240 vero
1659 3205 1788 3241 ultimo
1802 3203 1869 3240 fine
1885 3230 1895 3246 ‚
1924 3205 1959 3238 in
1973 3215 2047 3249 quo
2061 3203 2165 3239 fitum
2183 3204 2230 3239 est
2263 3205 2345 3239 ulti-

1399 3269 1498 3294 mum
1511 3255 1818 3303 complementum
1834 3282 1843 3290 .
1867 3266 1906 3289 ac
1919 3253 2163 3289 consummata
2181 3254 2345 3290 humanae

1401 3319 1535 3343 naturae
1551 3306 1725 3353 perfeeuo
1741 3332 1750 3343 ,
1766 3306 1911 3341 unicum
1925 3304 2075 3339 omnino
2089 3303 2153 3339 else
2182 3306 2346 3341 omnium

1400 3357 1589 3393 hominum
1606 3357 1773 3392 ultimum
1790 3355 1896 3391 finem
1915 3381 1924 3391 .
1942 3354 2062 3390 Plures
2080 3367 2164 3390 vero
2178 3366 2347 3390 occurre-

1403 3420 1440 3444 re
1455 3406 1631 3449 eiusmodi
1647 3408 1794 3442 ultimos
1811 3404 1899 3441 fines
1916 3405 2149 3452 sequentibus
2175 3405 2349 3440 rationem

1401 3469 1576 3494 errantem
1592 3484 1602 3499 ,
1631 3469 1671 3492 ac
1685 3456 1898 3502 pluresitern
1917 3455 2012 3498 posse
2030 3455 2093 3491 fibi
2121 3454 2207 3490 fines
2234 3455 2351 3500 praefi·

1402 3520 1486 3554 gere
1500 3509 1723 3544 voluntatem
1739 3508 1883 3542 minime
1913 3506 2118 3553 sequentem
2149 3507 2353 3541 rationem.»

1402 3556 1706 3595 reaediaantem
1723 3584 1730 3593 .
1751 3558 1909 3592 Priorem
1929 3567 2068 3603 partem
2083 3555 2277 3591 ostendunt
2300 3557 2355 3591 di-

1405 3608 1460 3644 t0ca
1476 3618 1550 3646 art.
1567 3619 1603 3653 4.
1621 3608 1665 3649 ὼ·
1683 3618 1716 3652 ς.
1745 3610 1787 3645 Et
1803 3608 1948 3655 quidem
1975 3617 2101 3642 omnes
2116 3605 2279 3642 homines
2310 3618 2355 3641 cx

1405 3670 1450 3694 eo
1464 3658 1632 3700 tendere,
1647 3669 1687 3693 ac
1712 3659 1802 3694 velle
1822 3659 1987 3693 ultimum
2016 3654 2120 3693 finem
2143 3658 2356 3704 probantur,

1408 3710 1509 3756 quod
1521 3708 1669 3753 cupiant
1696 3709 1876 3755 propriam
1910 3708 2120 3743 felicitatem
2141 3734 2149 3747 ,
2177 3708 2357 3742 ultimam-

1405 3771 1478 3805 que
1510 3757 1764 3805 perfeffionem
1783 3784 1793 3799 ‚
1823 3770 1931 3804 quam
1963 3758 1996 3791 in
2019 3757 2136 3794 ultimi
2164 3756 2244 3791 finis
2274 3755 2361 3791 all'c-

1409 3810 1589 3856 quutionc
1617 3807 1713 3845 fitam
1743 3807 1810 3844 effe
1840 3819 1940 3843 certo
1969 3806 2083 3843 sciunt
2108 3833 2116 3841 .
2144 3806 2261 3852 Atqui
2284 3806 2357 3841 haec

1409 3855 1759 3907 omniaass‘equinon
1776 3856 1826 3895 cst
1858 3857 2041 3908 possibile,
2071 3857 2129 3893 nisi
2160 3856 2195 3891 in
2220 3859 2360 3939 csxtriw

2248 3917 2311 3941 cco

2403 553 2513 584 Volitio
2527 553 2623 586 medii*

2384 599 2497 629 propter
2511 593 2592 621 finem
2603 614 2615 628 ,
2638 606 2642 619 ι

2383 629 2420 657 est
2446 640 2516 660 unus
2540 631 2616 660 astus
2631 660 2633 662 ,

2383 668 2542 698 collectivus
2556 668 2616 697 for·

2383 713 2411 733 te
2444 710 2616 736 comitantur

2384 744 2459 773 astus
2479 747 2535 775 duo
2556 745 2619 775 fim,
2638 755 2644 782 f

2383 781 2468 819 plices
2481 787 2554 816 eirca
2563 799 2614 825 ex,
2627 780 2648 830 ²}

2386 830 2477 859 trema
2486 840 2496 853 ι
2608 829 2613 831 “

2423 1931 2489 1961 nd·
2504 1938 2529 1963 1.
2543 1942 2572 1973 q.
2587 1941 2614 1963 1.
2639 1941 2642 1981 Ἰ

2397 2267 2514 2308 prologi
2536 2281 2564 2310 q.
2586 2278 2614 2302 ι.

2379 2314 2463 2344 ¹¹·13·

2397 2598 2425 2626 4·
2438 2590 2466 2619 d.
2479 2597 2527 2627 49.
2541 2597 2570 2625 q.
2585 2595 2609 2631 ¹?
2637 2585 2640 2591 ⁴

2379 2630 2413 2657 In
2441 2634 2612 2667 argumentis

2373 2666 2578 2707 principalibm
2602 2682 2612 2692 ·

2397 2953 2427 2980 4.
2441 2943 2531 2980 d-49.
2543 2950 2571 2979 q.
2583 2951 2617 2987 ξ.

2379 2984 2413 3012 In
2438 2989 2613 3020 argumenta
2637 3014 2639 3016 μ

2376 3020 2580 3059 prJ'ncipalihut
2605 3038 2613 3045 .

2399 3177 2613 3219 =.dist.1--q.t-
2636 3156 2637 3159 Ἰ

2381 3217 2463 3250 §.De
2477 3222 2577 3243 remo·

2407 3615 2438 3643 4.
2454 3605 2581 3642 d.4o.q.
2596 3609 2637 3631 ι.“

2431 3647 2473 3672 De
2482 3644 2597 3682 secundo
2612 3660 2624 3675 ‚

2433 3687 2457 3717 ο.

2392 3648 2419 3711 ἓ
2472 3685 2523 3712 Bre
2529 3681 2603 3711 viter
2615 3697 2627 3706 .
