2576 3991
26 2641 135 2678 ”fist-33·
146 2646 173 2676 6.

0 2679 38 2708 Ha
50 2682 135 2720 opinio
144 2701 155 2711 .

632 150 792 203 Tomus
821 154 915 207 Ill·
929 155 1058 202 Part.
1078 148 1128 200 Ι.
1158 148 1352 220 Qgestio
1386 150 1487 198 XV.
1502 153 1684 207 Art.II.

213 224 470 277 praesuppofita
485 221 831 271 objectiostenlione
847 249 860 264 ‚
885 233 924 260 ut
947 221 983 258 in
1012 223 1154 257 caeteris

214 279 413 318 omnibus,
439 275 606 309 videntur
618 272 845 318 probabilius
869 273 1027 322 opinati.
1056 274 1155 310 Nam

214 329 385 365 voluntas
400 327 549 371 imperat
567 322 768 358 intellectui
787 336 799 364 ς
824 323 982 371 ergoipfi
997 323 1158 360 effentia-

216 380 298 416 liter
309 372 575 414 attribuendum
593 370 643 407 est
657 373 835 421 imperare
853 403 862 418 ,
893 387 964 411 non
980 385 1069 410 vero
1098 387 1158 411 ra-

215 429 303 464 tioni
321 453 332 464 .
358 423 587 470 Alsumptum
601 433 697 470 patet
712 436 757 460 ex
770 423 944 466 Anselmo
959 434 1030 472 cap.
1045 438 1082 471 4.
1112 423 1156 460 de

216 478 364 525 Concep.
385 476 496 520 Virg.
509 475 571 510 ubi
583 473 689 512 docet
705 475 931 516 voluntatem
957 487 1105 511 movere
1123 475 1156 511 se

214 538 336 565 eontra
349 524 528 572 judicium
544 526 692 562 aliarum
705 529 947 575 potentiarum
970 527 1159 574 obtempe-

212 579 366 616 rantium
380 577 485 614 etiam
504 577 617 613 inuite
633 576 787 625 imperio
801 580 895 617 illius
913 593 925 621 ;
951 589 1038 626 ergo
1054 578 1159 612 intel-

214 631 311 666 lectu
325 626 473 675 quiduis
495 628 687 665 intimante
703 655 713 671 ,
736 630 770 665 8<
795 631 1004 668 ostendente
1027 631 1158 664 volun-

210 680 301 723 tati,
320 689 382 727 per
394 677 644 727 quodcunque
660 680 806 719 tandem
830 685 982 719 verbum
1007 693 1047 717 ea
1071 680 1159 716 inti-

213 731 324 765 matio
340 728 401 764 fiat
421 757 430 771 ‚
456 740 516 766 aut
537 731 732 767 inlinuatio
746 734 972 780 exprimatur
988 760 1000 777 ,
1025 730 1075 767 est
1093 731 1156 769 fibi

211 779 413 826 parendum
432 782 619 817 voluntati
636 785 857 832 praecipienti
879 811 889 826 ,
918 797 989 820 non
1003 795 1040 818 ut
1063 785 1157 820 vires

207 830 333 867 &nimae
351 831 559 878 potestativa
572 834 819 872 dominatione
832 836 874 872 de
882 835 1011 872 stitutae
1023 831 1159 873 facien-

208 880 295 918 dum
315 892 443 929 putant
479 884 512 920 8<
531 883 668 921 dictant
686 911 699 928 ‚
733 886 792 923 sed
808 898 914 936 prout
931 886 992 933 ipsi
1013 886 1158 922 videtur

210 943 252 967 ac
270 932 478 981 praeeligere
501 937 639 972 mavult
656 962 667 979 ‚
692 937 799 976 etiam
816 948 940 975 contra
956 937 1156 973 inclinatio-

208 993 290 1019 nem
327 983 606 1035 expreffumque
641 985 819 1033 judicium
844 987 994 1030 rationis
1012 1014 1021 1023 .
1051 986 1086 1030 Si
1103 1001 1156 1024 er·

206 1043 257 1078 go
272 1035 439 1072 voluntas
455 1039 573 1074 utitur
589 1039 667 1076 aliis
694 1040 819 1075 animae
845 1040 1018 1088 potentiis

208 1082 273 1120 fibi
290 1086 458 1131 libuerit,
486 1089 648 1135 profeao
673 1091 849 1137 imperare
863 1090 1096 1127 effentialiter
1113 1091 1158 1127 ad

209 1135 435 1174 voluntatem
450 1140 602 1186 pertinet
620 1166 630 1176 .
662 1141 801 1177 Deinde
816 1168 828 1183 ,
855 1142 1025 1178 voluntas
1040 1144 1157 1178 inten-

210 1185 300 1223 dens
316 1215 328 1231 ,
353 1201 394 1227 ac
412 1191 535 1231 volens
553 1191 745 1228 efficaciter
757 1191 864 1229 finem
881 1220 892 1235 ,
917 1191 1024 1239 jubet
1051 1194 1157 1229 intel·

211 1236 346 1275 ieaum
363 1241 570 1288 inquirere,
599 1253 640 1277 ac
652 1242 815 1279 invenire
833 1244 947 1280 media
964 1245 1159 1280 devenien-

209 1285 248 1323 di
273 1289 317 1324 ad
336 1289 416 1338 ejus
445 1291 528 1329 finis
552 1292 875 1341 consequutionem
897 1323 907 1337 ‚
930 1307 1090 1342 eumque
1117 1296 1160 1338 iis

209 1336 471 1389 investigandis
486 1345 704 1392 applicatum
722 1355 818 1381 tenet
834 1370 846 1389 ‚
866 1345 983 1382 donec
1008 1359 1074 1395 per
1086 1344 1159 1395 syl-

209 1389 401 1437 logismum
418 1393 617 1442 prafflcum
635 1395 832 1433 deductum
848 1397 888 1432 {it
919 1396 996 1433 haec
1011 1396 1080 1435 esse
1097 1399 1162 1434 eli·

210 1442 328 1486 genda
343 1471 353 1487 ‚
377 1446 444 1480 alia
472 1457 561 1482 vero
584 1446 811 1490 omittenda,
839 1445 1037 1485 secundum
1058 1449 1160 1496 quod

210 1490 295 1528 d1cit
310 1494 543 1542 Augustinus
565 1498 674 1535 inde
702 1500 840 1536 Trinit.
868 1511 901 1535 c.
927 1511 960 1547 3.
979 1498 1161 1537 Voluntas

210 1544 351 1590 copulat
363 1556 550 1593 parentem
561 1559 639 1584 cum
655 1549 749 1595 prole
767 1563 780 1594 3
810 1551 978 1597 quinimo
994 1551 1029 1586 8<
1046 1553 1160 1598 impe·

212 1604 268 1627 rat
287 1594 350 1628 sibi
364 1595 427 1641 ipsi
440 1619 450 1629 .
481 1599 614 1641 Neque
626 1597 721 1631 enim
737 1598 792 1631 vis
812 1600 933 1642 aliqua
963 1600 1159 1637 sensitiva...

211 1641 389 1690 imperare
403 1644 728 1692 potestiutellefiiui
741 1646 775 1681 8<
795 1647 975 1683 voluntati
992 1675 999 1688 ‚
1024 1651 1057 1692 St
1072 1662 1162 1685 con·

212 1690 365 1740 jungere
379 1706 437 1730 eas
451 1695 632 1742 potentias
646 1695 683 1730 in
701 1696 843 1732 ambus
860 1695 951 1734 suis:
976 1711 1094 1747 neque
1106 1702 1160 1736 in-

217 1744 379 1780 telletstus
396 1743 459 1785 fibi
476 1745 708 1781 &voluntati
721 1770 732 1784 ,
758 1756 841 1779 curn
860 1744 976 1782 stante
992 1761 1160 1794 quocun.

214 1806 286 1841 que
298 1794 491 1836 die‘tamine
504 1794 653 1833 rationis
667 1821 676 1835 ,
700 1794 811 1830 libere
824 1795 931 1839 eligat
951 1821 963 1832 .
990 1797 1072 1835 Sola
1090 1803 1161 1840 igi-

210 1855 270 1880 tur
283 1847 452 1881 voluntas
469 1846 531 1881 {ibi
547 1846 698 1893 imperat
714 1844 748 1880 8<
764 1843 965 1885 intellefkui
989 1857 1077 1891 ergo
1105 1845 1161 1885 so·

210 1893 283 1932 lius
302 1897 500 1935 voluntatis
516 1894 566 1933 est
582 1896 712 1932 rationi
731 1896 905 1943 imperare
918 1922 929 1938 ,
947 1908 1020 1932 non
1037 1907 1160 1934 autem

209 1958 230 1982 e
243 1946 417 1982 converso
431 1974 442 1988 ‚
465 1959 546 1983 cum
565 1945 680 1983 stante
694 1949 801 1983 etiam
828 1947 996 1983 ultimate
1017 1946 1161 1984 senten-

209 1998 258 2031 tia
277 1997 432 2046 practice
449 1997 601 2035 ded116ta
617 2025 629 2040 ,
657 1999 827 2034 voluntas
840 2010 907 2046 pro
923 1997 977 2039 sui
994 1998 1160 2037 domina,

206 2057 223 2083 t
244 2061 282 2083 va
301 2048 473 2096 potestate
486 2051 602 2085 valeat
626 2048 715 2084 illud
730 2049 912 2086 dietamen
925 2051 1160 2097 negligere,&

210 2100 376 2149 ampleffl
395 2099 570 2138 deteriora
587 2099 728 2135 confina
743 2128 754 2143 ,
779 2101 835 2136 vel
863 2112 962 2137 certe
984 2103 1030 2137 ab
1054 2103 1158 2138 omni

209 2153 290 2188 asin
308 2151 341 2187 se
354 2149 569 2197 suspendere
597 2150 631 2186 8<
659 2151 839 2189 abstinere
857 2179 868 2190 .
899 2153 1084 2201 Denique,
1099 2154 1157 2187 in-

208 2203 370 2242 tenedus
381 2203 438 2238 vel
452 2203 567 2240 virtus
579 2202 830 2239 intelleRualis
844 2204 930 2240 dicit
947 2216 1074 2241 verum
1088 2203 1159 2242 effe

209 2258 268 2292 vel
285 2267 355 2291 non
370 2265 493 2290 verum
511 2252 578 2289 esse
595 2280 606 2296 ‚
635 2253 708 2289 sive
739 2254 774 2290 in
804 2253 1028 2303 speculandis
1041 2282 1050 2297 ‚
1083 2254 1157 2293 five

208 2308 246 2343 in
262 2305 409 2354 agendis
428 2318 438 2341 ε
462 2306 632 2340 voluntas
650 2315 771 2340 autem
787 2304 965 2347 imperans
980 2334 990 2349 ‚
1015 2307 1072 2341 vel
1088 2306 1158 2342 im-

202 2367 332 2407 perare
348 2356 433 2392 dicit
450 2383 461 2399 ,
487 2355 652 2393 sautum
671 2354 738 2392 eise
751 2357 995 2405 exequutioni
1008 2357 1157 2393 deman·

206 2408 363 2445 dandum
378 2434 389 2450 ,
420 2408 519 2455 quod
538 2407 653 2443 statim
668 2406 736 2442 effe
751 2409 931 2453 agendum
944 2409 1158 2454 imperatum

206 2459 380 2506 fuit3ergo
391 2456 589 2507 imperandi
607 2459 707 2494 aetus
720 2471 791 2494 non
802 2458 850 2494 est
865 2460 1013 2497 rationis
1026 2459 1160 2499 dietan.

209 2512 255 2548 tis
268 2512 313 2547 sic
336 2511 404 2547 efle
422 2511 600 2556 agendum
615 2538 625 2553 ,
652 2510 708 2545 sed
737 2510 925 2557 potestatis
953 2511 1157 2560 appetitivae

209 2561 372 2610 jubentis
387 2561 462 2598 fieri
478 2563 577 2609 quod
592 2564 769 2600 intentum
787 2561 856 2598 fuit
874 2589 884 2598 .

314 2613 374 2652 Ad
404 2623 639 2658 argumenta.
671 2613 729 2651 Ad
755 2614 911 2659 primum
936 2612 1161 2661 respondeo,

215 2662 471 2711 Philosophum
487 2663 666 2698 dicentem
685 2664 887 2709 appetitum
905 2666 1158 2711 obtemperare

216 2715 371 2756 rationi,
389 2712 736 2757 effeintelligendum
752 2712 795 2750 de
809 2716 973 2761 appetitu
988 2713 1162 2751 scnfitivo

220 2765 277 2802 sed
295 2765 329 2801 in
349 2775 449 2812 parte
465 2763 619 2801 hominis
650 2762 809 2801 sensitivi
828 2776 900 2799 non
920 2764 969 2800 est
994 2766 1161 2814 operatio

216 2816 390 2857 hominis,
421 2827 492 2861 qua
513 2813 686 2851 homoest
705 2839 717 2857 ‚
739 2812 935 2852 secuudum
963 2829 1070 2864 quam
1098 2816 1161 2852 fibi

216 2870 397 2915 imperat,
429 2866 461 2902 8<
475 2866 554 2903 aliis
572 2866 633 2902 libi
648 2864 1163 2915 subjeffls‚caeterisqueprae-

216 2919 316 2956 cellit
333 2917 547 2957 animalibus
562 2942 572 2952 .
600 2917 714 2962 Quod
733 2918 856 2967 itaque
873 2920 1020 2955 excellit
1039 2919 1074 2955 in
1093 2918 1163 2954 ho-

216 2970 310 3008 mine
328 2967 432 3020 super
446 2979 561 3004 totam
578 2979 716 3015 partem
729 2969 933 3007 sensitivam
951 2969 1128 3004 dividitur
1145 2981 1164 3003 a

216 3018 438 3068 philosopho
456 3031 483 3057 1.
501 3020 622 3059 Ethic.
639 3027 714 3068 cap.
733 3034 768 3069 9.
783 3021 818 3057 in
837 3019 1042 3067 intelligens
1057 3047 1066 3061 ,
1080 3020 1162 3056 &in

217 3073 310 3108 bene
324 3070 553 3121 peritialibile
578 3084 596 3106 a
626 3071 790 3108 ratione:
818 3083 880 3117 per
901 3069 1127 3119 persuafibile
1143 3083 1163 3105 a

213 3123 351 3159 ratione
362 3121 530 3167 intelligit
546 3122 767 3159 voluntatem
785 3149 792 3157 .
809 3124 864 3159 Ac
878 3133 1065 3170 propterea
1077 3122 1165 3160 obe-

213 3173 323 3210 dibile
339 3172 471 3208 rationi
486 3183 594 3208 vocat
608 3173 807 3221 aliquando
828 3175 1029 3219 appetitum
1057 3172 1164 3209 senli-

216 3226 334 3261 tivum
350 3250 362 3265 ,
386 3222 820 3269 aliquando'voluntatem
835 3249 846 3265 ‚
880 3222 968 3259 licut
984 3225 1017 3258 in
1038 3223 1110 3261 fine
1132 3237 1163 3260 ι.

214 3275 319 3312 Etih.
339 3273 381 3313 Et
395 3274 483 3312 sicut
500 3273 685 3311 obedibile
699 3274 830 3310 rationi
847 3273 1043 3320 dupliciter
1067 3275 1163 3310 acci-

213 3326 335 3373 pitur,
364 3326 413 3361 ira
441 3324 476 3360 8<
503 3325 676 3363 rationale
700 3352 710 3361 .
740 3327 828 3360 Vno
850 3324 960 3360 modo
983 3323 1100 3361 striGle
1125 3325 1160 3362 8<

215 3377 333 3423 primo
346 3402 356 3418 ,
381 3375 415 3411 8<
433 3375 477 3411 fic
493 3376 664 3412 convenit
680 3375 744 3414 soli
761 3375 983 3412 intellefiui:
1004 3377 1073 3411 alio
1085 3387 1163 3412 mo-

213 3426 261 3470 do
273 3438 344 3462 non
360 3425 476 3462 striae
490 3449 503 3467 ‚
528 3438 592 3462 nec
610 3429 729 3471 primo
743 3453 755 3468 ‚
779 3423 837 3461 sed
869 3425 1092 3473 suppliciter,
1124 3427 1158 3462 8<

213 3476 282 3511 hac
294 3478 430 3512 ratione
448 3475 568 3522 &ipsa
587 3477 758 3513 voluntas
784 3477 971 3514 rationalis
988 3477 1036 3513 est
1052 3504 1060 3511 .
1089 3476 1160 3515 Sed

216 3527 326 3562 tertio
339 3538 466 3575 nempe
490 3529 667 3574 appetitui
695 3525 865 3563 senlitivo
891 3539 961 3563 non
987 3529 1158 3567 convenit

215 3577 276 3612 nifi
291 3576 575 3625 transumptive.
607 3577 728 3623 igitur
744 3576 831 3612 illud
865 3578 1018 3616 medium
1033 3606 1043 3621 ‚
1055 3578 1156 3625 quod

214 3626 264 3662 est
279 3627 447 3664 voluntas
464 3655 474 3671 ,
505 3627 615 3663 modo
635 3638 786 3663 vocatur
811 3627 985 3663 rationale
1009 3631 1055 3664 ab
1083 3641 1159 3667 uno

214 3686 380 3712 extremo
397 3703 407 3719 ,
432 3678 540 3714 modo
575 3678 743 3715 obedibile
774 3680 909 3714 rationi
930 3679 974 3712 ab
1000 3681 1070 3716 alio
1095 3691 1161 3716 ex-

214 3738 330 3763 tremo
347 3753 357 3762 .
388 3725 520 3764 striae
548 3739 667 3765 tamen
684 3728 892 3775 accipiendo
906 3729 1078 3764 rationem
1104 3731 1158 3776 ip·

218 3778 250 3812 sa
267 3776 316 3812 cst
342 3776 489 3824 quidem
518 3775 761 3823 per'suafibilis
787 3789 804 3812 a
829 3779 992 3821 ratione,
1017 3779 1073 3815 sed
1098 3791 1161 3814 ne-

216 3841 402 3875 quaquam
431 3827 622 3866 obedibilis
649 3827 781 3866 rationi
814 3855 826 3871 ,
863 3832 1049 3878 appetitus
1072 3840 1162 3867 vero

1049 1050 1159 1088 proiit
1189 1069 1193 1075 .

1215 218 1420 255 -senfitivus
1448 233 1518 257 non
1531 224 1583 259 est
1609 222 1847 272 persuasibilis
1880 239 1899 262 a
1921 182 2170 274 ratiorgfsed

1226 268 1421 307 obedibilis
1436 273 1565 308 rationi
1583 286 1593 310 ε
1622 275 1771 311 liberum
1786 276 1879 313 enim
1892 279 2095 323 persuaderi
2118 282 2170 317 sa-

1226 332 1269 356 ne
1281 321 1395 367 potest
1410 334 1427 355 a
1446 324 1605 368 ratione,
1617 325 1674 362 sed
1688 329 1771 373 cogi
1782 326 1825 363 ad
1838 328 2078 369 obediendum
2094 345 2168 370 non

1226 369 1362 418 potest.
1391 374 1521 420 Quare
1549 387 1595 411 ex
1619 376 1686 412 hac
1714 377 1922 416 Aristotelis
1953 381 2168 420 anaoritate

1224 433 1296 456 non
1311 420 1489 465 habetur,
1515 427 1694 473 imperare
1716 428 1760 464 ad
1774 432 1949 468 rationem
1980 440 2170 478 pertinere.

1327 472 1388 509 Ad
1405 473 1599 512 secundum
1617 490 1713 525 patet
1743 478 1921 524 responsio
1942 496 1987 520 ex
2000 486 2105 525 distis
2132 494 2170 528 in

1220 521 1398 570 fhlutione
1414 551 1422 560 .
1453 526 1528 562 Etli
1546 540 1609 575 per
1623 531 1798 568 rationem
1812 531 1870 569 fiat
1889 533 2118 575 dfnunciatio
2135 543 2170 580 83

1232 574 1412 632 intimatio
1429 574 1509 621 ejus
1524 579 1624 626 quod
1643 580 1852 620 faciendum
1877 584 1926 621 est
1944 588 1997 621 vel
2026 601 2097 626 non
2123 592 2174 627 fa·

1229 627 1398 660 ciendum
1411 652 1422 668 ,
1438 626 1493 662 sed
1510 642 1742 678 nequaquam
1754 636 1894 671 interim
1909 635 2175 680 habemns-tus

1229 674 1392 712 formalis
1406 677 1606 724 imperandi
1621 695 1698 731 quo
1726 685 1946 736 importatur
1972 701 2042 726 non
2073 695 2175 742 quod

1230 737 1359 785 verum
1374 755 1383 770 ‚
1409 729 1464 764 vel
1481 742 1552 786 non
1571 744 1695 771 verum
1712 735 1762 771 est
1778 764 1788 779 ‚
1820 737 1876 774 sed
1905 750 1944 774 ut
1968 740 2174 786 perficiatur

1230 777 1331 821 quod
1345 779 1478 825 Juffum
1495 782 1625 822 inerit.
1653 789 1779 836 Qare
1796 789 1892 827 aliud
1914 791 1993 826 inde
2011 794 2106 829 rec-*te
2120 798 2176 832 in·

1231 829 1317 865 ferri
1331 843 1401 866 non
1417 831 1547 875 debet,
1573 837 1632 871 nili
1649 838 1749 884 quod
1767 839 1810 874 ad
1831 841 2018 888 imperium
2047 857 2177 891 praere-

1230 882 1399 927 quiratur
1412 883 1558 929 quidem
1573 888 1674 924 aelus
1692 891 1839 926 rationis
1853 892 2054 929 intimantis
2066 897 2099 932 8<
2114 898 2179 934 de·

1233 933 1440 969 nunciantis
1459 960 1470 976 ‚
1501 933 1559 970 scd
1586 950 1818 991 nequaquam
1848 944 1884 977 in
1911 944 1973 979 tali
1999 944 2085 982 astu
2112 948 2179 985 sta-

1230 983 1406 1019 tuendum
1421 984 1489 1019 esse
1502 986 1615 1032 ipsum
1628 992 1805 1038 inperare
1816 1021 1826 1028 .

1334 1035 1394 1072 Ad
1411 1038 1567 1081 primum
1583 1040 1618 1074 in
1632 1042 1838 1088 oppositum
1851 1041 2086 1091 respondetur
2109 1049 2154 1086 fic
2166 1064 2179 1089 ε

1232 1084 1355 1121 Radix
1373 1087 1547 1124 libertatis
1560 1088 1609 1125 est
1625 1093 1795 1129 voluntas
1810 1121 1821 1135 ‚
1848 1095 1936 1131 ficut
1950 1096 2179 1144 subjectum:

1234 1135 1293 1175 sed
1312 1136 1401 1172 ficut
1417 1138 1519 1177 causa
1537 1140 1585 1177 est
1601 1143 1720 1178 mio:
1754 1154 1797 1181 ex
1816 1145 1885 1181 hoc
1901 1147 1994 1185 enim
2010 1151 2181 1187 voluntas

1239 1188 1348 1225 tibere
1361 1188 1476 1236 potest
1489 1190 1531 1225 ad
1547 1192 1686 1230 diversa
1703 1194 1812 1238 ferri,
1836 1197 1921 1243 quia
1945 1200 2037 1234 ratio
2063 1202 2181 1248 potest

1232 1236 1366 1275 habere
1380 1240 1535 1278 diversas
1549 1247 1805 1292 conceptiones
1819 1248 1904 1284 boni
1915 1273 1927 1290 ,
1953 1248 2083 1285 &ideo
2099 1251 2183 1288 Phi-

1234 1289 1377 1332 losophi
1393 1290 1580 1329 deffiniunt
1601 1296 1753 1332 liberum
1770 1298 1958 1335 arbitrium
1977 1326 1988 1340 ,
2014 1302 2109 1349 quod
2128 1302 2185 1340 ef?

1233 1338 1386 1378 liberum
1396 1342 1440 1384 de
1453 1347 1593 1381 ratione
1600 1345 1788 1394 judicium
1797 1375 1808 1390 ,
1821 1349 1922 1395 quasi
1937 1352 2030 1387 ratio
2043 1352 2082 1387 s1t
2093 1366 2182 1391 cau-

1235 1390 1270 1427 sa
1285 1394 1461 1430 libertatis
1475 1421 1485 1430 .
1513 1396 1654 1435 Contra
1674 1398 1902 1448 hypothesim
1921 1428 1931 1443 ‚
1960 1403 2019 1437 cui
2037 1402 2112 1440 haec
2129 1407 2184 1442 in-

1233 1444 1362 1481 nititur
1393 1445 1571 1493 responsio
1594 1475 1606 1489 ‚
1627 1460 1697 1485 non
1720 1450 1788 1486 effe
1810 1451 2033 1497 probandam
2048 1480 2058 1496 ‚
2085 1455 2184 1496 late,

1233 1495 1458 1532 ostendimus
1474 1525 1482 1538 ‚
1513 1512 1548 1546 p.
1563 1510 1598 1545 p.
1611 1511 1648 1546 q·
1668 1501 1730 1548 83.
1745 1513 1826 1548 quae
1842 1501 1890 1537 est
1903 1502 1947 1537 de
1963 1503 2072 1541 libero
2085 1508 2184 1547 arbi-

1234 1551 1306 1582 trio
1318 1573 1328 1588 ,
1353 1546 1435 1587 ideo
1450 1548 1606 1591 dicimus
1617 1561 1876 1601 argumentum
1895 1550 1963 1591 effe
1979 1558 2185 1598 conceden-

1232 1597 1321 1637 dum
1338 1624 1347 1638 2

1334 1650 1394 1688 Ad
1411 1651 1876 1699 secundum'respondetur,
1896 1656 2072 1694 rationem
2091 1659 2187 1700 illam

1237 1700 1455 1736 concludere
1467 1700 1568 1750 quod
1582 1701 1772 1748 imperium
1804 1715 1875 1739 non
1888 1703 1928 1738 sir
1946 1717 2052 1742 actus
2077 1714 2189 1749 ratio.

1235 1748 1289 1783 nis
1306 1748 1471 1786 absolute
1487 1776 1498 1793 ,
1523 1748 1582 1790 sed
1595 1762 1676 1786 cum
1689 1753 1846 1796 quadam
1873 1755 2038 1793 motione
2055 1762 2189 1799 volun.

1234 1800 1320 1831 tatis
1336 1825 1348 1833 .
1372 1800 1542 1839 Contra,
1571 1800 1650 1834 fiad
1674 1812 1793 1836 aetum
1816 1804 1964 1842 rationis
1989 1808 2189 1851 intimantis

1234 1843 1271 1877 8<
1294 1844 1548 1883 denunciantis
1575 1845 1645 1880 hoc
1669 1859 1732 1884 aut
1771 1851 1861 1886 illud
1888 1854 1956 1891 eise
1984 1855 2189 1903 faciendum

1234 1904 1307 1929 non
1327 1892 1492 1944 sequitur
1506 1895 1605 1942 quod
1625 1895 1687 1932 fiat
1704 1925 1716 1941 ‚
1747 1900 1807 1938 nifi
1824 1913 1994 1943 movente
2021 1911 2193 1952 volunta-

1232 1953 1269 1979 te
1287 1957 1403 1994 3ergo
1417 1946 1504 1984 huic
1518 1944 1568 1986 est
1579 1949 1851 1987 attribuendum
1876 1953 2049 2003 imperare
2065 1987 2077 2004 ‚
2095 1975 2196 2004 non..

1235 1996 1367 2033 rationi
1389 2024 1402 2041 ‚
1427 1998 1487 2034 nili
1504 2007 1545 2034 ut
1569 1998 1798 2045 conditioni,
1819 2015 2036 2050 quaetamen
2056 2025 2128 2052 non
2141 2018 2197 2056 in-

1237 2047 1318 2088 fluit
1335 2047 1536 2086 formaliter
1550 2047 1587 2087 in
1599 2049 1803 2101 imperandi
1819 2066 1941 2096 actum
1956 2085 1968 2099 .

1402 2151 1913 2199 ARTICVLVS
1981 2162 2030 2202 Π.

1235 2253 1375 2293 Utrum
1396 2254 1573 2303 imperare
1595 2257 1776 2304 pertineat
1799 2260 1843 2296 ad
1868 2264 2038 2305 animalia
2063 2271 2194 2312 bruta.

1283 2355 1417 2397 Doflor
1430 2354 1492 2394 loc.
1505 2359 1547 2395 in
1561 2359 1725 2405 margine
1738 2364 1861 2401 citatis
1875 2365 1916 2405 S.
1937 2368 2087 2411 Thomas
2107 2385 2140 2412 r.

1550 2419 1584 2448 2·
1600 2421 1633 2461 q.
1657 2421 1712 2452 17.
1727 2423 1803 2450 art.
1820 2426 1879 2453 20.

1231 2511 1327 2602 R
1336 2506 1524 2556 Espondeo
1535 2509 1833 2557 dicendum,Non
1845 2516 1913 2556 else
1924 2521 2115 2560 brutorum
2128 2527 2203 2566 ani.
2237 2551 2249 2574 ¹

1356 2560 1504 2598 malium
1536 2564 1717 2610 imperare
1747 2592 1757 2602 .
1786 2569 1926 2606 Etenim
1954 2573 1976 2609 fi

1232 2616 1397 2661 ipns,aut
1416 2613 1496 2649 aliis
1511 2614 1730 2662 imperarent
1747 2645 1756 2660 ‚
1772 2618 1939 2666 profecto
1955 2623 1990 2660 id
2008 2626 2060 2661 eis
2077 2626 2198 2666 inesset

1232 2677 1277 2700 ex
1295 2663 1465 2703 sensitivo
1482 2666 1649 2712 appetitu
1668 2669 1992 2718 quemadmodum,
2006 2677 2039 2713 8(
2059 2677 2198 2716 intelle·

1233 2716 1344 2752 ctuali
1360 2726 1498 2750 naturae
1513 2717 1683 2751 convenit
1711 2719 1885 2767 imperare
1912 2735 1976 2772 per
2003 2728 2200 2766 intellecti.

1231 2779 1317 2803 vum
1329 2766 1750 2813 appetitum.Senfitivus
1762 2783 1882 2808 aurem
1896 2786 1911 2809 a
1922 2778 2082 2825 ppetitus
2095 2792 2197 2819 non„

1233 2819 1343 2865 pollet
1358 2818 1429 2854 ulla
1442 2816 1666 2855 dominativa
1681 2822 1854 2866 potestate
1867 2823 2066 2866 secundum
2083 2842 2195 2877 quam

1234 2871 1268 2905 in
1284 2869 1351 2903 alia
1366 2867 1557 2915 imperium
1573 2879 1742 2908 exercere
1758 2882 1867 2919 queat
1884 2887 1897 2917 ;
1925 2875 2000 2925 ipse
2011 2881 2105 2916 enim
2123 2895 2196 2919 non

1235 2930 1355 2956 movet
1374 2918 1430 2961 se,
1446 2918 1503 2955 sed
1523 2930 1691 2956 movetur
1704 2924 1749 2959 ab
1759 2922 1919 2972 objectis
1933 2928 1977 2965 ad
1993 2931 2196 2979 prosequu-

1234 2971 1372 3005 tionem
1390 2981 1515 3005 eorum
1535 2995 1547 3012 ,
1562 2969 1617 3005 vel
1634 2972 1783 3017 fugam,
1818 2987 1926 3023 prout
1940 2984 2194 3020 convenientia

1235 3032 1294 3056 aut
1308 3020 1615 3058 disconvenientia
1628 3047 1641 3064 ‚
1654 3021 1812 3065 fuerint:
1829 3029 2027 3074 impellitur
2037 3035 2132 3070 euim
2146 3047 2195 3071 ex

1235 3070 1393 3106 naturali
1411 3069 1583 3109 instinctu
1596 3097 1610 3115 ‚
1627 3083 1667 3108 ut
1681 3075 1782 3112 aliter
1797 3077 1915 3115 facere
1930 3092 2112 3128 nequeant
2129 3096 2194 3122 nec

1236 3122 1432 3171 impellenti
1450 3132 1588 3159 naturae
1606 3123 1760 3163 resistere
1771 3129 1917 3165 valeant
1936 3143 1946 3166 :
1978 3142 2119 3172 taurum
2139 3149 2196 3173 cr-

1238 3185 1285 3218 go
1299 3171 1396 3209 abest
1414 3197 1427 3216 ‚
1456 3184 1496 3210 ut
1511 3175 1543 3209 ei
1556 3185 1739 3221 competat
1751 3179 1925 3225 imperare
1941 3204 1956 3223 ‚
1983 3185 2038 3219 vel
2055 3197 2192 3234 agere„

1238 3236 1285 3259 ex
1298 3225 1453 3268 imperio
1469 3251 1478 3264 ‚
1503 3235 1585 3260 cum
1601 3224 1663 3262 fibi
1682 3229 1834 3266 omnino
1863 3232 2192 3278 obtemperandum

1239 3275 1278 3310 fit
1293 3288 1302 3310 :
1315 3275 1526 3322 quippequi
1543 3274 1697 3313 ducitur
1715 3304 1725 3318 ‚
1755 3280 1786 3314 8<
1803 3279 1881 3315 trah
1899 3292 1967 3319 ¹rui·
1995 3283 2192 3325 secundum

1238 3325 1338 3373 quod
1353 3337 1412 3372 per
1425 3323 1585 3361 divinam
1604 3324 1813 3374 sapientiam
1828 3329 1941 3378 hujus
1958 3335 1991 3371 8<
2008 3336 2104 3373 illius
2131 3352 2196 3374 na·

1237 3388 1318 3412 rura
1339 3374 1425 3421 jussa
1441 3373 1490 3410 est
1505 3376 1755 3422 rcproesenrare
1772 3407 1783 3422 ,
1806 3379 1840 3416 St
1857 3386 1994 3434 exequi
2018 3413 2027 3424 .
2057 3389 2194 3427 Vnde-2

1240 3438 1370 3464 natura
1385 3424 1457 3473 ipsa
1474 3426 1523 3464 est
1539 3428 1704 3473 quaedam
1722 3442 1777 3466 ars
1791 3430 1914 3471 divina
1930 3463 1940 3477 ,
1967 3438 2001 3472 in
2015 3450 2085 3487 qua
2101 3443 2193 3476 relu-

1240 3488 1315 3520 cet,
1331 3478 1363 3512 8<
1383 3477 1588 3536 explicatur
1600 3479 1699 3526 quod
1713 3493 1777 3530 per
1789 3483 1970 3533 Opificem
1987 3486 2196 3539 sapientiam

1244 3528 1418 3570 statutum
1431 3527 1499 3565 fuit
1516 3554 1527 3565 .

2005 3890 2156 3935 ΛΚΤ(-

2254 2544 2301 2574 .d·
2319 2553 2416 2584 μφς

2233 2621 2393 2661 frequenter
2401 2640 2413 2651 .

1997 2574 2100 2611 bruta
2135 2577 2199 2615 fibi
2235 2584 2305 2613 2.d-
2334 2594 2381 2617 ις.
2402 2586 2431 2616 ὃς

2233 3360 2276 3380 rz-
2300 3352 2425 3384 Metaoh·

2227 3399 2275 3427 q.4
2287 3395 2301 3424 ο
2313 3394 2353 3421 Aa
2366 3394 2423 3425 ali-

2227 3429 2287 3458 ud·
