2583 4002
59 212 118 258 (α)

679 114 836 162 Tamus
872 111 956 160 III·
984 119 1118 163 Part.
1146 114 1186 162 Ῑ.
1213 113 1407 184 Qaestt‘o
1435 115 1518 163 IX.
1552 110 1656 164 Art.
1686 119 1742 165 V·
2054 138 2087 174 6

239 189 282 223 ab
300 179 482 221 voluntate
500 186 577 225 est,
604 182 636 217 3<
655 193 726 216 non
756 187 800 216 ab
829 182 1012 219 intellectu
1042 208 1051 217 .
1084 184 1174 221 [ΗΘ-ι

237 239 328 274 enim
343 234 568 282 solapraedita
581 230 629 266 est
647 229 864 278 potestatiua
886 228 1020 268 ‘virtute
1043 231 1075 267 se
1113 234 1174 271 de-

236 287 450 325 terminandi
479 283 522 318 ad
549 281 759 317 utrumlibet
785 307 796 323 ‚
834 282 869 318 δε
897 282 1095 318 abstinendi
1126 287 1172 321 ab

236 338 332 374 omni
349 331 644 371 determinatione
660 356 669 366 .
688 333 894 367 Declaratio
922 345 933 367 :
964 334 1170 371 intelleetus

237 390 281 424 ab
293 383 437 432 objeeto
449 381 658 417 naturaliter
675 393 867 417 mouetur:
886 381 923 420 Si
935 393 1023 428 ergo
1040 385 1172 421 volun-

236 450 288 475 tas
302 434 507 471 naturaliter
523 441 731 467 moueretur
745 434 790 468 ab
802 432 986 468 intelle6m
999 436 1172 472 naturali.

235 500 286 525 ter
301 495 397 520 moro
421 509 430 525 ‚
456 482 489 517 8<
503 480 575 528 ipsa
594 481 726 528 pariter
738 482 909 518 voluntas
925 484 1081 519 naturali
1111 497 1171 521 ne-

233 536 383 573 cestitate
401 542 609 567 moueretur
624 557 636 573 ,
663 542 772 578 atque
786 535 834 567 ita
852 533 960 568 homo
975 532 1056 568 effer
1088 536 1174 571 bru.

230 595 477 633 tum‚quorum
491 583 671 628 appetitus
687 582 859 625 trahitur,
885 584 1118 630 duciturque,
1137 588 1171 623 8<

229 635 404 673 nonducit
421 657 430 667 .
447 633 630 667 Voluntas
642 632 750 678 igitur
764 645 832 667 non
849 645 1016 670 mouetur
1031 636 1175 672 necessi·

228 697 300 723 tate
314 683 467 721 naturali
480 682 600 728 quoad
617 682 772 728 aliquem
785 681 904 719 afinm
919 683 1098 726 suum2sed
1111 686 1174 722 ha·

228 739 303 774 bita
328 735 440 782 prima
472 732 739 774 intelleffione,
767 734 801 768 in
822 735 995 781 potestate
1023 735 1102 782 ejus
1123 738 1173 775 est

227 795 439 825 convertere
455 783 672 820 intellectum
697 784 741 819 ad
763 785 1059 821 considerandum
1090 788 1174 831 hnc,

226 837 282 874 vel
309 835 420 876 illud,
446 833 479 870 St
506 832 576 870 hoc
595 860 606 875 ‚
634 834 693 870 vel
716 833 801 870 illud
827 835 919 871 velle
943 862 953 877 ‚
984 838 1039 873 vel
1065 839 1173 876 nolle:

224 899 334 936 atque
346 886 528 933 itaprlma
538 885 666 919 volitio
678 884 727 920 est
743 895 760 918 a
774 886 879 921 nobis
904 888 1054 923 omnino
1069 915 1082 933 ,
1108 901 1172 926 nec

225 938 272 975 fic
287 951 305 974 a
318 935 400 973 casu
413 962 426 979 ‚
457 945 497 970 ut
515 934 627 982 prima
643 934 839 971 inteliefflo
864 961 875 971 .

292 986 295 987 ⁷
323 988 384 1026 Ad
412 996 623 1034 argumenta
644 1010 655 1020 .
683 986 741 1025 Ad
769 987 925 1033 primum
951 985 1172 1035 respondeo,

221 1048 294 1077 art.
304 1041 417 1089 primo
434 1035 638 1085 expositum
651 1035 749 1072 fuiffe
764 1049 836 1084 qua
852 1039 989 1073 ratione
1001 1041 1170 1077 voluntas

224 1093 270 1127 ab
284 1087 432 1136 objesto
444 1097 634 1123 moueatur
647 1113 656 1123 .
673 1090 767 1125 Nam
780 1091 815 1123 in
833 1089 955 1134 primis
976 1089 1171 1135 impossibi-

223 1142 255 1178 le
271 1141 320 1178 est
332 1141 377 1176 ab
392 1136 541 1184 objeeto
558 1139 632 1174 ullo
647 1140 783 1175 moueri
801 1165 814 1181 ,
834 1150 873 1175 ut
885 1151 905 1174 a
933 1139 1041 1175 causa
1066 1143 1170 1177 totali

221 1190 408 1228 volitionis
434 1187 625 1229 effeffluu
651 1191 693 1225 Et
730 1192 898 1236 quamuis
930 1193 1170 1237 improbabile

219 1254 293 1280 non
309 1242 348 1277 lit
362 1240 499 1276 moueri
523 1250 541 1274 a
567 1238 671 1275 causa
697 1242 865 1288 partiali3
891 1242 1008 1276 minus
1036 1244 1170 1290 princi-

219 1294 308 1342 pali3
323 1302 387 1327 nos
401 1301 520 1326 tamen
536 1301 703 1338 putamus
719 1289 863 1337 obje&a
885 1292 1065 1329 intelleeta
1079 1292 1170 1336 ,sal-

220 1355 291 1379 tem
306 1341 442 1378 ordinis
468 1341 642 1376 naturalis
665 1343 820 1389 praebere
846 1352 988 1377 tantum
1010 1344 1170 1381 occasio-

218 1406 299 1430 nem
316 1392 494 1428 voluntati
507 1391 744 1438 prosequendi
765 1405 908 1435 amore,
934 1404 995 1428 aut
1022 1393 1162 1440 fugien-

217 1444 324 1480 diilla
352 1453 416 1490 per
444 1441 653 1477 molitionem
671 1468 680 1477 .
700 1443 901 1491 Utcunque
927 1444 1068 1480 dicatur
1091 1455 1169 1480 mo·

217 1496 321 1535 ueri,
348 1504 421 1528 non
438 1489 597 1540 sequitur
610 1504 751 1535 tamen,
775 1494 896 1541 quoad
923 1495 1040 1532 assum
1062 1505 1168 1531 natu-

218 1546 283 1581 rali
298 1542 497 1579 necestitate
509 1542 594 1578 duci
607 1546 651 1579 ab
665 1543 812 1590 objer
822 1547 995 1589 cognito,
1018 1546 1079 1581 nili
1095 1546 1167 1581 for-

219 1592 306 1629 taffe
320 1593 350 1626 is
364 1590 467 1624 αξξυς
482 1592 685 1635 appelletur
714 1596 916 1640 naturalis,
943 1596 1030 1641 quia
1057 1595 1165 1641 juxta

220 1639 489 1678 inclinationem
525 1639 725 1674 naturalem
757 1643 899 1676 elicitus
924 1667 935 1683 ,
964 1645 1168 1682 extrinseca

221 1688 517 1728 denominatione
546 1699 692 1734 accepta
717 1690 761 1724 ab
787 1691 1018 1727 inclinatione
1040 1693 1104 1728 fibi
1121 1698 1168 1731 ab

222 1750 358 1779 naturae
375 1736 544 1775 Authore
559 1737 672 1771 indita
684 1739 731 1772 est
748 1740 840 1772 enim
852 1742 968 1774 omnis
990 1742 1091 1777 aelus
1104 1745 1167 1780 eli-

221 1793 314 1829 citus
332 1787 533 1823 voluntatis
551 1786 694 1831 perinde
712 1788 823 1823 libere
837 1788 979 1822 elicitus
995 1815 1007 1829 ‚
1032 1796 1168 1827 cumin

219 1853 263 1879 eo
274 1837 373 1890 ponit
389 1837 560 1871 voluntas
577 1837 704 1873 mereri
720 1864 730 1878 ‚
759 1836 794 1872 Sc
811 1847 962 1884 peccare
975 1861 986 1872 .

319 1889 361 1926 Et
387 1898 449 1934 per
474 1885 566 1922 idem
588 1886 632 1921 ad
667 1887 861 1924 secundum
886 1912 898 1928 ,
934 1886 1169 1924 concedimus

219 1943 313 1980 enim
329 1939 554 1974 voluntatem
569 1936 613 1973 de
628 1948 698 1973 non
716 1939 861 1974 volente
878 1936 956 1974 fieri
985 1939 1167 1974 volentem

221 1991 405 2030 occasione
423 1998 567 2036 accepta
579 1989 625 2023 ab
651 1987 799 2035 objcc'to
828 1988 891 2025 fibi
914 1989 960 2024 ab
983 1988 1166 2025 intelleau

219 2040 510 2092 praeostens025ed
525 2039 832 2087 quemadmodum
844 2037 1008 2087 respeetu
1020 2039 1167 2076 ειὲὶιιυπι

219 2105 292 2130 non
308 2091 501 2139 primorum
516 2088 589 2136 ipsa
613 2088 645 2126 se
659 2101 780 2126 mouet
796 2089 839 2125 ad
865 2090 1060 2126 volendum
1074 2118 1084 2134 ,
1109 2091 1168 2127 vel

219 2141 410 2179 nolendum
422 2151 504 2175 cum
535 2144 718 2177 communi
745 2140 933 2178 influentia
955 2140 1067 2177 causae
1095 2141 1169 2188 pri-

221 2205 308 2233 mae,
338 2192 385 2226 ita
402 2202 472 2226 non
486 2190 586 2228 aliter
598 2190 632 2228 se
661 2191 794 2230 habete
823 2192 946 2239 quoad
974 2193 1171 2241 primum...

221 2244 339 2282 afilum
353 2242 571 2280 arbitramur
582 2268 592 2278 .

320 2291 378 2329 Ad
390 2291 701 2331 confirmationem
719 2307 766 2331 ex
784 2294 956 2334 Anselmo
972 2322 983 2339 ,
997 2293 1171 2337 dicimus,

221 2343 401 2390 Angelum
414 2343 567 2390 primum
579 2344 699 2382 aetum
714 2345 859 2382 volendi
886 2345 1047 2382 habuisse
1072 2357 1091 2380 a
1121 2343 1170 2387 se,

220 2394 307 2431 idest
323 2421 336 2438 ‚
365 2392 445 2441 ejus
462 2395 685 2432 voluntatem
703 2397 752 2432 ita
778 2396 932 2433 extitisse
961 2394 1104 2431 causam
1127 2395 1170 2431 il-

223 2445 290 2483 lius
313 2445 444 2494 primi,
464 2445 568 2481 sicuti
591 2445 626 2483 8c
657 2448 811 2483 aliorum
847 2446 1143 2495 subsequentium
1159 2468 1172 2482 .

222 2497 318 2534 Nam
333 2494 377 2532 ad
392 2494 511 2532 aftum
530 2496 757 2533 volendinon
786 2499 983 2545 requiritur
1012 2496 1074 2532 nifi
1105 2507 1171 2531 vo-

223 2546 346 2583 luntas
360 2547 392 2582 &
415 2546 618 2584 inteneetus
639 2548 828 2585 ostendens
849 2546 1033 2595 objeetum
1058 2573 1067 2582 .
1095 2544 1171 2584 Sed

222 2596 487 2637 Anselmiratio
505 2598 572 2633 fuit
587 2598 724 2636 ista:Si
753 2600 916 2645 Angelus
937 2597 1066 2633 habuit
1096 2598 1171 2644 pri-

225 2656 323 2682 mum
336 2645 452 2681 aetum
470 2647 617 2683 volendi
631 2661 649 2682 a
664 2647 698 2684 se
712 2675 725 2690 ‚
748 2660 907 2694 autergo
929 2647 1086 2683 volendo
1099 2672 1110 2688 ,
1132 2646 1168 2682 &

225 2699 276 2732 ita
289 2695 594 2743 procedereturin
620 2697 828 2734 infinitum:
857 2709 921 2734 aut
949 2709 1019 2732 non
1047 2697 1172 2732 volen-

225 2746 273 2781 do
288 2759 299 2777 ε
330 2756 433 2781 nemo
446 2755 563 2780 autem
580 2746 713 2782 dicitur
726 2749 813 2783 velle
825 2749 950 2783 nolens
969 2773 980 2782 .
1004 2745 1171 2792 Respon-

224 2796 295 2832 deo
319 2821 330 2837 ‚
375 2796 541 2840 Angelus
572 2795 739 2832 habendo
779 2796 1003 2833 intellectum
1032 2796 1172 2843 objeffi

221 2845 471 2888 ostenfiuum,
497 2846 531 2882 &
559 2848 781 2884 voluntatem
811 2857 937 2883 natura
965 2847 1170 2884 volitionea

261 2946 311 2982 (a)
348 2943 500 2981 cajetanus
515 2946 542 2977 in
554 2947 720 2978 comment.
735 2948 748 2981 (
758 2949 834 2986 cuius
845 2946 974 2978 dodi-ina
999 2946 1177 2986 approbatur

224 2995 242 3014 a
254 2982 374 3023 pluribus
385 2984 536 3015 Thomistis
548 2990 560 3022 )
573 2986 640 3015 dicit
651 3003 663 3020 ‚
683 2987 858 3016 voluntatem
873 2984 946 3025 poll'e
959 2986 1073 3024 quidem
1097 2986 1171 3016 velle

225 3021 364 3057 objectum
377 3021 422 3050 fibi
434 3025 548 3062 praesens
561 3043 571 3059 ,
592 3033 644 3052 nec
655 3024 729 3054 aliud
742 3026 845 3064 requiri
857 3024 891 3053 ad
913 3023 1066 3053 volendum
1088 3042 1098 3051 .
1117 3025 1169 3054 Sed

225 3060 260 3090 ad
275 3059 424 3089 volendum
434 3063 492 3101 ase
503 3072 560 3091 non
573 3061 698 3095 sufficere
710 3063 887 3093 voluntatem
899 3072 964 3091 cum
978 3064 1087 3099 objeeo
1100 3081 1111 3097 ‚
1123 3061 1169 3091 scd

224 3098 327 3134 requiri
340 3107 470 3135 praterea
485 3111 513 3130 ut
527 3102 657 3129 voluntas
671 3099 738 3130 velit
767 3100 949 3140 raecoguitum
972 3100 1056 3130 finem
1070 3112 1080 3137 ς
1103 3101 1170 3139 quia

225 3137 299 3166 velle
309 3133 363 3175 ase
375 3145 432 3166 non
448 3138 535 3168 solum
550 3146 685 3177 importat
697 3139 740 3168 vel
755 3149 769 3168 e
781 3157 791 3174 ‚
814 3140 858 3169 sed
884 3140 970 3168 etiam
994 3148 1075 3176 agere
1087 3158 1098 3174 ‚
1123 3137 1171 3167 vel

225 3183 342 3204 movere
354 3185 363 3207 3
381 3175 459 3214 quod
471 3186 528 3206 non
541 3177 682 3216 contingit
695 3178 742 3206 nisi
766 3186 800 3205 ex
813 3178 936 3217 appetitu
960 3174 1042 3213 finiig
1065 3180 1091 3206 δι
1104 3178 1169 3210 hoc,

227 3213 316 3250 inquit
327 3234 337 3247 ,
357 3221 412 3241 non
425 3214 567 3245 advertere
579 3215 617 3245 est
631 3219 706 3244 caius
718 3216 891 3254 loquentium
906 3218 957 3244 .Et
971 3218 1057 3254 magi<
1068 3214 1170 3245 deiude

225 3251 365 3289 explicans
377 3251 538 3282 sementiam
551 3256 578 3283 S.
589 3254 709 3284 Thomae
722 3255 809 3288 dicit,
832 3255 971 3292 Quamvis
981 3255 1170 3292 primus-aeus

226 3290 380 3319 voluntatis
395 3291 425 3319 fit
439 3301 472 3320 ex
486 3292 606 3320 ἰηΩῑηᾶυ
617 3293 684 3321 dato
697 3303 711 3321 a
726 3293 789 3322 Deo
802 3311 811 3325 ‚
826 3294 879 3330 ipsa
891 3302 985 3320 tamen
998 3302 1030 3322 cx
1044 3292 1094 3320 hac
1109 3291 1171 3319 finis

226 3328 366 3356 volitione
388 3328 414 3357 se
442 3329 527 3367 ipsam
539 3340 635 3359 movet
648 3333 681 3360 ad
692 3331 746 3359 alia
755 3330 873 3359 volenda
885 3332 973 3367 gratia
987 3330 1048 3359 linis
1060 3350 1069 3363 ,
1091 3327 1170 3368 quod

227 3366 312 3395 brutis
325 3375 384 3394 non
397 3370 529 3397 convenit
544 3387 552 3396 .
562 3370 597 3397 Et
609 3370 697 3406 pergit
709 3388 719 3403 ‚
740 3368 805 3398 ficut
816 3378 949 3408 generant
962 3379 1047 3407 grave
1060 3368 1106 3396 dat
1119 3376 1171 3405 ap-

226 3405 344 3443 petitum
358 3414 451 3433 motus
463 3407 491 3434 &
507 3406 562 3436 loci
575 3401 705 3436 deorliim
722 3419 730 3440 3
745 3408 781 3435 ita
794 3409 904 3446 genitur
920 3408 1071 3437 voluntati<
1084 3406 1131 3434 dat
1144 3405 1171 3433 ci

226 3443 384 3471 naturalem
399 3443 610 3473 inclinationem
625 3455 652 3473 in
666 3446 770 3474 bonum
781 3463 792 3479 ‚
817 3447 843 3473 8<
854 3446 982 3476 voluntas
1005 3445 1092 3475 tendit
1108 3445 1170 3473 ἱππ-ι

227 3480 308 3508 illum
324 3481 385 3510 ειᾶιι
396 3482 491 3510 elicito
507 3502 516 3516 ‚
536 3485 583 3520 qui
597 3483 632 3512 est
646 3485 750 3512 volitio
763 3503 772 3517 ‚
793 3485 820 3512 ὅ(
834 3484 867 3512 lic
878 3483 952 3512 aeus
963 3484 1064 3513 dicitur
1072 3481 1123 3510 effe
1135 3486 1171 3509 ab

227 3520 367 3547 exteriore
380 3528 480 3557 agente
493 3541 502 3554 ,
515 3521 580 3550 sieut
596 3531 690 3550 motus
702 3523 793 3560 gravis
804 3531 819 3550 a
830 3531 979 3560 generante
992 3522 1043 3551 effe
1057 3521 1170 3552 dicitur,

230 3556 294 3584 alias
304 3557 413 3586 daretur
424 3557 562 3596 processus
573 3560 601 3588 in
616 3559 749 3588 infinitum
764 3561 791 3588 iu
805 3561 968 3589 voluntariis
979 3578 990 3594 ,
1000 3558 1046 3588 nifi
1058 3558 1170 3587 daretur

228 3601 297 3621 unus
307 3603 362 3622 non
379 3596 551 3625 voluntarius
563 3616 573 3631 ,
597 3597 641 3626 sed
654 3598 786 3626 naturalis
798 3599 873 3626 actus
885 3599 1039 3627 voluntatis
1052 3616 1060 3630 ,
1074 3598 1101 3625 in
1112 3605 1172 3634 quo

230 3629 260 3657 llt
271 3629 360 3673 ssatus.
375 3633 442 3662 ΗΜ
454 3633 503 3662 ille
515 3653 524 3662 .
538 3635 642 3664 Noster
656 3635 792 3664 institutus
805 3637 1008 3673 non‹perniittit
1021 3635 1098 3671 hujus
1113 3637 1172 3663 Au-

229 3666 314 3713 tlioris
325 3669 395 3711 dista
409 3672 562 3709 expendere
574 3691 585 3708 ‚
600 3673 646 3701 scd
663 3674 782 3703 videnda
795 3674 910 3711 quaestlo
923 3679 1007 3712 604¹·
1020 3683 1051 3711 p·
1062 3682 1122 3710 qua:
1135 3672 1174 3700 est

230 3715 263 3733 ue
276 3704 422 3736 dssefhone
436 3726 445 3735 -
470 3713 513 3739 An
535 3710 616 3739 elica.
629 3713 700 3740 Item
716 3722 747 3750 q.
761 3714 809 3741 81..
821 3715 856 3741 Ψ·
871 3713 902 3748 83
916 3730 925 3740 .
935 3710 1076 3742 videndus
1087 3711 1173 3739 ctiam

231 3742 389 3783 Vasquesiur
402 3755 427 3775 1.
439 3753 466 3778 ι.
476 3748 507 3779 di
515 3759 545 3787 p.
559 3750 603 3784 38.
611 3759 670 3788 cap.
683 3758 711 3780 r..

1243 186 1403 233 priorem
1417 210 1428 225 ‚
1450 182 1551 218 fimul
1577 195 1694 219 tamen
1718 195 1902 233 tempore,
1927 187 2054 225 habuit
2074 181 2188 240 veile,

1245 246 1316 270 non
1334 246 1394 281 per
1410 233 1512 269 aliam
1539 233 1775 275 volitionem,
1797 235 1853 271 sed
1876 249 1944 284 per
1968 238 2087 282 astum
2118 237 2192 289 pfl}

1246 295 1345 319 mum
1366 282 1578 330 potestative
1598 283 1840 319 continentem
1866 288 1903 323 in
1920 287 2101 325 suiaetiva
2117 295 2188 329 vir.

1243 343 1324 372 tute
1340 335 1435 369 illam
1446 334 1688 380 operationem
1708 358 1718 367 .

1348 383 1429 419 Hic
1442 381 1606 428 occast'me
1619 391 1742 420 textus
1754 384 1793 423 S,
1815 383 1948 422 Thomna
1961 390 2001 423 in
2019 390 2111 427 calce
2135 392 2188 440 [ρ-

1243 435 1382 474 tutionis
1395 445 1439 470 ex
1448 434 1627 470 incidenti
1642 436 1755 479 quieti
1763 433 1872 481 poffl‘t
1884 436 1928 471 de
1948 438 2038 475 bona
2060 441 2189 481 Fortu-

1244 499 1287 523 na
1302 513 1311 528 ‚
1335 485 1380 521 de
1398 495 1468 531 qua
1479 485 1550 520 late
1573 483 1722 525 Dofflr,
1745 484 1923 536 letb.
1939 490 2061 532 quaest.
2078 491 2188 530 finali:

1244 536 1319 575 Sed
1328 535 1414 584 quia
1429 533 1473 570 tle
1488 537 1541 571 rei
1555 535 1715 570 veritate
1725 537 1863 571 condat
1876 562 1885 576 ,
1918 548 1963 571 ac
1984 539 2082 575 nulla
2095 547 2190 580 inter

1245 586 1442 623 catholicos
1466 586 1676 620 truffatores
1696 584 1752 618 eff
1777 585 2011 631 controversia
2031 593 2189 629 omnihm

1242 636 1396 671 Divina·
1404 635 1641 681 providentie
1651 635 1932 672 attribuentibus
1949 646 2099 675 eventus
2110 643 2191 686 flua

1241 689 1350 722 tuitos
1368 708 1380 727 ,
1402 683 1447 722 &⁴
1462 684 1617 729 casuales
1630 710 1642 727 ‚
1670 686 1846 732 quicquid
1865 685 1962 720 dicat
1982 689 2186 732 Mrislote-

1240 737 1287 773 les
1303 732 1645 782 ejuffiueseflatores
1657 761 1669 777 ‚
1692 735 1789 770 nihil
1796 734 2063 780 efi‘fizciendum
2073 733 2084 774 Ξ
2094 753 2191 789 quae.

1242 788 1324 822 dam
1347 787 1456 821 etiam
1477 786 1520 821 de
1543 787 1608 821 hac
1652 787 1805 821 materia
1838 788 1933 822 taffa
1955 787 2073 834 fient,
2098 804 2134 840 p.
2149 805 2185 841 p.

1242 849 1279 885 q,
1296 836 1379 873 116·
1389 845 1454 871 art.
1474 848 1503 873 t.
1519 839 1583 874 ubi
1598 834 1642 871 de
1657 836 1758 872 Fafc'o
1769 840 1893 883 agitur
1907 862 1918 873 .

1405 934 1911 975 ARTlCULUS
1971 936 2023 975 V.

1265 1037 1406 1075 Utrum
1422 1038 1590 1075 voluntas
1604 1046 1794 1074 moveatur
1805 1049 1825 1073 a
1836 1047 1989 1087 corpore
2005 1040 2138 1078 coelesti
2148 1068 2163 1080 .

1315 1136 1449 1173 Daflor
1462 1148 1498 1173 2.
1511 1137 1546 1175 d.
1567 1149 1619 1184 ¹4·
1633 1150 1666 1187 q.
1685 1148 1714 1182 3.
1730 1146 1760 1182 ,θ’
1771 1140 1916 1189 Qarto
1930 1139 2014 1177 dico
2030 1166 2040 1176 .
2066 1141 2110 1181 It}

1368 1187 1503 1236 Report
1530 1187 1617 1224 abui.
1635 1189 1761 1241 Qodl
1785 1201 1820 1236 q.
1837 1199 1896 1225 τι.
1920 1196 1959 1230 5.
1985 1193 2055 1228 Sed

1414 1239 1459 1276 de
1476 1239 1580 1275 causa
1607 1240 1805 1276 extrinseca
1819 1268 1827 1276 .
1844 1251 1879 1276 n.
1899 1240 2010 1285 140&

1467 1288 1512 1325 de
1522 1291 1682 1327 eflnima
1693 1290 1844 1339 q.11-S.
1865 1291 1960 1328 Tho·

1513 1351 1589 1377 mas
1612 1351 1642 1377 1.
1656 1352 1693 1380 2.
1705 1353 1779 1392 q.9.
1794 1350 1910 1388 art.5.

1239 1440 1540 1534 REspondeo
1554 1469 1567 1485 ,
1586 1443 1760 1492 quoniam
1785 1441 1939 1492 praesens
1962 1445 2188 1492 quaesitum..

1364 1495 1530 1541 pluribus
1544 1492 1744 1541 expensum
1759 1496 1830 1532 fuit
1851 1504 1956 1543 1.p.q.
1978 1505 2057 1540 ¹¹5·
2070 1505 2185 1542 art-4.

1237 1559 1333 1583 nuuc
1350 1546 1506 1581 breuiter
1522 1543 1676 1592 idipsum
1693 1547 1914 1593 explicantes
1927 1547 2093 1590 dicimus,
2107 1557 2188 1582 cor«

1236 1608 1323 1644 pora
1337 1593 1486 1630 coelestia
1504 1594 1637 1631 direete
1664 1607 1896 1644 nequaquam
1918 1607 2063 1632 mouere
2090 1596 2186 1644 poffe

1237 1649 1459 1682 voluntatem
1471 1655 1533 1681 aut
1550 1645 1799 1689 intelleft'kum,
1821 1645 1878 1682 scd
1891 1656 2033 1683 tantum
2050 1648 2185 1683 indire-

1237 1694 1294 1730 ete
1311 1721 1323 1736 ‚
1347 1696 1380 1730 Sc
1401 1705 1464 1740 per
1477 1694 1727 1735 occafionem,
1753 1707 1826 1740 qua
1852 1695 1989 1731 direete
2010 1708 2124 1742 agunt
2148 1697 2187 1732 in

1238 1744 1443 1780 sensitiuurn
1462 1743 1663 1789 appetitum
1677 1770 1685 1778 .
1700 1742 1887 1789 Siquidem
1899 1755 1990 1790 pure
2011 1756 2183 1792 corpora-

1238 1795 1270 1828 le
1282 1795 1409 1837 nequit
1420 1791 1553 1827 directe
1569 1805 1679 1837 agere
1690 1794 1726 1828 in
1739 1793 1924 1840 spitituale
1936 1805 1948 1825 ι
1964 1804 2074 1839 agens
2088 1796 2184 1830 enim

1235 1838 1286 1872 est
1303 1840 1462 1882 patiente
1475 1840 1633 1873 nobilius
1650 1852 1662 1874 2
1677 1842 1848 1875 voluntas
1864 1853 1983 1878 autem
1995 1845 2029 1879 8<
2046 1846 2186 1880 intelle·

1236 1884 1317 1923 &tus
1331 1885 1411 1923 sunt
1424 1886 1597 1934 potentiae
1607 1889 1756 1924 omnino
1767 1889 1968 1937 spirituales
1982 1918 1991 1927 .
2019 1892 2112 1928 Sunt
2127 1906 2185 1929 er-

1237 1948 1286 1983 go
1299 1937 1443 1986 penitus
1458 1947 1618 1973 extrema
1632 1939 1964 1987 improportionata
1978 1965 1990 1981 ‚
2012 1951 2053 1976 ut
2070 1954 2186 1980 unum

1236 1989 1401 2036 excipiat
1415 1988 1597 2025 influxum
1614 1988 1764 2027 alterius
1777 2015 1791 2034 ,
1814 1999 1855 2025 ac
1870 1988 1914 2024 ad
1936 1989 2114 2028 actionem
2142 1993 2188 2028 il-

1234 2038 1310 2076 lius
1324 2048 1517 2075 moueatur
1528 2063 1540 2074 .

1337 2090 1438 2142 Quia
1451 2099 1572 2126 tamen
1584 2090 1717 2129 dire-ste
1727 2103 1833 2140 agere
1847 2095 1968 2131 valent
1984 2092 2020 2128 in
2048 2104 2186 2140 organa

1238 2139 1404 2179 sensuum
1419 2168 1431 2184 ,
1459 2153 1542 2190 qnae
1557 2140 1636 2178 sunt
1662 2154 1815 2191 corpora
1837 2146 1974 2186 mixta,
2002 2142 2185 2182 subinde,

1236 2192 1313 2228 haec
1327 2193 1522 2229 alterariac
1537 2193 1720 2229 immutari
1750 2193 1892 2241 possunt
1921 2194 1966 2231 ad
1993 2194 2185 2241 aliquem.»

1237 2243 1392 2288 gradum
1420 2244 1698 2280 conuenientem
1727 2243 1798 2281 illis
1820 2271 1832 2288 ‚
1869 2256 1912 2281 ut
1932 2245 2013 2281 sunt
2039 2255 2178 2291 organa

1238 2292 1403 2330 sensuum
1416 2319 1428 2336 ,
1453 2294 1487 2331 8<
1503 2293 1610 2329 etiam
1625 2294 1667 2329 ad
1682 2293 2013 2333 disconuenientem
2029 2295 2097 2330 illis
2109 2322 2122 2339 ,
2144 2297 2181 2333 Sc

1237 2355 1301 2392 per
1319 2343 1544 2392 consequens
1567 2344 1699 2381 habere
1728 2356 1866 2392 queunt
1902 2347 2080 2382 antonem
2119 2346 2185 2381 ali·

1237 2405 1346 2440 quam
1370 2395 1492 2442 quoad
1515 2394 1633 2431 aslum
1658 2396 1861 2432 intelleEIus
1887 2419 1900 2439 ‚
1927 2398 1961 2433 8(
1983 2396 2183 2433 voluntatis

1239 2443 1535 2491 quodammodo:
1552 2442 1648 2482 Nam
1671 2445 1694 2480 fi
1719 2446 1952 2483 deordinatur
1975 2445 2093 2482 sensus
2117 2447 2184 2484 in..

1239 2493 1322 2531 astu
1339 2492 1430 2537 suo,
1455 2495 1703 2534 &intelleaus
1730 2496 1830 2531 illum
1862 2496 2013 2544 sequens
2039 2498 2182 2533 aberra·

1239 2546 1295 2581 bit
1311 2569 1324 2586 ,
1348 2556 1388 2581 ut
1415 2556 1512 2592 patet
1538 2548 1573 2583 in
1598 2545 1844 2594 phreneticis,
1866 2549 1901 2584 8<
1924 2546 2118 2588 lunaticis,
2143 2548 2182 2583 in

1239 2595 1376 2643 quibus
1386 2595 1434 2632 est
1453 2597 1661 2644 imaginatio
1676 2595 1825 2633 confusa
1842 2625 1853 2641 ,
1885 2597 1930 2632 ad
1945 2608 2054 2644 quam
2074 2595 2181 2632 indis-

1239 2645 1452 2694 positionerri
1477 2644 1612 2682 directe
1635 2645 1724 2682 astra
1746 2647 1893 2683 influere
1920 2646 2079 2682 dubitati
2109 2657 2181 2682 non

1239 2695 1366 2743 potest.
1384 2696 1509 2733 Stante
1525 2708 1646 2732 autem
1661 2697 1919 2732 inordinatione
1932 2698 1965 2732 in
1984 2696 2180 2738 intelleGIu,

1241 2744 1406 2791 sequitur
1422 2747 1525 2782 ctiam
1540 2746 1765 2782 deordinatio
1782 2747 1815 2782 in
1835 2748 2022 2783 voluntate
2039 2770 2047 2780 .
2064 2747 2181 2793 Supe-

1242 2798 1336 2830 riora
1355 2796 1461 2831 etiam
1474 2808 1626 2844 corpora
1643 2798 1676 2832 in
1696 2796 1900 2833 sensitiuum
1913 2798 2110 2845 appetitum
2127 2796 2181 2830 di-

1241 2843 1536 2882 rec'Reinfluentia
1565 2846 1736 2883 inducere
1761 2849 1873 2884 valent
1902 2860 1977 2882 eam
2000 2847 2183 2883 alteratio-

1240 2907 1320 2930 nem
1341 2922 1351 2936 ,
1377 2907 1415 2931 ut
1435 2897 1547 2943 magis
1561 2897 1602 2932 ad
1632 2898 1704 2933 haec
1723 2924 1732 2939 ‚
1757 2910 1864 2945 quam
1887 2897 1930 2932 ad
1953 2899 2009 2933 illa
2039 2895 2181 2941 objeffl

1242 2945 1463 2990 inclinetur,
1489 2948 1575 2993 quia
1589 2958 1673 2983 vere
1704 2948 1853 2984 viatoris
1880 2949 2048 2983 voluntas
2075 2948 2184 2981 ratio·

1242 2995 1332 3031 nalis
1346 2996 1541 3033 inclinatur
1555 2996 1600 3032 ad
1621 2996 1914 3046 prosequendum
1942 2997 2043 3045 quod
2066 2996 2193 3032 effica-,

1240 3047 1329 3081 citer
1341 3045 1387 3082 ab
1403 3045 1573 3083 sensitivo
1586 3049 1749 3096 appetitu
1780 3048 1999 3085 desideratur
2011 3075 2021 3089 ,
2050 3047 2183 3082 exinde

1240 3094 1332 3132 astra
1360 3098 1530 3134 inclinare
1550 3097 1721 3135 dicuntur
1744 3099 1776 3135 8<
1803 3100 2026 3135 voluntatem
2044 3124 2057 3139 ,
2080 3108 2182 3132 non...

1224 3145 1373 3192 uniain
1390 3147 1501 3195 ipsam
1517 3147 1652 3185 diree'te
1673 3149 1825 3186 influant
1843 3176 1853 3192 ,
1883 3149 1939 3185 sed
1965 3149 2014 3183 ob
2039 3147 2183 3184 causam

1241 3196 1358 3234 statim
1371 3197 1524 3235 dinam.
1544 3200 1583 3234 ln
1594 3199 1697 3236 nullo
1729 3210 1847 3236 tamen
1875 3198 2095 3235 neceffitatur
2120 3199 2182 3233 ab»

1239 3245 1355 3284 solute
1384 3249 1553 3284 voluntas
1581 3274 1591 3284 .
1615 3250 1690 3284 imo
1715 3249 1826 3286 exsui
1851 3250 2014 3284 libertate
2035 3247 2184 3283 obviam

1238 3297 1290 3332 ire
1303 3297 1416 3345 potest
1434 3299 1552 3334 culvis
1566 3297 1722 3335 senlitiui
1739 3299 1924 3347 appetitus
1938 3298 2178 3334 inclinationi.

1242 3347 1313 3383 Etsi
1327 3348 1376 3383 ob
1390 3359 1466 3384 eam
1485 3349 1683 3385 voluntatis
1700 3352 1916 3396 pronitatem
1934 3348 2103 3395 sequendi
2120 3359 2182 3395 ap·

1238 3398 1394 3445 petitum
1407 3397 1613 3435 sensitiuum
1629 3400 1663 3434 in
1680 3398 1751 3435 suis
1777 3399 2072 3437 inclinationibus
2096 3408 2181 3432 con·

1238 3458 1293 3483 tra
1318 3446 1412 3483 resta
1435 3448 1584 3485 rationis
1610 3447 1803 3485 diflamina
1821 3476 1832 3493 ,
1854 3451 1988 3486 accidat
2019 3447 2180 3484 Astrolo-

1237 3507 1304 3543 gos
1317 3509 1401 3534 vere
1412 3497 1596 3545 conjicere
1611 3500 1654 3535 de
1671 3501 1832 3537 moribus
1853 3501 2038 3536 hominum
2055 3508 2181 3543 quam·

1239 3550 1296 3584 vis
1310 3548 1471 3585 absolute
1490 3551 1593 3585 aliter
1617 3547 1726 3597 polset
1742 3551 1901 3596 jevenire
1925 3549 1945 3584 si
1973 3547 2180 3583 horninibus

1239 3598 1330 3634 foret
1356 3597 1558 3645 persuasum
1572 3601 1683 3646 magis
1693 3599 1759 3637 effe
1772 3599 1990 3648 ssquendum
2005 3597 2182 3632 diflamen

1240 3648 1388 3684 rationis
1406 3675 1419 3691 ,
1445 3663 1554 3697 quarn
1569 3650 1724 3687 sensitivi
1745 3651 1926 3698 appetitus
1952 3648 2181 3696 pronitatem.

1241 3697 1459 3745 Simpliciter
1471 3713 1557 3747 ergo
1571 3702 1605 3736 8<
1625 3700 1792 3738 absolute
1804 3698 1942 3747 aliquid
1953 3697 2051 3733 estin
2063 3697 2181 3733 homi-

1242 3758 1310 3790 ne,
1334 3746 1378 3781 ad
1389 3751 1489 3794 quod
1503 3752 1714 3800 quicunque
1736 3761 1927 3799 corporum
1950 3748 2182 3832 ςωΙεζῆἱίἴυηυ

2028 3810 2067 3836 ιη
2099 3809 2139 3833 u·
