2617 3991
112 460 142 479 2.
155 449 184 478 d·
200 449 311 479 ³7-q·²··

111 493 134 522 §v
146 487 184 515 Ad
191 483 311 522 primum

112 524 263 568 primun-pale
273 540 286 551 ο

115 2733 145 2759 S.
156 2731 278 2759 Tliomae

114 2780 239 2807 primum
264 2773 300 2800 Ψ

114 2810 233 2836 tertium
242 2809 321 2849 pn'n-

115 2847 205 2886 cipale
216 2867 224 2875 .

428 101 526 146 124

347 157 441 194 resta
457 159 609 190 ratione.
629 152 731 188 Sicut
743 162 829 197 ergo
847 149 989 185 bonitas
1001 163 1046 186 ex
1059 148 1129 184 fine
1152 160 1291 185 intento

348 195 420 247 iota
439 206 569 242 vendet
586 218 602 238 a
617 202 882 244 voluntate2ita
895 202 927 236 8(
946 201 1084 248 reliqua
1100 226 1110 240 ‚
1138 213 1219 246 quae
1247 211 1292 236 ex

345 257 493 303 obj-„eto
509 282 520 299 ‚
543 257 574 291 8<
591 251 869 290 circumstantiis
882 249 994 287 inest:
1019 264 1059 286 ac
1074 262 1290 298 propterea„

347 313 518 350 Salvator
530 306 650 352 arguit
666 303 861 343 Phar-Teos
892 301 1092 349 hypocrisis
1106 327 1118 343 ,
1143 312 1291 337 monens

348 371 409 397 eos
427 386 436 401 ‚
456 369 492 392 nt
518 356 744 393 conformare
771 353 934 388 studeant
960 352 1059 388 astus
1086 354 1290 389 exteriores

345 409 579 448 interioribus
601 408 633 442 St
660 419 678 443 e
694 403 868 440 converso
885 432 892 445 ‚
916 403 1210 449 quandoquidem
1227 405 1291 438 bo.

346 465 440 499 nitas
456 460 599 495 illorum
613 471 658 494 ex
684 456 765 502 iplis
781 453 932 501 pendeat
960 463 998 488 ut
1012 453 1195 488 fructuum
1225 455 1290 488 bo-

345 522 474 550 norum
491 508 660 551 suavitas,
673 508 704 542 8(
719 505 890 553 perfeciio
901 517 945 541 cx
958 504 1103 540 Arbore
1116 507 1220 539 bona:
1239 502 1288 539 est

346 574 435 610 ergo
451 571 698 606 argumentum
714 556 984 592 concedendum
999 582 1010 590 ,

447 612 507 649 Ad
522 607 717 645 secundum
734 607 869 641 dicitur
891 619 900 642 ε
934 607 1016 642 Non
1031 603 1142 640 solum
1158 603 1291 652 aquuis

348 665 539 700 voluntate
555 669 678 706 peccat
694 685 703 698 ,
736 656 885 702 quando
901 656 979 691 vult
1007 656 1139 690 malum
1168 654 1290 696 finem,

347 714 406 750 sed
422 715 532 748 eiiam
552 709 699 755 quando
710 708 787 741 vult
803 707 938 741 malurn
956 716 1076 740 actum
1093 731 1101 740 .
1120 707 1208 750 Haec
1222 703 1292 739 res-

346 764 473 813 ponfio
490 765 523 797 in
537 759 698 796 terminis
715 767 784 792 non
796 755 844 791 est
859 755 1114 803 improbanda:
1146 756 1214 797 Sed
1228 758 1293 790 ἰη-,

348 815 444 851 (ειΓιιΑ
462 810 616 860 superest
646 806 877 857 quaerendum
895 833 905 848 ‚
933 818 976 842 an
990 833 1001 849 ,
1029 805 1176 852 quando
1215 807 1294 842 vult

348 877 470 901 actum
484 863 633 900 malum,
646 859 740 894 unde
754 854 874 903 &ipsa
889 856 939 892 est
957 856 1046 899 mala
1066 883 1075 898 ‚
1089 857 1177 892 velit
1192 857 1294 900 illum

350 917 386 951 in
403 915 434 951 se
449 941 459 956 ,
486 914 540 949 vel
555 913 588 945 in
600 910 726 946 ordine
744 906 788 941 ad
814 918 934 943 actum
949 908 1166 951 exteriorem
1181 908 1296 955 impe-

348 977 470 1001 ratum
483 965 530 998 ab
545 963 686 996 interno
699 957 841 993 volito?
868 959 909 994 Et
922 957 1002 994 sane
1018 957 1133 1001 solum
1167 957 1295 998 iuxta,

348 1018 448 1052 hunc
461 1013 684 1049 intellectum
697 1009 860 1058 procedit
876 1008 1038 1056 quaestio.
1055 1010 1129 1045 Cui
1145 1021 1211 1045 nos
1224 1010 1297 1046 res.

348 1065 547 1116 pendentes
560 1061 730 1102 dicimus,
746 1061 916 1096 malitiam
927 1071 1024 1096 actui
1038 1062 1214 1108 imperato
1225 1074 1297 1097 non

350 1115 456 1154 inesse
470 1143 482 1159 ,
494 1114 557 1149 nisi
570 1114 655 1159 quia
669 1115 796 1148 unitur
809 1113 1012 1159 imperanti,
1027 1115 1092 1159 qui
1110 1113 1209 1158 prius
1222 1124 1298 1149 erat

349 1169 466 1206 malus
482 1193 491 1206 ‚
513 1164 607 1200 unde
621 1164 794 1199 malitiam
808 1163 842 1198 in
856 1166 1072 1201 exteriorem
1091 1163 1244 1199 defluxit
1262 1190 1272 1199 .

451 1220 578 1266 Qare
592 1214 763 1254 dicimuS,
777 1225 1030 1258 argumentum
1049 1215 1083 1249 in
1098 1214 1299 1260 Augustini

351 1272 568 1306 auctoritate
580 1266 769 1301 fundatum
786 1263 852 1300 effe
869 1265 1139 1301 concedendum
1154 1291 1167 1298 .

454 1321 497 1354 Et
510 1317 745 1352 concedimus
777 1316 909 1364 pariter
933 1317 1077 1353 tertiam
1107 1315 1298 1352 rationem.

349 1373 419 1408 His
435 1370 529 1405 enim
555 1366 783 1413 argumentis
809 1366 946 1411 directe
970 1367 1141 1416 praemiss‘a
1165 1365 1300 1411 solutio

348 1423 525 1471 probatur
539 1443 550 1454 .

499 1519 1013 1565 ARthiJLus
1068 1521 1138 1563 ui,

474 1623 615 1659 Utrum
628 1621 770 1656 bonitas
789 1620 818 1654 8<
835 1622 970 1655 malitia
986 1622 1025 1657 sit
1039 1623 1164 1658 eadem

529 1670 720 1706 exterioris
732 1670 765 1713 &
785 1670 966 1705 interioris
983 1683 1085 1717 acius
1102 1697 1111 1707 .

447 1771 580 1809 Detior
597 1769 733 1822 le.
747 1781 780 1816 q.
797 1781 810 1805 t
821 1770 854 1805 8.
867 1780 940 1806 art.
957 1783 990 1815 3.
1006 1772 1045 1808 S.
1055 1772 1202 1816 Thomas

659 1833 689 1866 i.
704 1831 739 1855 2.
751 1831 786 1875 q.
801 1830 861 1863 zo.
877 1828 949 1863 art.
966 1831 1000 1867 3,

461 1922 583 1958 Idetur
597 1922 716 1959 eadem
732 1919 882 1958 omnino
894 1920 961 1957 effe
971 1922 1114 1958 bonitas
1129 1921 1187 1956 vel
1205 1921 1305 1957 malie

473 1976 522 2009 tia
537 1985 640 2013 actus
654 1972 836 2009 interioris
852 1974 1052 2009 voluntatis
1068 2000 1078 2015 ,
1091 1975 1125 2010 8(
1144 1976 1306 2007 exterio·

347 2031 396 2061 ris
413 2037 515 2060 acius
532 2052 541 2061 .
559 2023 744 2071 Siquidem
762 2033 866 2066 actus
878 2024 1079 2066 voluntatis
1095 2023 1125 2060 se
1140 2023 1248 2058 habet
1263 2032 1302 2058 ut

347 2077 501 2112 formale
519 2075 560 2109 ad
575 2086 695 2110 aetum
711 2075 923 2109 exteriorem
945 2087 957 2115 3
983 2086 1027 2111 ex
1047 2075 1161 2111 forma
1179 2085 1301 2109 autem

349 2129 383 2163 8<
400 2127 546 2161 materia
562 2124 597 2160 fii
613 2136 746 2165 urium3
759 2135 846 2169 ergo
857 2123 906 2160 est
922 2137 987 2159 una
1005 2127 1145 2163 bonitas
1159 2126 1215 2161 vel
1230 2136 1304 2160 ma-

349 2179 423 2213 litia
442 2188 546 2211 actus
562 2177 744 2211 interioris
781 2176 813 2211 8(
832 2176 1022 2212 exterioris
1052 2203 1061 2212 .

456 2228 629 2262 Praeterea
649 2252 659 2267 ,
683 2225 812 2262 Eadem
830 2225 878 2260 est
894 2229 1023 2262 veritis
1040 2239 1142 2263 aetus
1174 2226 1307 2262 intelli-

350 2278 459 2324 gendi
478 2304 488 2319 ‚
505 2277 661 2323 &ipsius
680 2275 816 2321 objecti
830 2277 1024 2317 intellecri3
1056 2290 1143 2322 ergo
1159 2279 1233 2324 pari
1251 2291 1306 2312 ra-

350 2331 450 2365 tione
465 2327 589 2362 eadem
606 2325 654 2362 est
671 2329 811 2362 bonitas
827 2338 928 2363 actus
942 2328 1105 2370 volendi,
1119 2330 1151 2364 &
1165 2326 1304 2374 objecti

351 2380 455 2415 voliti
472 2405 481 2413 .
501 2377 731 2414 Antecedens
744 2379 914 2423 exemplo
926 2378 1132 2414 declaratur
1153 2404 1161 2412 .
1206 2382 1302 2416 Nam

352 2431 444 2465 sicut
458 2431 591 2464 veritas
609 2428 778 2475 principii
794 2427 841 2463 est
854 2429 1057 2468 immediata
1074 2456 1084 2471 ,
1112 2429 1157 2464 fic
1174 2430 1304 2465 notitia

350 2478 431 2523 ejus
444 2480 513 2514 dici
530 2477 644 2526 potest
662 2477 866 2514 immediata
882 2505 893 2521 ,
916 2480 949 2515 8(
965 2481 1203 2516 conclufionis
1231 2492 1307 2515 me-

353 2530 449 2566 diata
465 2556 473 2565 .
491 2529 663 2565 Similiter
680 2540 718 2564 ut
734 2529 862 2568 notitia
877 2530 1045 2576 principii
1071 2544 1116 2567 ex
1144 2531 1306 2567 terminis

353 2581 418 2624 est,
431 2579 673 2618 conclusionis
690 2591 773 2616 vero
784 2593 827 2618 ex
845 2582 1049 2630 principiiS,
1064 2582 1108 2618 fic
1122 2581 1194 2620 istis
1209 2593 1307 2618 com·

351 2634 442 2679 petit
458 2632 590 2667 veritas
606 2660 617 2668 .

455 2681 736 2724 Contra‚Actus
752 2683 934 2719 interioris
951 2684 1172 2731 Drincipium
1191 2684 1240 2722 est
1253 2685 1308 2728 vis

353 2734 479 2769 anima:
496 2759 505 2774 ,
521 2733 707 2768 exrerioris
722 2745 841 2768 aurem
856 2735 1017 2782 potentia
1032 2746 1215 2782 exequens
1230 2748 1310 2772 mo-

352 2795 432 2820 rum
450 2809 458 2818 .
476 2783 544 2820 Sed
559 2783 652 2818 idem
669 2781 836 2819 accidens
855 2785 921 2820 effe
949 2788 1076 2833 nequit
1104 2790 1137 2821 in
1164 2787 1309 2829 duobus

353 2833 551 2879 subjectis3
574 2845 659 2878 ergo
672 2833 739 2874 effe
763 2836 886 2880 nequit
907 2837 1027 2872 eadem
1052 2839 1191 2875 bonitas
1215 2840 1309 2873 inte,

353 2886 458 2921 rioris
472 2887 504 2921 8(
523 2885 709 2927 exterioris
724 2895 845 2920 actus.
867 2887 1006 2923 Rursus
1023 2888 1164 2925 :Causa
1177 2892 1210 2926 8(
1225 2887 1308 2925 effe·

351 2947 433 2972 ctus
450 2934 542 2970 idem
556 2934 624 2970 effe
635 2947 705 2970 non
720 2933 860 2981 polsunt
876 2948 885 2973 :
904 2937 988 2972 niiiil
1003 2939 1094 2973 enim
1108 2940 1156 2977 est
1175 2938 1308 2978 causa„

352 2987 402 3023 sui
416 2986 525 3032 ipsius
542 2998 553 3025 3
581 2985 648 3021 Sed
664 2987 806 3022 bonitas
820 2997 920 3022 actus
935 2986 1116 3023 interioris
1139 2991 1188 3025 cst
1203 2993 1307 3027 causa

350 3038 527 3073 bonitatis
544 3046 647 3070 actus
665 3037 858 3072 exterioris
872 3063 882 3079 ,
895 3051 955 3073 aur
971 3051 990 3073 e
1005 3039 1198 3083 c‹›nverso;
1217 3055 1305 3089 ergo

353 3100 425 3124 non
440 3087 554 3135 potest
567 3086 634 3122 effe
649 3088 771 3122 eadem
787 3090 929 3123 bonitas
941 3089 1129 3136 utriusque
1143 3117 1151 3126 .

458 3137 672 3184 Respontleo
689 3162 701 3181 ‚
724 3139 944 3184 Aliquorum
960 3140 1006 3175 est
1021 3140 1078 3175 hic
1107 3139 1310 3183 sententiar,

353 3190 460 3224 talis:
482 3189 599 3223 Actus
615 3190 764 3224 interior
781 3190 981 3236 voluntatis
997 3217 1007 3233 ,
1032 3193 1064 3227 8(
1084 3204 1188 3229 actus
1215 3208 1307 3235 cxtc,

357 3241 427 3275 rior
446 3267 454 3280 ‚
482 3250 589 3287 prout
604 3239 873 3276 confiderantur
889 3242 923 3276 in
941 3253 1072 3286 genere
1091 3246 1210 3287 moris,
1230 3247 1309 3282 sunt

354 3301 450 3325 unus
465 3301 568 3325 actus
589 3289 783 3330 Continstir
798 3304 918 3326 autem
934 3292 1156 3342 quandoque
1171 3309 1309 3341 actum,

353 3342 416 3386 qui
431 3339 478 3375 est
496 3352 590 3375 unus
610 3339 773 3386 subjecto
790 3341 922 3376 habere
941 3345 1059 3389 piures
1075 3347 1230 3382 rationes
1249 3352 1311 3383 bo·

354 3391 478 3426 nitatis
494 3391 547 3426 vel
564 3393 722 3432 malitiae,
740 3394 770 3428 53<
791 3392 1016 3440 quandoque
1032 3406 1136 3431 unam
1155 3408 1310 3441 tantum,

356 3441 645 3488 ltaqueqiianjo
663 3453 765 3478 actus
782 3445 937 3479 exterior
956 3444 1004 3480 est
1022 3446 1138 3482 bonus
1157 3450 1210 3484 vel
1237 3463 1309 3484 ma-

356 3493 412 3528 l'us
437 3490 551 3527 solum
585 3505 629 3528 ex
645 3494 770 3529 ordine
785 3494 826 3528 ad
846 3492 952 3530 finem
968 3522 979 3537 ,
995 3507 1081 3531 tunc
1096 3498 1143 3534 est
1162 3502 1310 3536 omnino

355 3543 478 3578 eadem
494 3545 637 3579 bonit-is
654 3545 708 3578 vel
725 3545 859 3579 malitia
873 3547 1175 3591 mriuique.Cum
1189 3562 1308 3586 autern

356 3604 459 3628 actus
472 3596 631 3632 exterior
645 3595 692 3630 cst
711 3596 828 3630 bonus
845 3620 856 3636 ,
882 3597 937 3631 vel
955 3599 1069 3633 malus
1083 3611 1126 3633 ex
1161 3604 1309 3637 materia

357 3645 414 3678 vel
429 3647 458 3678 ci
471 3645 720 3682 rcumstantiis.
738 3657 824 3681 txinc
848 3647 990 3683 bonitas
1003 3651 1190 3688 exterioris
1209 3664 1310 3692 actus

357 3693 405 3730 est
427 3707 519 3735 uti-1,
548 3699 578 3732 8<
599 3698 737 3734 bonitas
755 3699 950 3733 voluntatis
966 3726 974 3739 ‚
1002 3712 1081 3744 quae
1100 3701 1148 3736 est
1169 3715 1211 3738 cx
1226 3703 1310 3746 fine,

361 3744 410 3780 est
425 3747 518 3787 aiia3
551 3750 596 3783 its
611 3758 725 3784 :iii-„n
742 3748 839 3794 quoi
857 3750 998 3785 bonitas
1012 3750 1089 3789 iii-iis
1102 3765 1146 3789 ex
1184 3756 1309 3791 volun-

1030 80 1213 128 Summae
1239 76 1420 130 Ioannis
1458 80 1604 126 Duns‘
1620 78 1738 132 Scoti

1371 158 1445 183 tate
1465 148 1644 183 redundat
1659 150 1695 183 in
1715 148 1834 184 aetum
1855 151 2074 186 exteriorem
2093 176 2104 192 ‚
2137 151 2168 187 8(
2186 151 2327 187 bonitas

1375 199 1534 234 matetiae
1547 200 1578 234 8<
1595 199 1951 238 circumstantiarum
1967 200 2141 237 redundat
2155 203 2192 236 in
2205 211 2326 237 actum

1374 250 1575 285 voluntatis
1589 275 1600 285 .

1475 302 1556 338 Nos
1571 299 1785 337 inhaercntes
1798 302 1864 344 iis,
1884 315 1968 348 quae
1995 312 2069 338 art-
2080 316 2117 350 4.
2129 302 2248 350 quaest.
2270 313 2326 349 ¹7-

1373 349 1554 388 declarata
1569 349 1676 393 sunt,
1698 353 1851 390 dicimus
1868 380 1880 396 ‚
1911 366 1980 389 non
1996 367 2104 390 unam
2121 381 2130 396 ‚
2142 353 2202 388 sed
2219 354 2324 392 aliam

1374 412 1487 448 atque
1501 401 1604 437 aliam
1620 401 1689 437 effe
1705 405 1875 439 malitiam
1890 431 1901 447 ,
1928 407 1984 441 vel
2001 406 2200 441 bonitatem
2233 406 2326 443 inte-

1375 453 1478 488 rioris
1494 450 1599 489 achis
1615 452 1649 486 8(
1667 456 1855 490 exterioris
1869 479 1884 498 ,
1909 468 2016 503 prout
2029 458 2056 492 is
2086 458 2132 493 ab
2159 457 2327 494 interiori

1375 502 1574 550 imperatur
1587 529 1600 544 ,
1628 504 1662 537 8(
1679 501 1746 542 sub
1757 506 1932 553 potestate
1943 510 2150 556 imperantis
2162 509 2327 544 contine-

1374 562 1436 589 tur
1451 579 1459 587 .
1478 554 1619 594 Etenim
1637 556 1809 599 quoniam
1825 558 1993 593 voluntas
2018 559 2128 596 libere
2145 560 2327 607 praecipit,

1371 601 1553 654 jubetque
1569 601 1747 650 potentiis
1758 605 1944 643 inferiores
1957 611 1992 645 in
2005 609 2086 646 suos
2099 620 2201 646 actus
2215 611 2328 652 exire,

1377 654 1422 688 ad
1437 655 1506 690 hoc
1524 664 1562 688 ut
1575 656 1771 701 imperandi
1783 669 1886 693 actus
1898 658 1938 696 slt
1958 671 2079 698 rectus
2093 688 2105 704 ‚
2127 671 2273 708 oportet
2288 671 2329 695 ut

1379 705 1419 741 fit
1434 705 1631 741 conformis
1644 718 1748 742 rectae
1760 709 1891 744 rationi
1902 709 2052 748 dictanti
2067 739 2076 754 ‚
2100 711 2158 748 hic
2172 713 2206 747 8(
2232 721 2331 747 nunc

1378 757 1447 792 effe
1464 756 1703 793 mandandum
1719 761 1826 795 oculo
1842 758 1964 796 videre
1979 764 2048 798 tale
2058 762 2245 809 objectum
2262 787 2274 804 ‚
2293 762 2329 796 &

1381 819 1463 843 cum
1478 807 1726 847 determinatis
1737 809 2014 848 circumstantiis
2029 838 2038 847 .
2055 815 2164 851 Aliud
2177 813 2227 850 est
2239 825 2331 858 ergo

1379 870 1483 895 rectae
1495 860 1644 895 rationis
1657 861 1833 897 dictamen
1867 859 2033 907 judicans
2045 865 2087 900 de
2108 865 2332 900 convenien-

1382 911 1431 945 tia
1449 908 1584 956 oejeffi
1601 910 1701 948 aetus
1715 913 1848 948 interni
1866 940 1876 955 ,
1892 912 1927 953 8(
1943 914 2329 953 circumstantiarum-³

1380 959 1477 1007 ejus,
1506 962 1601 997 aliud
1626 963 1814 998 ostendens
1827 963 1932 1010 quid,
1956 978 2110 1012 quaeque
2121 968 2220 1005 actui
2242 977 2331 1002 con·

1383 1023 1517 1058 gruant
1534 1024 1681 1049 externo
1696 1041 1707 1055 ,
1723 1015 1828 1049 etiam
1846 1024 1884 1048 ut
1900 1016 1944 1050 ab
1960 1018 2103 1052 interno
2117 1018 2330 1064 imperatur.

1384 1066 1481 1101 Nam
1501 1075 1570 1097 non
1588 1063 1732 1113 semper
1748 1093 1759 1109 ,
1793 1066 1825 1100 8(
1846 1067 1980 1113 ubique
2006 1067 2185 1114 certisque
2215 1069 2332 1104 modis

1382 1113 1522 1161 judicat
1550 1118 1640 1150 ratio
1668 1115 1737 1151 effe
1770 1117 1978 1163 ponendum
1994 1128 2113 1154 actum
2129 1128 2173 1153 ex
2190 1132 2334 1166 eruum,

1382 1177 1492 1212 quem
1509 1175 1602 1208 recta
1619 1169 1708 1208 ratio
1719 1168 1826 1211 elegit
1843 1168 2036 1206 efficaciter
2051 1183 2062 1210 ;
2076 1182 2162 1216 ergo
2177 1182 2333 1217 u'erque

1383 1216 1570 1264 specialem
1600 1217 1727 1252 fundat
1758 1220 1996 1255 moralitatem
2032 1231 2145 1268 atque
2171 1222 2334 1258 ordinem

1384 1268 1429 1304 ad
1454 1269 1631 1303 rationem
1648 1268 1839 1305 dictantem
1867 1270 2028 1309 diversas
2042 1272 2334 1309 circumstantias

1384 1318 1531 1364 titrique
1546 1317 1752 1364 singillatim
1775 1322 1969 1357 convenire
1995 1324 2127 1359 debete
2146 1350 2155 1364 ,
2187 1334 2226 1359 nt
2245 1325 2335 1359 recti

1383 1371 1450 1406 sint
1467 1395 1480 1412 ,
1499 1369 1664 1416 adeoque
1678 1373 1922 1408 actusinterni
1940 1376 2079 1410 bonit-is
2095 1376 2163 1411 alia
2182 1375 2335 1409 omnino

1382 1423 1433 1458 est
1448 1434 1466 1456 a
1482 1421 1642 1457 bonitate
1658 1424 1784 1458 morali
1798 1434 1899 1458 actus
1914 1427 2075 1466 externi,
2090 1425 2124 1460 8(
2140 1437 2159 1460 e
2180 1436 2337 1467 conver-

1384 1472 1422 1508 so
1443 1486 1454 1512 ς
1481 1472 1778 1519 quandoquidem
1798 1485 1953 1521 utraque
1967 1475 2139 1510 coalescat
2159 1486 2202 1510 ex
2218 1476 2337 1511 diver-

1384 1523 1499 1558 sarum
1512 1524 1866 1558 circumstantiarum
1885 1526 2061 1563 concursu
2079 1550 2088 1559 .
2117 1526 2334 1571 lmpoffibile

1384 1573 1435 1610 est
1447 1573 1542 1607 enim
1554 1574 1813 1612 ‚actuiexterno
1825 1583 1883 1605 eas
1895 1584 2094 1619 congruer:
2106 1575 2333 1610 circumstan-

1384 1627 1454 1659 tias
1472 1647 1483 1663 ‚
1507 1632 1597 1667 quas
1613 1632 1716 1656 actus
1730 1622 1862 1659 interni
1878 1624 2019 1658 bonitas
2039 1626 2182 1659 moniis
2207 1639 2336 1673 praere·

1383 1673 1496 1723 quirit
1511 1697 1520 1706 .
1535 1671 1604 1708 Sed
1617 1672 1791 1708 videndus
1807 1683 1879 1707 art.
1891 1686 1927 1716 4.
1947 1677 2008 1708 cit.
2025 1674 2148 1720 quxft'.
2166 1688 2219 1721 ¹7·

1400 1727 1403 1730 ’
1480 1723 1540 1760 Ad
1567 1733 1780 1767 argumenta
1800 1747 1809 1755 .
1830 1723 1884 1755 Ad
1914 1725 2067 1769 primum
2092 1725 2332 1769 responsum..

1386 1774 1456 1815 fuit
1471 1781 1541 1805 art.
1566 1783 1604 1815 4.
1630 1774 1693 1806 cit.
1713 1771 1746 1811 ξ.
1775 1771 2085 1818 eAdsitcundum
2114 1805 2122 1812 .
2146 1780 2242 1813 Nam
2270 1779 2334 1815 ctfi

1386 1820 1489 1855 aetus
1503 1821 1661 1857 exrerior
1679 1821 1712 1861 8(
1731 1822 1882 1862 interior
1897 1824 1961 1859 fint
1979 1837 2088 1860 unum
2115 1827 2250 1864 unitate
2276 1840 2338 1864 or-

1385 1872 1502 1912 dinis,
1527 1882 1708 1917 quatenus
1730 1872 1830 1908 aelus
1859 1876 2020 1910 exterior
2049 1886 2131 1914 cum
2172 1878 2334 1914 inieriori

1386 1920 1626 1966 conjungitur
1652 1948 1664 1964 ‚
1695 1923 1727 1959 3<
1757 1935 1802 1964 ex
1828 1924 1888 1960 illo
1910 1923 2071 1968 procedit
2088 1952 2096 1965 ‚
2123 1926 2223 1963 sicuti
2247 1928 2333 1964 effe·

1385 1973 1466 2008 &us
1484 1975 1654 2008 remotior
1671 1975 1820 2020 ponitur
1837 1977 1870 2010 ln
1887 1975 1951 2024 effe
1967 1987 2028 2023 per
2053 1974 2218 2015 effectum
2250 1991 2338 2026 pro-

1387 2025 1612 2070 pinquiorem
1633 2047 1645 2065 ,
1677 2024 1903 2070 quieffeeius
1915 2028 2141 2075 pripinquior
2153 2028 2203 2064 est
2231 2030 2334 2066 aaut

1386 2076 1562 2116 interior:
1580 2074 1813 2113 nihilominus
1832 2090 2019 2124 propterea
2038 2078 2137 2121 quod
2156 2081 2249 2116 refta
2279 2093 2337 2115 ra-

1386 2126 1440 2169 tio
1456 2126 1565 2161 dictat
1580 2152 1590 2168 ‚
1618 2126 1702 2161 alias
1717 2138 1825 2174 atque
1837 2131 1923 2165 alias
1936 2129 2224 2167 circumstantias
2247 2143 2337 2166 con-

1387 2189 1516 2224 gruere
1531 2178 1679 2224 utrique
1696 2178 1790 2213 actui
1807 2205 1818 2220 ,
1836 2191 1899 2215 nec
1913 2192 1971 2216 eas
1989 2207 1998 2221 ,
2019 2192 2101 2227 qua:
2118 2179 2194 2217 sunt
2210 2183 2333 2223 unitis,

1387 2239 1588 2273 congruere
1620 2227 1715 2273 posse
1747 2230 1847 2265 alteri
1877 2259 1887 2273 ‚
1925 2230 2107 2269 distinet-is
2144 2233 2289 2269 necessa·
2303 2236 2337 2268 io

1384 2278 1536 2320 fundant
1557 2279 1776 2319 moralitates
1792 2294 1853 2326 per
1868 2282 2077 2319 distinEium
2092 2283 2124 2317 8(
2155 2283 2335 2321 diversum

1383 2329 1549 2366 ordinem
1563 2329 1605 2364 ad
1626 2333 1798 2367 rationem
1816 2334 1970 2369 :nedum
1985 2345 2071 2378 ergo
2095 2333 2129 2371 hi
2154 2334 2255 2370 aetas
2281 2334 2339 2368 di-

1383 2381 1473 2416 verfi
1496 2379 1624 2418 suntin
1640 2382 1706 2417 effe
1726 2382 1876 2431 physico
1893 2385 1921 2418 St
1938 2385 2146 2426 entitaiivO,
2160 2384 2214 2421 sed
2232 2387 2336 2421 eiiam

1383 2435 1421 2468 in
1435 2430 1499 2468 else
1527 2434 1652 2469 morali
1670 2461 1680 2475 ,
1709 2434 1770 2469 eis!
1802 2436 1996 2472 exterioris
2026 2434 2126 2470 eftiis
2151 2437 2338 2473 moralitas

1383 2484 1428 2519 ab
1442 2485 1602 2520 interiori
1621 2485 1775 2531 pendeat
1793 2513 1800 2525 ‚
1824 2485 2034 2534 qiiippequi
2058 2487 2285 2523 voluntarius
2303 2489 2337 2524 8(

1385 2537 1530 2572 moralis
1542 2535 1610 2571 esse
1626 2547 1696 2570 non
1711 2537 1810 2584 poffit
1828 2566 1836 2579 ‚
1866 2537 1927 2573 nisi
1945 2548 2099 2583 ponatur
2127 2540 2161 2573 in
2185 2538 2250 2586 (βξ
2276 2553 2337 2586 per

1384 2587 1503 2623 aetum
1520 2588 1727 2623 interiorem
1748 2601 1757 2623 t
1776 2593 1839 2634 qtii
1861 2590 1946 2624 sicin
1966 2599 2110 2623 tenetur
2138 2589 2270 2625 habere
2300 2591 2337 2626 in

1385 2638 1418 2675 se
1430 2639 1612 2684 propriam
1628 2640 1660 2672 8<
1675 2638 1864 2675 formalem
1888 2636 2140 2675 refflitudinem
2159 2653 2201 2674 et
2226 2653 2339 2677 mate-

1382 2690 1481 2733 ria&
1497 2689 1801 2729 circumstantiis:
1831 2692 1882 2727 ita
1909 2699 2054 2724 tenetur
2077 2688 2161 2726 dare
2186 2692 2337 2727 rectitu-

2170 2741 2291 2780 dinem

1421 2844 1467 2874 (a)
1509 2841 1664 2875 Caietanut
1677 2844 1704 2873 in
1717 2845 1780 2872 Com
1787 2847 1872 2870 ment.
1887 2839 2044 2870 dicittCum
2057 2840 2214 2869 manifestiis
2227 2840 2256 2869 fii
2269 2842 2341 2870 ordo

1384 2879 1526 2911 interioris
1538 2881 1565 2907 Sc
1577 2883 1727 2911 exterior-it
1740 2882 1827 2914 aetus,
1840 2889 1892 2908 nec
1906 2878 1956 2908 lint
1971 2879 2123 2916 multiplic:
2133 2879 2185 2906 nda
2200 2881 2273 2908 enti-1
2288 2881 2342 2909 line

1383 2918 1545 2948 neceffiiate
1560 2937 1569 2951 ‚
1593 2928 1625 2947 ac
1638 2919 1756 2951 sufficiat
1767 2919 1919 2948 attributio
1934 2917 1967 2946 ad
1977 2916 2119 2945 salvendas
2132 2918 2274 2956 utriusque
2289 2919 2344 2946 bo-

1384 2959 1486 2987 nitates
1499 2957 1524 2986 su
1531 2957 1666 2993 perfluum
1679 2961 1715 2989 est
1727 2967 1831 2997 ponere
1843 2957 1923 2994 quod
1935 2956 2020 2984 etiam
2034 2955 2064 2983 fit
2076 2956 2214 2985 derivatio
2230 2957 2342 2990 forma-

1385 2996 1438 3030 l¹⁵;
1463 3007 1493 3025 ut
1509 2996 1609 3024 calori}
1623 3006 1637 3024 a
1649 2999 1746 3028 colore
1760 3017 1768 3026 .
1790 2996 1925 3033 Alioquin
1937 3004 2002 3025 cuin
2022 2994 2099 3025 aeus
2121 2996 2202 3025 uniut
2228 2997 2343 3026 virtutis

1383 3037 1536 3073 imperetur
1551 3035 1584 3063 ab
1595 3035 1650 3065 alia
1662 3057 1672 3071 ‚
1700 3046 1729 3066 ut
1745 3035 1917 3066 fortitudinia
1929 3043 1945 3062 a
1959 3033 2095 3063 charitate
2107 3052 2118 3067 ,
2145 3043 2174 3062 ut
2192 3045 2217 3063 in
2232 3044 2342 3073 marty-

1383 3075 1460 3103 ribus
1472 3093 1481 3107 ,
1510 3083 1657 3111 oporteret
1671 3077 1761 3106 dicere
1777 3093 1787 3108 ‚
1809 3073 1886 3111 quod
1902 3072 2061 3102 acharitate
2078 3074 2105 3099 in
2121 3073 2265 3101 voluntate
2291 3076 2342 3102 de-

1384 3114 1491 3141 rivetur
1502 3112 1620 3143 charitas
1634 3114 1686 3143 :ilia
1703 3117 1729 3142 in
1745 3114 1835 3142 aetum
1849 3113 2016 3141 exteriorem
2040 3112 2117 3148 quod
2131 3112 2167 3140 est
2183 3111 2342 3140 absurdum.

1385 3153 1571 3189 Quapropter
1584 3163 1635 3190 pro
1650 3153 1839 3183 fundamento
1853 3150 1955 3184 accipit
1965 3166 1977 3183 0
2001 3147 2079 3181 quod
2091 3149 2231 3178 derivatio
2258 3153 2343 3180 boui-

1385 3191 1449 3218 tatis
1465 3211 1472 3221 ,
1487 3193 1513 3218 3<
1528 3192 1641 3224 malitiae
1657 3194 1683 3220 in
1697 3192 1757 3220 acin
1771 3191 1805 3218 ab
1819 3189 1880 3218 astu
1894 3197 1950 3217 non
1961 3187 1997 3216 est
2009 3187 2158 3221 formalis,
2180 3187 2223 3218 scd
2249 3190 2342 3219 deno·

1387 3229 1524 3258 minam-a
1538 3248 1549 3263 ‚
1574 3230 1617 3258 seu
1630 3240 1687 3259 non
1703 3240 1749 3269 per
1764 3227 1881 3256 modum
1901 3227 2111 3255 univocationis
2125 3245 2135 3260 ‚
2159 3227 2201 3256 scd
2227 3230 2344 3258 aritinu-

1385 3268 1469 3296 tionis·
1484 3278 1491 3294 ε
1507 3276 1590 3305 atquc
1605 3279 1637 3296 ex
1654 3279 1691 3299 eo
1705 3287 1715 3302 ‚
1745 3267 1832 3305 inquit
1847 3284 1859 3300 ‚
1871 3264 2029 3295 elucescunt
2042 3264 2130 3293 multa
2145 3266 2263 3301 moralia
2275 3287 2286 3302 ‚
2298 3268 2343 3298 id·

1384 3315 1440 3343 que
1453 3315 1551 3334 monet
1562 3307 1616 3335 ell‘e
1629 3306 1790 3336 notandum
1801 3323 1809 3333 .

1463 3345 1525 3372 Nos
1541 3345 1658 3375 dii-imus
1673 3364 1683 3380 ‚
1697 3355 1731 3374 ex
1743 3354 1801 3382 quo
1814 3343 1889 3375 aetus
1905 3342 2023 3373 interior
2038 3351 2122 3380 :itque
2137 3346 2261 3374 exterior
2277 3345 2340 3374 fun-

1384 3382 1455 3410 dant
1470 3382 1589 3411 dixersnt
1601 3384 1807 3413 convenientias
1823 3383 1856 3410 :id
1872 3381 2010 3410 diua-nen
2024 3382 2103 3411 rest-r
2116 3384 2232 3412 rationis
2249 3404 2258 3416 ,
2283 3395 2341 3414 non

1389 3420 1513 3449 sufficere
1527 3422 1703 3450 derivatione
1718 3419 1928 3454 denominativi
1941 3429 2088 3458 acceptam
2103 3432 2136 3451 ex
2152 3423 2211 3450 :iustu
2228 3424 2342 3451 interio-

1387 3461 1409 3487 ri
1423 3459 1455 3486 ad
1473 3459 1526 3487 hoc
1539 3470 1569 3488 ut
1581 3470 1707 3490 exterior
1718 3459 1749 3493 Iit
1763 3459 1851 3493 rectus
1864 3468 1945 3493 prout
1959 3459 1985 3486 in
1997 3457 2045 3496 ‘ffi'
2057 3461 2124 3489 reali
2139 3461 2239 3498 politus
2255 3480 2264 3494 ,
2276 3472 2341 3491 cuin

1385 3498 1511 3526 formalis
1524 3498 1656 3527 bonitarie
1668 3500 1792 3535 fircapax
1806 3507 1852 3530 per
1864 3496 2022 3526 libertatem
2037 3501 2229 3537 participatam
2244 3510 2293 3528 ner:
2307 3513 2340 3530 u-

1388 3545 1422 3564 na
1435 3538 1631 3565 convenientia
1646 3537 1682 3565 est
1695 3536 1816 3571 ciuldem
1828 3536 1945 3566 tationis
1967 3545 2030 3564 cum
2055 3538 2109 3567 :ilia
2125 3557 2135 3572 ‚
2160 3539 2202 3567 vcl
2218 3538 2342 3571 saltem...

1388 3574 1448 3603 sunt
1462 3585 1581 3603 numero
1595 3575 1707 3610 diversae
1722 3595 1729 3602 .
1752 3576 1811 3607 Nec
1832 3573 1952 3605 dicimus
1968 3595 1976 3608 ‚
1998 3576 2163 3613 charitatem
2189 3578 2343 3609 voluntatis

1387 3613 1510 3641 derivari
1524 3615 1550 3642 in
1563 3613 1654 3642 :flunt
1670 3615 1840 3642 exteriorem
1865 3615 2004 3648 martirii,
2030 3614 2073 3643 sed
2091 3619 2182 3644 :timus
2196 3634 2205 3648 ‚
2225 3618 2344 3648 atium..

1387 3651 1474 3680 talem
1488 3653 1549 3681 elici
1565 3652 1607 3687 vel
1622 3654 1680 3690 pari
1692 3656 1766 3686 iuxta
1779 3652 1992 3681 inclinationem
2004 3654 2146 3684 (inritatis
2157 3674 2167 3687 ,
2196 3666 2279 3693 atque
2293 3657 2342 3684 lia-

1389 3690 1454 3718 bere
1465 3690 1610 3728 specialem
1623 3694 1852 3720 convenientiam
1866 3693 1899 3720 ad
1913 3693 2055 3721 dictamen
2067 3696 2183 3723 rationis
2196 3696 2274 3723 rcciae
2297 3695 2343 3723 di·

1388 3729 1487 3758 Hantit
1498 3730 1550 3759 ess'e
1563 3730 1734 3760 subeundum
1751 3732 1919 3768 martyrium
1934 3733 1969 3759 ob
1987 3734 2193 3768 Dciamorem,
2207 3735 2233 3762 ὅ(
2248 3734 2340 3763 zela-n

1388 3767 1506 3798 sateiidae
1521 3770 1670 3805 veritatis,
1690 3779 1754 3798 cum
1766 3769 1848 3798 fuerit
1859 3780 2052 3809 opportunum
2065 3791 2074 3802 .

2411 337 2473 384 (0)
