2618 4027
21 846 87 876 ,atio
96 844 198 888 volun-

17 886 63 913 trii
85 891 197 928 proprie

20 931 106 962 CCCPU
118 941 129 952 ο

18 1281 35 1291 ,.
44 1263 75 1292 d.
88 1272 114 1293 r.
123 1273 154 1301 q.
164 1274 196 1300 4.

17 1301 114 1338 -.d.49.
125 1315 154 1344 q·
166 1308 197 1333 6.

16 1341 109 1379 Qiodl.
117 1347 196 1382 quc.

16 1387 32 1408 ³.
42 1379 70 1408 d.
79 1391 125 1418 43.
136 1391 199 1419 q.4.

16 1426 26 1455 5.
37 1420 197 1463 Intelligen-

17 1468 67 1506 ¹um
77 1476 89 1490 ο

18 2624 19 2638 l

18 2647 20 2660 '
51 2655 212 2692 4.d.6.q.5.

18 2691 44 2728 b·
69 2695 110 2721 Ad
135 2693 214 2732 issam

18 2732 192 2771 ffluaeffi'onem
207 2751 217 2761 .

18 2863 48 2940 ξ.
58 2871 88 2901 d.
114 2879 162 2908 ις,
180 2880 212 2911 q·

37 2919 54 2937 n

2 3107 6 3110 ·
26 3097 213 3137 Qiodl.q.i6.

1 3154 10 3165 i
28 3143 55 3164 n·
70 3145 114 3174 ¹4·
126 3139 153 3166 ὃ(
166 3147 214 3175 ις.

20 3256 23 3325 !

675 192 836 242 Tomus
871 189 955 239 III.
986 194 1117 240 Part.
1153 192 1192 240 Ῑ.
1220 189 1414 260 Qaestio
1447 189 1525 238 VJ.
1555 188 1661 238 Art.
1690 191 1753 237 II.

233 266 283 302 ita
296 264 330 301 8(
347 263 594 301 voluntarium
611 260 708 298 est‘ei
737 263 769 296 id
786 288 796 303 ‚
816 273 940 297 contra
973 262 1074 308 Quod
1108 261 1182 310 ipsa

233 328 303 352 non
318 320 555 350 remurmurat
570 339 580 353 ‚
604 313 662 348 sed
679 312 738 348 sua
754 310 877 359 sponte
901 311 1046 347 sustinet
1076 338 1086 349 .
1113 313 1184 348 lta-

233 378 306 414 que
329 363 574 399 voluntarium
600 376 674 398 uno
699 363 809 398 modo
834 363 1050 406 intelligitur
1078 364 1182 405 illud,

232 414 334 463 quod
348 413 396 448 est
409 410 659 457 subjestivein
688 414 876 449 voluntate
903 439 911 449 .
937 412 1007 449 Sed
1033 415 1117 459 quia
1145 416 1181 449 in

234 466 420 501 voluntate
433 462 551 510 potest
563 465 710 513 reperiri
725 464 861 510 aliquid
878 491 889 506 ,
915 464 1015 511 quod
1040 466 1084 499 ab
1106 463 1179 510 ipsa

234 526 305 552 non
317 524 558 560 acceptatur,
582 516 662 551 ideo
674 515 720 550 sic
745 514 813 549 effe
834 517 869 550 in
896 516 1083 550 voluntate
1107 526 1180 550 non

233 563 418 601 constituit
443 566 623 611 complete
650 566 824 600 rationem
851 565 1046 601 voluntarii
1073 591 1081 598 .
1118 566 1181 601 Se-

233 613 355 651 cundo
368 613 612 652 voluntarium
624 614 674 651 est
688 643 699 657 ‚
725 615 827 663 quod
840 615 889 652 est
908 617 1060 651 volitum
1074 627 1092 648 a
1115 626 1163 649 vo
1177 633 1182 641 ·

234 666 372 701 luntate
385 677 396 698 ι
410 664 481 701 hoc
494 677 614 702 tamen
625 667 759 701 dicitur
772 667 1014 703 voluntarium
1029 678 1090 714 per
1101 677 1182 713 par·

233 716 484 762 ticipationem
504 743 516 758 ,
550 728 729 762 quatenus
753 719 955 765 acceptatio
977 715 1057 762 ejus
1087 742 1098 757 ,
1141 726 1183 751 ut

234 764 376 813 obje&i
400 768 603 803 voluntaria
625 766 675 804 est
703 794 715 809 ,
737 779 905 804 caeterum
929 766 1044 814 ipsum
1067 768 1182 811 magis

236 816 306 853 dici
324 818 430 854 debet
446 819 597 854 volitum
612 845 621 860 ‚
651 830 760 864 quam
789 818 1035 854 voluntarium
1058 843 1068 853 .
1096 819 1185 854 Pro-

235 869 313 917 prie
327 868 475 916 proinde
488 870 734 905 voluntarium
752 867 840 903 illud
853 867 902 904 est
917 896 928 911 ,
958 868 1100 915 quadiu
1126 877 1186 916 po-

236 919 372 956 teffate
385 918 580 956 voluntatis
591 922 793 955 continetur
805 945 816 961 ,
836 928 878 955 ut
893 918 941 966 est
965 925 1020 954 vis
1042 919 1111 954 afli
1119 931 1161 954 va
1173 945 1183 955 .

236 973 365 1020 Qare
380 982 451 1005 non
466 968 578 1006 solum
593 968 695 1006 aetus
719 969 928 1006 immediate
948 982 967 1004 a
992 972 1183 1006 voluntate

238 1022 406 1063 elicitus,
433 1020 482 1057 est
497 1022 634 1068 prime,
659 1021 693 1057 8(
708 1031 769 1067 per
784 1019 816 1055 se
840 1019 1095 1063 voluntarius,
1121 1018 1183 1055 sed

235 1074 344 1108 etiam
358 1072 456 1108 aetus
468 1072 633 1108 exterior
651 1073 696 1107 ab
708 1071 767 1106 illa
783 1071 980 1118 imperatus
996 1097 1008 1113 ,
1025 1083 1064 1107 ac
1076 1080 1185 1119 prout

234 1123 402 1159 inte-riori
425 1121 663 1169 conjungitur
681 1149 691 1164 ‚
713 1120 762 1156 est
783 1123 917 1167 pariter
939 1122 1184 1163 voluntarius,

235 1175 273 1211 8(
287 1174 436 1210 subinde
448 1173 568 1220 agenti
580 1171 802 1220 imputabilis
815 1198 823 1206 .
840 1172 983 1208 Rursus
996 1199 1008 1215 ,
1031 1173 1091 1209 etii
1109 1184 1186 1208 om·

234 1239 281 1262 rie
301 1226 454 1261 liberum
472 1225 513 1261 fit
541 1223 812 1263 voluntat-iiim,
837 1235 909 1259 non
932 1235 1051 1259 tamen
1081 1234 1189 1259 omne

235 1276 484 1312 voluntarium
510 1275 648 1323 paritet
672 1274 825 1309 liberum
856 1273 906 1310 est
930 1300 940 1310 .
967 1274 1189 1321 Siquidem..

235 1327 332 1364 beati
348 1326 555 1362 voluntarie
570 1351 582 1367 ,
608 1324 644 1360 &
666 1324 871 1370 eligibiliter
893 1324 1064 1362 fruuntur
1087 1323 1192 1371 obje-

235 1379 296 1416 610
312 1376 482 1415 beatifico
496 1402 510 1420 ,
530 1388 604 1412 non
620 1386 739 1411 tamen
756 1376 865 1411 libere
888 1376 934 1412 fic
951 1403 963 1418 ,
988 1387 1028 1412 ut
1053 1385 1189 1425 queant

236 1428 448 1477 suspendere
462 1428 716 1476 operationem
733 1424 925 1462 inhaerendi
939 1426 1077 1462 summo
1096 1430 1192 1463 bono

236 1491 384 1530 propter
401 1477 434 1515 se
449 1505 460 1521 ,
488 1489 550 1514 aut
567 1488 715 1526 peccare
732 1503 745 1519 ,
768 1478 848 1513 Deo
879 1477 1094 1514 concursum
1119 1488 1191 1513 non

235 1532 416 1580 praebente
427 1529 472 1565 ad
484 1541 627 1566 omnem
644 1527 764 1564 afflum
782 1554 792 1570 ,
818 1530 853 1563 in
872 1540 979 1577 quem
996 1538 1115 1564 creata
1127 1540 1195 1563 vo-

239 1583 362 1616 luntas
377 1592 423 1614 ex
444 1579 479 1613 fe
512 1579 625 1624 pofl‘et
648 1602 658 1610 .
701 1578 945 1615 Consimiliter
981 1579 1085 1615 Deus
1127 1590 1192 1613 vo-

239 1629 400 1666 luntarie
411 1626 530 1671 diligit
546 1625 743 1660 bonitatem
755 1625 853 1660 suam
871 1652 881 1667 ,
906 1640 978 1663 non
1007 1639 1126 1664 tamen
1149 1629 1193 1663 li-

241 1680 350 1719 bere,
380 1686 563 1723 quatenus
580 1675 724 1709 nomine
739 1677 909 1721 potentiae
925 1677 1046 1713 liberae
1059 1678 1194 1723 fignifi-

243 1738 348 1765 catur
366 1723 521 1774 potestas
534 1722 664 1769 agendi
680 1748 691 1762 ‚
715 1723 749 1756 8(
768 1735 839 1758 non
860 1727 989 1769 agendi
1006 1755 1016 1770 ‚
1039 1740 1193 1775 eamque

244 1776 510 1818 concomitatur
538 1773 787 1816 contingentia
813 1775 974 1820 opposita
1000 1778 1196 1811 neceffitati

242 1825 438 1877 operandi.
454 1825 556 1860 Deus
568 1822 777 1868 ergolibere
791 1848 802 1864 ,
825 1823 860 1859 8(
878 1823 1071 1860 necessario
1097 1833 1194 1859 amat

242 1878 303 1921 fe,
332 1875 552 1924 &producit
569 1873 742 1921 Spiritum
771 1873 944 1910 sanetum
965 1902 975 1917 ‚
1002 1875 1088 1922 quia
1118 1885 1192 1909 non

241 1941 308 1978 per
323 1927 468 1964 modum
485 1936 620 1962 naturae
637 1947 649 1967 ‚
676 1921 733 1960 sed
751 1936 812 1971 per
835 1925 987 1963 modum
1013 1925 1200 1961 voluntati

243 1978 432 2029 proprium
445 1991 456 2013 τ
471 1985 696 2024 quapropter
714 1974 762 2011 Tc)
778 1977 946 2014 naturale
958 2005 971 2021 ,
996 1989 1067 2013 non
1081 1976 1198 2012 ibium

243 2028 444 2079 opponitur
460 2025 723 2074 supernaturali
739 2052 751 2068 ,
779 2025 835 2062 sed
853 2028 960 2064 etiam
978 2027 1196 2064 voluntario.

242 2082 301 2119 Ac
313 2078 461 2129 proinde
478 2077 580 2114 sicuti
593 2076 755 2112 naturale
767 2075 817 2112 est
843 2089 886 2113 eit
915 2078 948 2115 se
978 2078 1199 2114 determina-

243 2143 321 2168 tum
341 2131 384 2165 ad
412 2128 620 2178 agendum,
650 2137 689 2162 ut
710 2138 823 2174 grave
839 2127 883 2163 ad
906 2130 969 2166 ubi
1011 2129 1206 2172 deorsum,

241 2182 334 2228 ignis
350 2181 391 2216 ad
411 2176 698 2217 comburendum
714 2203 723 2213 .
751 2178 822 2215 Sed
849 2181 1094 2217 voluntarium
1125 2191 1200 2215 nort

243 2232 294 2270 est
310 2231 453 2268 aliunde
467 2230 743 2268 determinatum
757 2229 802 2265 ad
814 2231 993 2275 agendum
1013 2259 1022 2273 ‚
1047 2231 1121 2266 imi)
1135 2229 1201 2265 ha-

242 2286 304 2321 bet
321 2283 538 2331 principium
550 2281 869 2316 determinativum
900 2281 955 2318 sui
977 2282 1021 2317 ad
1047 2293 1206 2329 operan-.

245 2335 334 2371 dum
350 2360 360 2376 ,
386 2332 625 2382 quantumvis
648 2329 843 2367 necessario
866 2343 1041 2378 operetur
1063 2359 1074 2369 .
1119 2335 1200 2368 Nec

243 2385 324 2434 ejus
340 2387 391 2421 rei
408 2384 457 2421 est
473 2384 539 2420 alia
554 2384 645 2418 ratio
661 2409 672 2425 ‚
687 2382 749 2419 nisi
762 2383 848 2429 quia
864 2382 916 2419 est
929 2385 1207 2429 voluntas‚quae-

243 2436 370 2486 suapte
382 2446 509 2472 natura
523 2433 631 2470 semet
646 2433 859 2469 determinat
891 2433 934 2469 ad
958 2433 1198 2482 operandum.

243 2490 332 2538 Qa
357 2497 505 2535 propter
525 2496 608 2520 cum
641 2484 742 2520 aetus
766 2484 948 2520 humanus
971 2485 999 2520 is
1027 2485 1067 2521 {it
1096 2512 1107 2526 ,
1137 2485 1201 2532 qui

245 2537 414 2576 causatur
430 2549 491 2587 per
519 2536 741 2572 intelleetum
773 2536 803 2571 8(
827 2536 1051 2572 voluntatem
1075 2537 1111 2573 in
1136 2536 1209 2570 ho-.

243 2591 339 2626 mine
367 2588 574 2625 intendente
598 2586 704 2623 finem
732 2585 813 2633 ejus
836 2585 936 2623 aetus
957 2614 970 2630 ‚
995 2598 1035 2623 ut
1063 2587 1210 2623 dietum<

247 2639 298 2675 est
322 2652 356 2687 q.
378 2651 412 2675 i.
426 2647 498 2675 art.
518 2649 547 2674 1.
563 2650 604 2675 ea
618 2638 820 2674 necessitate
832 2639 866 2674 in
883 2642 933 2673 eis
948 2639 1126 2684 reperitur
1140 2650 1201 2673 vo-

249 2689 448 2726 luntarium
464 2715 474 2730 ,
497 2699 634 2735 quanta
649 2688 692 2722 ad
707 2688 801 2736 ipsos
815 2689 931 2723 influit
947 2690 1126 2725 voluntas:
1141 2689 1203 2725 Sic

250 2751 368 2777 autem
386 2740 570 2774 concurrit
589 2766 598 2779 ‚
626 2748 665 2773 ut
689 2738 770 2784 ejus
797 2738 937 2775 afflone
965 2751 1035 2774 non
1062 2740 1199 2775 intelle-

249 2792 305 2829 ξὶε
320 2791 439 2828 nullus
453 2787 599 2836 supersit
628 2788 728 2825 aetus
741 2789 922 2827 humanus
938 2819 946 2826 .

350 2840 408 2880 Ad
426 2850 637 2886 argumenta
651 2866 661 2877 .
679 2840 737 2875 Ad
755 2842 907 2888 primum
924 2840 1206 2890 respondemapa

249 2893 399 2942 petibile
415 2902 518 2927 extra
531 2902 748 2928 concurrere
764 2891 1012 2939 metaphorice
1034 2893 1077 2928 ad
1106 2895 1200 2929 voli·

248 2947 384 2981 tionem
402 2942 521 2979 :unde
534 2942 760 2989 adaequatum
786 2943 1002 2991 principium
1025 2943 1105 2991 ejus
1131 2942 1201 2979 esse

248 2997 283 3032 in
296 2995 440 3030 homine
458 3021 468 3036 ‚
493 2992 594 3041 quod
609 2994 823 3040 principium
837 3019 847 3035 ,
870 2995 958 3040 quia
973 2992 1124 3042 seipsum
1137 2994 1199 3030 de-

248 3046 417 3082 terminat
434 3044 476 3079 ad
493 3043 670 3091 agendum
684 3069 694 3082 ‚
719 3044 800 3080 ideo
828 3045 938 3080 libere
953 3072 964 3087 ,
989 3045 1198 3094 spontanee,

249 3108 291 3132 ac
303 3095 507 3131 voluntarie
533 3096 605 3142 agit
637 3119 646 3128 .
674 3093 772 3132 Dato
797 3095 904 3131 etiam
930 3096 1028 3143 quod
1052 3094 1220 3143 aliquod!

250 3146 468 3198 principium
481 3156 696 3182 concurrere
710 3143 822 3192 posset
853 3144 897 3180 ad
922 3147 1100 3191 agendum
1129 3157 1200 3181 una

251 3211 335 3236 cum
352 3197 540 3232 voluntate
555 3223 566 3239 ,
577 3207 616 3232 ut
630 3195 815 3242 objeetum
831 3195 1027 3233 secundum
1041 3197 1200 3244 aliquos,

250 3251 309 3286 vel
325 3246 527 3284 intellefhis
544 3271 556 3289 ‚
585 3246 692 3293 juxta
719 3246 926 3283 sententiam
949 3249 1123 3290 aliorum,
1148 3257 1204 3283 at-

253 3313 326 3349 que
351 3298 527 3336 concausa
543 3299 600 3333 illa
624 3298 665 3334 sit
696 3299 905 3335 naturaliter
929 3298 1045 3334 :xC-*tiva
1065 3312 1075 3338 3
1108 3308 1201 3333 atta-

251 3364 334 3389 men
349 3350 518 3386 voluntas
534 3361 719 3397 nunquam
733 3348 782 3385 est
802 3350 1018 3397 principium
1040 3349 1203 3385 aftivum

254 3402 446 3441 naturale;
472 3403 569 3438 Nam
592 3401 804 3436 naturaliter
827 3411 931 3445 agere
961 3427 971 3442 ‚
994 3401 1027 3435 8(
1062 3401 1202 3435 libere-1

254 3453 419 3501 operari,
447 3450 527 3488 sunt
540 3452 660 3498 primae
674 3450 884 3486 differentia:
899 3451 1062 3497 principii
1076 3450 1199 3486 aciivi.

256 3505 461 3541 Voluntate
476 3501 586 3548 igitur
604 3502 713 3538 libere
734 3511 904 3548 operante
920 3527 931 3543 ,
953 3512 994 3536 ac
1016 3500 1204 3537 intellefhi

258 3554 469 3590 naturaliter
480 3562 606 3599 agente
621 3563 739 3588 totum
754 3551 887 3587 dicitur
915 3551 1067 3599 produci
1095 3553 1204 3587 libere

263 3603 298 3639 &
317 3616 335 3638 a
353 3604 535 3653 propofito
553 3629 562 3644 ,
587 3605 673 3649 quia
688 3602 908 3650 propositum
937 3601 986 3638 est
1011 3602 1205 3650 principale

264 3664 306 3688 ac
328 3654 569 3690 immediatum
599 3655 814 3702 principium
837 3650 916 3697 ejus
946 3652 1208 3700 productionis.

265 3703 506 3741 Consimiliter
520 3705 552 3738 in
566 3703 706 3739 alitibus
723 3716 786 3751 per
802 3704 1028 3738 voluntatem
1055 3704 1209 3749 impera-

266 3753 311 3789 tis
325 3777 334 3786 .
350 3755 443 3789 Nam
458 3754 725 3801 licetpotentiae
738 3753 926 3790 inferiores
939 3754 1002 3789 sint
1018 3754 1131 3789 causae
1146 3765 1209 3788 na·

266 3803 401 3839 turale's
413 3814 535 3840 eorum
553 3802 699 3842 afiluum
715 3831 726 3845 ‚
749 3804 833 3851 quia
858 3813 977 3840 tamen
1001 3814 1101 3840 totus
1129 3814 1212 3851 pro-

268 3853 380 3891 cessus
395 3851 555 3897 subjacet
568 3855 772 3898 voluntati,
799 3852 894 3891 reae
920 3854 1078 3892 dicimur
1102 3856 1212 3891 libere

373 3902 468 3940 Tom.
484 3901 556 3941 ΙΙΙ,

2079 208 2100 252 5
2116 204 2143 243 1*

1256 262 1310 296 uti
1325 262 1377 297 eis
1389 286 1403 301 ,
1431 260 1465 294 St
1481 260 1589 294 libere
1600 270 1708 303 agere
1725 271 1742 292 a
1759 260 1951 309 principali
1965 271 2094 306 agente
2111 288 2123 298 .

1354 310 1414 347 Ad
1438 308 1753 345 confirmationem
1779 310 1859 345 dico
1882 312 1927 347 fic

2255 295 2283 314 2.
2294 291 2321 319 d,
2338 297 2386 319 ze.
2410 290 2454 317 Δΐ

1955 339 1964 348 .
1993 311 2129 357 Aiiqua
2159 311 2207 346 est
2248 327 2458 366 uleimscmprin.

1256 359 1371 396 forma
1389 361 1425 393 in
1443 359 1603 407 potentia
1620 359 1916 397 contradiftionis
1934 374 2004 397 non
2022 365 2144 396 valens
2176 361 2208 397 se
2249 365 2362 402 cipale.

1253 409 1548 445 determinaread
1561 421 1674 444 unum
1698 410 1843 445 illorum
1862 437 1873 452 ‚
1906 424 1950 446 eo
1974 413 2074 458 quod
2102 412 2210 447 dimi-

1256 471 1343 497 nuta
1358 459 1424 500 sit,
1450 470 1559 507 atque
1576 459 1810 505 imperfeeta,
1838 472 1878 496 ut
1909 461 2054 497 scientia
2084 488 2093 496 .
2123 462 2210 496 Alia

1254 521 1342 545 vero
1355 510 1404 544 est
1421 512 1582 557 potentia
1598 510 1870 547 indeterminata
1888 509 1943 546 sed
1955 512 2209 558 perfec-*tamm-

1253 561 1328 596 lens
1345 561 1479 596 virtute
1495 560 1528 595 se
1544 561 1805 596 determinandi
1821 561 1968 608 objeeto
1983 560 2047 596 sibi
2059 564 2210 607 pr-esen·

1254 620 1355 651 tato,
1379 609 1585 657 cujusmodi
1607 610 1656 645 est
1686 611 1877 654 voluntas,
1909 621 2038 659 potens
2063 610 2209 659 seipsam

1256 661 1293 696 8(
1308 662 1393 696 alias
1405 662 1586 708 potentias
1599 661 1839 698 determinare
1857 663 1898 698 ad
1927 662 2108 706 agendum
2137 664 2212 698 alio

1255 723 1301 747 ex
1316 712 1532 759 praeostensls
1544 712 1757 759 praeelefw,
1779 714 1851 747 alio
1867 712 1994 749 omiffo
2020 739 2029 747 .
2062 715 2115 748 De
2137 725 2212 760 qua.

1256 764 1377 799 relate
1391 763 1510 798 ac‘ium
1520 771 1598 812 μβ.
1611 775 1646 811 q.
1661 763 1721 810 83.
1734 775 1814 810 quae
1829 763 1879 800 est
1907 764 1952 802 de
1966 762 2090 811 *libero
2113 766 2212 801 arbi-

1257 817 1328 850 trio
1346 841 1354 850 .

1358 862 1419 900 Ad
1433 862 1628 900 secundum
1641 864 1896 909 concedimus,
1923 869 2041 903 Deum
2075 878 2213 913 praeve-

1257 914 1334 950 nire
1361 916 1586 950 voluntatem
1620 914 1802 957 nostram,
1833 929 1872 952 ut
1909 918 2063 953 velimus
2104 928 2213 965 prout

1257 976 1401 1012 oportet
1417 990 1429 1006 ,
1454 965 1488 1000 8(
1501 965 1673 1000 adiuvare
1685 977 1746 1013 per
1761 969 1911 1011 gratiam
1928 994 1940 1010 ,
1968 977 2007 1002 ut
2021 978 2213 1015 operemur

1262 1016 1352 1051 bona
1366 1042 1375 1050 .
1391 1016 1637 1051 Veruntamen
1652 1027 1697 1052 ex
1711 1027 1754 1050 eo
1767 1029 1836 1053 non
1854 1018 1930 1053 laedi
1945 1018 2100 1054 liberum
2114 1022 2214 1055 arbi-

1258 1068 1370 1101 trium
1387 1065 1583 1102 humanum
1598 1092 1609 1107 ,
1632 1077 1700 1101 nec
1716 1066 1852 1104 efficere
1867 1095 1878 1110 ,
1905 1070 1992 1115 quin
2008 1072 2211 1106 voluntarie

1258 1128 1450 1164 operemur
1468 1144 1476 1152 .
1495 1120 1591 1154 Nam
1605 1117 1776 1152 voluntas
1789 1118 1836 1154 est
1850 1120 1949 1166 quasi
1966 1132 2082 1166 equus
2108 1122 2211 1166 liber,

1259 1168 1295 1204 8<
1313 1167 1425 1212 gratia
1442 1167 1546 1214 quast
1560 1166 1663 1202 seffor
1685 1165 1790 1213 juxta
1816 1169 2017 1215 Augustini
2044 1171 2212 1218 phrasim,

1260 1216 1374 1267 potest
1399 1218 1550 1266 proinde
1582 1218 1751 1255 voluntas
1791 1222 1911 1266 gratiae
1945 1225 2128 1268 cooperari
2142 1250 2153 1266 ,
2176 1225 2210 1260 &

1262 1271 1369 1306 etiam
1382 1268 1494 1318 ipsam
1507 1278 1676 1305 excutere
1706 1298 1713 1305 .
1741 1267 1837 1306 Nam
1869 1269 1941 1319 ipsa
1973 1273 2137 1309 voluntas
2163 1274 2214 1311 est

1261 1321 1377 1370 prima
1393 1318 1525 1363 causa,
1548 1329 1652 1355 utens
1679 1321 1794 1366 gratia
1822 1334 1888 1370 pro
1912 1323 2121 1360 conditione
2148 1324 2217 1361 suae

1263 1369 1473 1420 potestatis:
1490 1371 1605 1418 gratia
1618 1382 1706 1407 vero
1727 1370 1777 1408 est
1803 1371 1907 1408 causa
1933 1372 2084 1409 secunda
2117 1376 2220 1412 incli-

1263 1431 1351 1458 nans
1376 1434 1438 1469 per
1459 1421 1608 1458 modum
1631 1433 1769 1460 naturae
1795 1422 1843 1459 ad>
1865 1422 2052 1471 objeetum
2085 1425 2218 1463 summe

1268 1472 1443 1519 diligibile
1460 1498 1470 1508 .

1370 1523 1428 1560 Ad
1448 1523 1606 1572 Anselmi
1624 1524 1876 1562 auFtoritatem
1906 1525 2100 1563 dicendum
2118 1554 2129 1570 ,
2156 1527 2225 1564 uti-

1268 1586 1339 1621 que
1352 1574 1448 1622 poffe
1460 1575 1606 1624 precise
1622 1578 1655 1611 in
1669 1588 1856 1624 peccatum
1876 1604 1886 1619 ‚
1911 1577 2012 1624 quod
2027 1577 2076 1614 est
2103 1591 2227 1615 caren-

1267 1627 1318 1660 tia
1345 1626 1475 1662 debitae
1495 1626 1798 1670 circumstanti-x,
1827 1639 1896 1663 non
1920 1628 1987 1664 effe
2012 1630 2229 1673 libertatem,

1270 1687 1388 1721 neque
1406 1686 1544 1720 partem
1565 1675 1647 1721 ejus
1662 1703 1674 1718 ,
1705 1687 1741 1711 at
1756 1675 1899 1723 poffein
1914 1678 2032 1715 aetum
2052 1707 2064 1722 ,
2091 1682 2152 1716 cui
2168 1695 2231 1719 an-

1270 1736 1363 1760 nexa
1375 1724 1424 1760 est
1439 1724 1648 1761 deformitas
1660 1752 1671 1768 ‚
1697 1727 1856 1762 libertati
1871 1727 2148 1765 adscribendum
2182 1733 2233 1770 es.

1272 1774 1305 1808 se
1323 1801 1333 1815 ,
1359 1787 1442 1809 cum
1459 1775 1545 1809 talis
1560 1777 1720 1821 potentia
1733 1776 1817 1812 dare
1835 1776 1947 1820 pofl'et
1977 1780 2073 1816 aetui
2099 1782 2150 1818 illi
2178 1795 2234 1820 re.

1272 1822 1485 1877 &titudinem
1500 1847 1513 1877 .'
1528 1823 1610 1857 loco
1621 1824 1859 1860 deformitatis
1876 1840 1887 1867 3
1902 1828 2059 1866 libertati
2071 1831 2236 1879 inquam,

1272 1881 1345 1907 non
1360 1871 1567 1920 simpliciter
1581 1898 1594 1915 ‚
1626 1872 1685 1909 sed
1702 1885 1830 1910 creatae
1847 1899 1857 1909 .

1456 1970 1953 2016 ARTlcULUS
2013 1979 2063 2015 11.

1414 2075 1553 2117 Utrum
1565 2078 1812 2114 voluntarium
1830 2079 2038 2119 inveniatur
2053 2079 2092 2117 in

1567 2129 1785 2167 animalibus
1799 2130 1919 2166 brutis
1933 2158 1944 2168 .
2102 2134 2106 2135 ⁷

1339 2225 1472 2267 Ποῖ-ἴον
1484 2228 1566 2266 locis
1576 2231 1615 2266 in
1624 2233 1784 2277 margine
1798 2234 1921 2269 citatis
1937 2258 1947 2269 .
1963 2234 2004 2270 S.
2023 2232 2175 2272 Thomas

1588 2294 1618 2320 i.
1636 2293 1670 2318 z.
1684 2295 1718 2331 q.
1737 2283 1773 2319 6.
1805 2293 1875 2320 art.
1895 2295 1933 2320 z.

1391 2381 1604 2428 Espondeo,
1632 2385 1874 2433 Qoriindam
1899 2384 1949 2422 est
1976 2384 2035 2421 hic
2060 2385 2236 2422 sententia.

1402 2435 1505 2468 talis:
1534 2435 1794 2472 Voluntarium
1828 2436 2021 2472 secundum
2059 2439 2236 2473 rationem

1278 2482 1470 2531 perfectam
1485 2484 1546 2518 soli
1563 2487 1736 2531 competit
1757 2487 1921 2522 rationali
1941 2498 2113 2523 creaturae
2132 2488 2232 2527 3Sed

1277 2534 1472 2571 secundum
1503 2537 1678 2571 rationem
1710 2537 1952 2583 imperfectam
1980 2536 2030 2573 est
2071 2539 2231 2574 invenire

1277 2587 1524 2622 voluntarium
1542 2587 1649 2622 etiam
1669 2588 1701 2621 in
1719 2588 1832 2623 brutis
1860 2615 1868 2624 .
1893 2590 1986 2625 Nam
2014 2587 2151 2634 duplex
2179 2587 2230 2624 est

1277 2640 1439 2683 cognitio
1455 2636 1535 2672 finis
1550 2664 1560 2679 ‚
1584 2637 1693 2673 altera
1723 2638 1899 2684 pometa,
1921 2640 2032 2674 altera
2065 2639 2232 2685 imperfe-

1277 2688 1333 2724 &a
1348 2713 1357 2723 .
1376 2687 1475 2724 Prior
1486 2687 1535 2724 est
1550 2715 1559 2729 ‚
1590 2688 1738 2734 quando
1755 2702 1825 2724 non
1847 2689 1961 2724 solum
1991 2689 2231 2737 apprehendi-

1275 2750 1336 2775 tur
1352 2737 1422 2785 ipse
1438 2738 1519 2774 finis
1535 2766 1542 2780 ,
1568 2737 1623 2773 sei
1641 2740 1748 2775 etiam
1767 2740 2000 2786 cognoscitur
2017 2741 2111 2775 ratio
2126 2739 2224 2782 finis,

1274 2792 1308 2826 8(
1341 2791 1532 2837 proportio
1559 2788 1663 2836 ejus,
1692 2789 1790 2837 quod
1813 2790 1997 2826 ordinatur
2020 2790 2062 2825 ad
2096 2790 2200 2825 finem
2216 2817 2224 2825 .

1274 2842 1383 2877 Tunc
1413 2852 1501 2875 vero
1529 2839 1734 2888 imperfeete
1758 2840 2015 2886 cognoscitur,
2047 2853 2160 2888 quun
2190 2841 2225 2877 in

1273 2890 1349 2939 ipso
1361 2891 1432 2927 fine
1446 2890 1578 2926 sistitur
1593 2892 1785 2938 incognitis
1798 2892 1875 2927 finis
1894 2894 2031 2927 ratione
2046 2918 2056 2933 ,
2086 2891 2119 2926 8(
2146 2903 2227 2939 pro-

1274 2943 1441 2990 portione
1454 2941 1554 2977 afius
1570 2941 1613 2975 ad
1628 2940 1733 2977 finem
1749 2968 1758 2976 .
1771 2945 1957 2991 Quoniam
1980 2944 2093 2988 igitur
2121 2943 2225 2978 bruta

1273 2991 1478 3043 imperfefke
1494 2991 1600 3027 finem
1616 2993 1894 3040 apprehendunt
1909 3021 1917 3035 ‚
1945 3003 1985 3029 ut
2019 3003 2145 3029 natura
2171 3005 2226 3028 ra-

1273 3045 1417 3080 tionalis
1431 3042 1587 3088 perfeete
1603 3070 1614 3085 ,
1641 3044 1789 3090 proinde
1806 3045 1841 3080 in
1859 3044 1935 3081 solis
1954 3044 2121 3080 humanis
2139 3044 2228 3080 aeti-

1271 3097 1340 3132 bus
1353 3092 1509 3144 perfec-te
1524 3094 1616 3129 ratio
1633 3095 1828 3130 voluntarii
1842 3095 2028 3131 invenitur
2047 3109 2059 3137 3
2086 3096 2120 3130 in
2141 3096 2226 3132 bru-

1270 3147 1318 3183 tis
1333 3157 1451 3182 autern
1470 3143 1695 3191 imperfeae.

1371 3195 1616 3235 Nosdicimus
1631 3194 1796 3232 senfitivo
1822 3199 2001 3246 appetitui
2033 3199 2224 3234 brutorum
2262 3234 2271 3243 ι

1274 3257 1414 3283 tantum
1435 3245 1583 3281 abusive
1601 3247 1750 3282 attribui
1777 3248 1873 3294 posse
1898 3249 2097 3285 voluntarii
2118 3251 2222 3285 ratio-

1272 3310 1353 3334 nem
1366 3298 1420 3333 vel
1438 3295 1683 3342 imperfeftam
1698 3324 1707 3333 .
1732 3298 1829 3345 Quia
1857 3299 2034 3347 nusquam
2057 3299 2106 3335 est
2126 3327 2135 3342 ,
2161 3298 2221 3334 nisi

1273 3347 1433 3396 perfeEm
1446 3347 1532 3383 sitin
1549 3346 1612 3382 suo
1623 3347 1749 3382 ordine
1769 3374 1778 3388 ‚
1809 3350 1871 3384 ubi
1897 3363 2041 3398 oportet
2069 3350 2222 3385 inveniri

1272 3400 1491 3447 principium
1506 3396 1738 3433 intrinsecum
1752 3399 1900 3436 aftuum
1915 3401 2221 3441 voluntariorum,

1273 3449 1375 3496 quod
1391 3462 1462 3485 non
1478 3450 1522 3484 ab
1538 3449 1606 3484 alio
1620 3447 1876 3485 determinetur
1892 3478 1900 3492 ‚
1930 3451 1987 3488 sed
2003 3463 2142 3486 tantum
2155 3463 2172 3485 a
2189 3450 2223 3486 se

1276 3499 1353 3548 ipso
1370 3527 1379 3541 ‚
1393 3512 1436 3536 ex
1452 3499 1603 3536 articulo
1612 3498 1825 3547 praecedenti
1840 3527 1847 3535 .
1864 3505 1951 3538 Haec
1980 3504 2071 3538 ratio
2096 3515 2114 3536 a
2140 3513 2222 3537 toto

1277 3563 1408 3598 genere
1421 3550 1516 3586 abest
1529 3562 1546 3583 a
1567 3551 1682 3585 brutis
1697 3577 1706 3591 ,
1730 3563 1885 3597 quorum
1902 3554 2086 3589 lensitiviis
2110 3565 2222 3600 appe-

1273 3603 1365 3637 titus
1380 3599 1542 3637 effeetive
1556 3600 1812 3638 determinatur
1823 3604 1868 3638 ab
1896 3604 2084 3651 appetibili
2105 3615 2224 3645 extra,

1277 3653 1324 3687 ab
1339 3664 1455 3698 eoque
1469 3650 1622 3686 trabitur
1637 3661 1748 3700 atque
1762 3654 1882 3698 agitur
1907 3655 1940 3689 in
1964 3653 2105 3689 aeribus
2139 3653 2223 3695 suis,

1281 3703 1326 3738 sic
1346 3729 1356 3744 ‚
1390 3713 1566 3738 uteorum
1583 3714 1651 3738 non
1665 3703 1870 3739 dominetur
1889 3719 1900 3745 ;
1923 3707 1996 3741 imo
2015 3706 2036 3741 si
2066 3703 2112 3739 cst
2139 3716 2224 3739 con-

1280 3755 1429 3789 veniens
1445 3751 1602 3789 sensibile
1619 3753 1730 3789 statim
1749 3756 1908 3801 appetit,
1936 3756 1982 3791 sin
1998 3784 2007 3799 ,
2024 3754 2108 3792 illud
2124 3767 2224 3789 aver-

1282 3802 1403 3850 satur,
1424 3805 1456 3839 8(
1484 3801 1640 3847 refugit,
1671 3815 1708 3838 ut
1733 3805 1823 3839 reete
1852 3804 1939 3841 dicit
1971 3804 2225 3846 Damnst-enus,

1280 3853 1341 3894 lib.
1357 3863 1389 3892 2.
1405 3851 1530 3898 defide
1542 3862 1616 3900 cap.
1632 3863 1684 3899 23.
1699 3866 1784 3901 ergo
1803 3855 1866 3892 fibi
1881 3858 2033 3893 omnino
2049 3865 2227 3902 repugnat

1575 3912 1595 3937 z
2120 3906 2212 3941 ratio

2254 859 2280 878 1.
2293 850 2321 879 d·
2337 861 2380 885 15¹.
2389 864 2432 892 qq
2441 874 2450 883 .

2253 893 2277 932 03
2302 893 2353 918 Ad
2377 894 2450 934 solzc-

2252 935 2354 957 ttmem
2367 949 2376 960 .

2314 1168 2458 1201 vidonem<

2258 1206 2368 1247 Magist.
2385 1220 2412 1238 ι.
2427 1212 2455 1240 d.

2259 1249 2306 1276 ²6·

2327 1543 2395 1571 2.d.
2419 1551 2468 1578 ²3·

2269 1579 2312 1608 Ad
2352 1583 2468 1610 tertiam

2266 1617 2420 1658 prittci'pcile
2442 1640 2452 1650 .

2263 3253 2336 3281 lulio
2386 3254 2459 3293 φὶς,

2259 3291 2361 3323 fii'om's
2374 3304 2404 3331 4·

2283 3717 2312 3737 ²·
2325 3711 2352 3740 d·
2367 3722 2415 3746 δῖ.
2432 3726 2460 3745 n,

2265 3754 2294 3775 21
2304 3752 2460 3783 ..Α-ίαΙίιιΑ.

2269 3792 2293 3818 3·
2307 3788 2335 3817 d.
2362 3799 2407 3819 27·
2431 3804 2460 3829 q.

2265 3829 2343 3855 unis-2
2361 3831 2457 3867 &fiv-

2263 3871 2382 3899 quemcr
2394 3887 2402 3897 .
