2602 4011
43 3472 201 3508 3.dist..23.

41 3518 67 3537 n.
86 3520 129 3539 ιο.

872 113 1031 159 Tomus
1047 111 1126 158 III.
1143 115 1334 165 Secunda
1349 120 1381 168 S
1383 120 1548 167 ecundae
1570 152 1586 167 .

306 174 348 208 ad
364 175 455 209 illam
469 175 691 213 necessariam
708 179 986 223 propositionem
1000 179 1243 217 immediatam

303 237 368 260 nos
385 226 714 271 minimeattingere
724 225 817 273 posse
830 256 840 271 ,
869 229 1159 276 quandoquidem
1178 241 1244 267 nec

301 278 471 312 terminos
485 276 548 312 sub
564 278 715 323 propriis
745 279 945 317 rationibus
968 279 1158 325 concipere
1180 293 1243 315 va-

302 328 462 369 leamus,
487 326 697 362 sedtantum
724 325 915 366 secundum
939 339 1138 375 conceptus
1162 333 1242 367 uni-

300 376 451 414 versales
463 377 590 423 utique
607 376 723 413 inillis
740 382 892 426 propriis
910 380 1148 425 conceptibus
1165 382 1239 416 vir-

297 427 445 464 tualiter
459 427 598 464 inclusis
615 429 649 464 8:
676 431 898 477 complicatis
923 457 932 468 .
957 433 1054 468 Nam
1075 431 1238 467 Trinita-

296 489 369 515 tem
382 478 615 523 intelligimus
627 505 638 521 ‚
661 489 843 526 quatenus
857 479 1075 517 abstrahitur
1089 493 1108 516 a
1134 482 1237 518 trini-

294 540 369 565 tate
380 529 415 564 in
427 528 607 571 numeris,
630 531 686 566 vel
701 531 737 565 in
771 533 877 568 rebus
897 530 1144 579 corporalibus
1171 543 1234 580 per

292 589 483 616 numerum
496 578 658 617 deduais
678 606 687 616 .
711 580 757 619 Et
771 584 900 630 pariter
929 584 1047 618 Deum
1073 583 1233 627 concipi-

291 640 372 666 mus
387 654 398 669 ,
427 641 498 665 non
512 628 576 666 sub
588 632 728 679 propria
743 633 879 669 ratione
891 631 972 678 ejus
989 630 1024 665 in
1041 629 1073 667 se
1087 659 1099 674 ,
1120 632 1176 668 sed
1194 635 1230 670 in

288 689 466 725 conceptu
480 681 574 717 entis
586 683 690 726 primi
704 710 714 725 ,
731 684 764 718 8(
778 682 882 731 cause
896 682 1020 730 primae
1033 705 1046 724 ,
1067 684 1102 718 8(
1116 683 1161 718 fic
1187 683 1233 718 de

287 729 424 766 caeteris
435 733 670 775 conceptibus
683 758 692 768 .
709 732 778 771 Sed
795 733 837 768 ad
849 742 1044 776 conceptus
1068 733 1232 781 proprios

290 780 359 816 Dei
371 780 404 815 in
420 779 453 815 se
467 806 478 822 ,
505 784 657 820 Deitatis
671 809 684 826 ‚
715 785 906 820 'Trinitatis
922 779 1152 830 personarum
1170 810 1180 824 ,
1192 784 1228 820 δε

290 842 428 866 natum
439 832 587 869 unitatis
608 860 618 875 ,
643 846 713 869 non
732 836 966 881 pertingimus
993 833 1027 868 in
1052 833 1108 867 via
1136 835 1229 870 clare

290 893 357 917 nec
367 880 513 918 confuse
532 896 544 924 3
567 883 626 920 sed
641 884 920 930 intelligimusin
934 887 1115 918 communi
1138 885 1228 931 quid

291 931 458 974 essentia,
485 934 623 979 quidve
635 934 779 980 persona
797 960 807 974 ‚
835 933 961 969 exinde
984 933 1168 970 credentes
1191 936 1229 971 in

286 981 421 1018 summa
441 985 584 1021 Deitate
600 984 667 1021 esse
679 996 751 1020 tres
767 983 932 1029 personas
947 1009 957 1024 ‚
987 985 1020 1019 8(
1039 997 1146 1020 unam
1177 983 1229 1021 es·

287 1031 433 1070 sentiam
448 1035 481 1070 in
497 1036 616 1072 tribus
632 1061 640 1070 .
658 1035 714 1072 Est
733 1035 891 1081 igitur-in
917 1034 1147 1070 credibilibus
1170 1036 1229 1072 ali.

287 1095 361 1131 qua
376 1085 810 1132 propositioimmediata,
840 1085 874 1120 81
889 1085 999 1129 prima
1025 1085 1058 1119 in
1086 1083 1141 1127 se,
1170 1084 1229 1121 sed

284 1136 380 1171 iilam
394 1138 568 1174 attingere
580 1149 651 1173 non
669 1135 863 1181 possumus,
878 1144 1062 1179 oporteret
1076 1145 1113 1170 ut
1126 1136 1229 1171 exin-

284 1185 329 1221 de
351 1187 640 1222 conclusionibus
666 1185 852 1228 dedat-ris,
879 1182 1105 1221 scientificam
1132 1186 1233 1223 noti-v

279 1237 368 1272 tiam
384 1238 571 1282 acquirere
584 1235 762 1284 possemus
775 1261 786 1272 .
840 1256 842 1258 ·

384 1285 442 1323 Ad
466 1288 634 1324 ultimum
658 1286 859 1332 respondeo
874 1313 884 1325 ,
905 1297 1157 1332 argumentum
1177 1287 1226 1323 est

280 1336 324 1372 de
341 1337 461 1384 aliqua
480 1339 662 1374 refaciens
679 1339 779 1374 fidem
793 1338 836 1372 de
847 1350 886 1372 ea
904 1363 915 1379 ,
942 1350 1024 1384 quae
1037 1338 1122 1372 alias
1151 1348 1228 1375 erat

279 1388 389 1423 dubia
407 1403 420 1430 ς
448 1388 528 1423 ideo
540 1390 574 1424 iu
588 1399 802 1434 argumento
814 1388 957 1435 proprie
970 1387 1065 1423 dic-lo
1078 1388 1228 1424 consen-

278 1439 368 1474 titur
381 1439 598 1475 conclusioni
623 1442 672 1475 ob
694 1449 947 1484 argumentum
975 1437 1124 1484 ejusque
1151 1439 1229 1474 evi-

279 1488 435 1526 dentiam
453 1489 546 1526 .Sed
572 1490 595 1526 fi
624 1491 756 1527 Paulus
783 1487 924 1524 dixisset
955 1487 1097 1535 praecise
1122 1489 1226 1531 illud,

279 1542 411 1576 mortui
427 1540 609 1588 resurgent
620 1552 758 1578 tantum
773 1538 992 1576 credidissem
1006 1542 1036 1575 ei
1054 1551 1163 1583 tunc,
1181 1541 1224 1578 si·

278 1601 343 1626 cut
358 1591 487 1633 mod03
509 1604 574 1628 nec
585 1594 633 1629 est
646 1591 794 1638 majoris
808 1589 987 1626 firmitatis
1006 1591 1062 1626 illa
1076 1593 1225 1628 conclu-

279 1640 329 1677 fio
343 1663 355 1682 ‚
377 1655 486 1689 quam
501 1643 523 1677 si
541 1642 742 1687 simpliciter
755 1640 922 1678 narrasset
937 1655 1012 1677 eam
1028 1666 1040 1676 .
1053 1642 1226 1679 Similiter

277 1691 367 1727 ficut
382 1693 490 1729 credo
502 1693 724 1730 conclusioni
741 1719 750 1734 ,
770 1692 822 1727 vel
841 1691 1074 1738 consequenti
1086 1692 1171 1735 ssic
1187 1693 1228 1729 &—

277 1742 528 1784 antecedenti,
545 1743 580 1778 8(
594 1758 611 1780 e
623 1741 800 1790 converso
815 1767 824 1776 .
840 1742 995 1789 Uteenim
1011 1741 1119 1778 credo
1133 1755 1237 1788 tuor-¹¹

275 1804 361 1828 tuos
374 1792 633 1833 resurretsturos'
649 1822 661 1839 ,
688 1795 738 1830 lta
750 1791 858 1829 credo
871 1791 1055 1829 Christum
1085 1805 1104 1828 a
1132 1804 1231 1829 mor-·

277 1844 350 1880 tuis
367 1843 619 1888 resurrexiffe;
648 1847 774 1883 etenim
788 1844 905 1880 omnis
933 1846 1116 1880 certitudo
1141 1856 1224 1890 quae

274 1895 429 1930 habetur
441 1894 484 1932 de
497 1896 632 1933 Christi
649 1893 907 1932 resurreffione
917 1919 931 1939 ‚
945 1897 978 1932 8(
995 1895 1231 1933 mortborum·
1254 1897 1263 1934 ,ἶ
1308 1899 1333 1939 '2

273 1957 346 1981 non
362 1943 411 1982 est
428 1946 494 1982 alia
508 1959 616 1993 quam
634 1947 716 1984 fidei
730 1944 930 1987 certitudo.

372 1996 487 2045 Qud
510 1997 654 2034 additur
680 1998 725 2033 de
745 1995 845 2032 diSlo
864 1997 1013 2044 joannis
1044 1997 1131 2034 nihil
1152 1997 1241 2047 est3x
1279 2043 1282 2048 ¹

272 2046 369 2083 Nam
387 2046 422 2080 id
438 2058 631 2094 exaggerat
648 2047 845 2093 Apostolus
863 2047 905 2082 ad
921 2049 1115 2085 movedum
1145 2050 1221 2085 ani·

272 2107 353 2131 mos
371 2094 511 2133 nostros
525 2097 567 2133 ad
579 2097 717 2134 Christi
729 2098 954 2135 dileclionem
970 2125 977 2133 .
993 2099 1108 2148 Quod
1130 2101 1224 2135 enim

273 2145 442 2181 Christus
456 2145 621 2184 dilexerit
640 2160 703 2185 nos
720 2150 835 2194 primo
852 2169 864 2185 ,
881 2149 915 2185 id
931 2150 1033 2186 nob-is
1045 2162 1107 2197 per
1117 2149 1224 2186 fidem

274 2194 324 2232 est
341 2195 545 2241 persuasum
563 2226 571 2235 .
583 2202 710 2248 Qare
737 2199 758 2234 si
789 2202 873 2244 quis
900 2200 1009 2235 habet
1037 2200 1225 2235 certitudi-

274 2258 355 2284 nem
368 2247 410 2282 de
426 2248 656 2283 conclusione
671 2274 681 2289 ,
695 2259 765 2284 nou
785 2259 904 2284 tamen
919 2248 1222 2294 majorem,quam

275 2296 321 2333 de
338 2297 514 2343 principio
532 2326 539 2334 .
552 2299 649 2334 Hinc
665 2310 749 2334 cum
766 2299 984 2345 principium
1003 2311 1073 2334 non
1085 2310 1222 2344 cogno·

276 2346 400 2382 scatur
412 2360 455 2384 ex
468 2347 646 2383 evidentia
660 2350 708 2384 rei
728 2376 738 2391 ,
762 2350 883 2394 nequit
901 2348 1084 2385 scientiam
1115 2348 1225 2388 habe·
1253 2390 1256 2392 ,

278 2409 317 2433 re
331 2397 372 2432 de
389 2398 614 2434 conclusione
626 2424 635 2433 .
647 2400 699 2438 At
715 2400 850 2445 pollens
866 2399 992 2436 habitu
1010 2401 1100 2436 ultra
1117 2398 1223 2438 fidem

280 2459 324 2483 eo
341 2447 525 2484 assentitur
541 2449 709 2485 omnibus
725 2448 756 2484 8(
773 2450 922 2495 singulis
935 2477 948 2495 ‚
974 2462 1046 2498 que
1060 2451 1223 2488 scribun-

278 2509 338 2534 tut
352 2501 386 2533 in
406 2498 556 2535 Cmone
574 2525 584 2540 ,
613 2499 645 2534 3<
665 2500 752 2535 nulli
771 2502 831 2536 uni
846 2509 993 2550 propter
1006 2502 1119 2543 aliud3
1135 2503 1223 2548 quia

279 2549 339 2585 etsi
357 2560 468 2584 unum
485 2548 724 2596 consequatur
737 2562 779 2586 ex
794 2553 865 2587 alio
878 2579 889 2594 ‚
903 2564 972 2588 non
983 2551 1090 2588 habet
1103 2563 1221 2591 tamen

280 2598 453 2645 majorem
481 2600 731 2636 certitudinem
756 2598 800 2636 ‹le
827 2603 890 2638 illo
911 2603 1011 2651 quod
1047 2603 1223 2651 sequitur,

280 2661 389 2696 quam
405 2649 448 2695 de
459 2662 502 2686 eo
519 2677 531 2693 ,
554 2649 648 2688 unde
660 2650 855 2688 deducitur
872 2679 882 2688 .

430 2750 938 2792 ARTICULUS
1004 2755 1071 2792 Vl.

333 2851 470 2889 Utrum
487 2852 669 2891 credibilia
686 2854 750 2892 sint
766 2866 828 2902 per
842 2865 959 2891 certos
985 2855 1174 2894 Articutos

604 2902 854 2951 distinguenda
881 2929 891 2939 .

393 3003 932 3045 *ARTICULUS
984 3004 1075 3045 VlI.

305 3104 440 3142 Utrum
455 3106 612 3143 Articuli
628 3105 710 3142 fidei
723 3105 918 3164 secundum
942 3106 1190 3146 successionem

537 3168 744 3205 temporum
753 3167 934 3194 creverint
952 3182 963 3194 .

327 3251 456 3290 Dofffor
466 3255 545 3294 Iocis
555 3260 593 3295 in
608 3260 766 3306 margine
791 3257 983 3294 adnotatis.
1002 3260 1043 3296 S.
1052 3259 1171 3297 Thom.

428 3316 463 3343 z·
480 3316 515 3347 2.
525 3320 558 3356 q.
574 3319 587 3345 ι
595 3334 605 3345 .
615 3308 896 3408 ανόἑῆἇῶὒςεζὶς
911 3307 1073 3356 Mlenfis

382 3456 538 3493 Uoniam
555 3459 718 3497 Articuli
743 3460 934 3496 veritatem
954 3458 1222 3506 praeseferentes

400 3511 649 3546 contineantur
659 3519 797 3559 opertet
807 3511 843 3546 in
856 3510 969 3557 prima
981 3512 1222 3558 veritate,que

274 3559 325 3596 est
344 3568 442 3598 neus
454 3569 547 3597 unus
561 3561 594 3595 in
609 3558 752 3596 essentia
769 3587 781 3603 ,
809 3561 843 3596 8(
856 3562 973 3597 trinus
987 3562 1022 3598 in
1047 3560 1221 3605 personis,

274 3621 352 3656 quo
368 3609 516 3647 evidens
534 3611 594 3646 fiat
607 3610 769 3658 processu
782 3613 952 3657 temporis
981 3613 1079 3647 nulla
1103 3612 1222 3647 acces-

274 3661 370 3697 sione
387 3659 511 3698 auctos
528 3660 721 3698 secuudum
736 3661 968 3700 substantiam
982 3688 993 3704 ‚
1005 3661 1066 3698 sed
1080 3673 1220 3699 tantum

273 3711 582 3759 eredent'ibusper
596 3713 782 3750 Ecclcfiam
810 3725 923 3748 unum
947 3723 1009 3747 aut
1033 3713 1141 3748 alium
1168 3713 1220 3748 in-

274 3761 427 3850 notuiffe
444 3787 454 3803 ‚
484 3762 666 3849 sl‘cliaelendum
683 3763 911 3801 credibilium
924 3764 1087 3800 omnium
1102 3764 1223 3810 aliqua

404 3824 468 3848 0³11.
548 3839 557 3848 .

2073 139 2174 195 443

1311 187 1378 222 esl'e
1390 188 1598 225 necceffaria
1613 189 1843 238 simpliciter;
1871 195 1958 233 sicut
1971 197 2091 237 Deum
2105 204 2172 239 esse
2186 209 2250 243 tri-

1308 248 1394 272 num
1410 238 1446 273 &⁷
1461 250 1569 275 unum
1582 241 1616 277 &
1628 242 1746 276 omnia
1759 243 1914 290 illa‚quae
1925 249 2113 297 respiciunt
2126 255 2250 294 Deum

1308 287 1520 329 intrinsece;
1548 291 1667 338 aliqua
1681 290 1747 327 esse
1763 296 2004 340 contingentia
2024 327 2033 342 ,
2063 314 2100 337 ut
2110 317 2148 339 ea
2161 318 2244 351 quae

1310 336 1500 383 respiciunt
1517 339 1738 382 extrinsece,
1767 354 1806 378 ut
1834 343 2034 383 incarnatio
2061 352 2137 389 filii
2159 358 2246 399 Dei,

1307 386 1517 423 resurreetio
1531 402 1781 434 mortuorum,
1809 392 1844 429 &
1867 392 2065 443 ejusmodi,
2090 415 2171 449 quae
2199 408 2246 442 ab

1306 436 1428 473 divina
1443 439 1598 483 pendent
1612 441 1797 478 voluntate
1810 443 1920 480 libere
1937 447 1969 482 8(
1995 452 2244 498 contingenter

1305 487 1566 527 determinante
1583 492 1640 527 illa
1652 491 1697 526 ab
1710 502 1843 528 aeterno
1857 517 1867 533 ,
1893 506 1936 531 ac
1945 500 2094 542 proinde
2119 514 2162 538 ex
2187 506 2243 540 di-

1304 537 1529 575 vinidecreti
1553 540 1888 588 praesttppofitione‚
1910 547 2018 582 etiam
2041 552 2245 598 necessaria,

1300 599 1373 624 non
1395 588 1541 635 quidem
1569 591 1795 639 simpliciter,
1823 594 1880 630 sed
1904 597 2148 637 conditionate
2175 627 2182 638 .
2211 607 2245 643 8<

1304 650 1368 684 per
1387 638 1613 677 necessariam
1634 641 1953 690 consequutionem
1985 661 1996 689 3
2024 651 2122 697 quod
2148 657 2243 690 enim

1303 689 1373 724 Dei
1397 690 1561 727 voluntas
1584 692 1746 729 futurum
1770 693 1982 732 determinat
2007 724 2020 740 ,
2050 701 2243 740 necessario

1302 737 1366 773 suo
1382 750 1539 787 tempore
1551 743 1636 779 erit.
1655 744 1972 787 Quemadmodum
1988 760 2075 794 ergo
2091 753 2169 788 Deo
2191 754 2242 789 in·

1302 788 1455 825 trinsece
1468 792 1723 830 inhaerentibus
1739 795 1833 832 nulla
1848 807 1907 832 acc
1916 796 1996 832 effio
2010 798 2086 835 fieri
2114 803 2242 849 potest,

1302 839 1357 873 uti
1372 851 1436 875 nec
1450 841 1490 876 iis
1506 853 1585 887 quae
1600 845 1699 880 Deus
1714 847 1759 881 ab
1785 855 1919 881 aeterno
1939 846 2014 884 fieri
2042 851 2241 897 ordinavit3

1302 889 1353 922 ita
1367 900 1430 924 nec
1441 891 1606 926 articulis
1621 905 1638 927 a
1656 894 1758 930 nobis
1771 895 1957 932 credendis
1969 924 1981 939 ,
2011 897 2070 935 seu
2096 901 2158 939 sint
2178 915 2241 940 ne-

1300 937 1444 973 ceffaria
1471 939 1672 987 simpliciter
1699 971 1709 986 ,
1738 945 1797 981 seu
1818 958 1864 981 ex
1885 946 2242 998 praesuppofitioned,

1302 988 1392 1025 nihil
1409 992 1556 1025 omnino
1572 990 1759 1039 superaddi
1773 995 1887 1042 potest
1904 1023 1917 1040 ,

1356 1087 1364 1096 .
1403 1039 1648 1077 Veruntamen
1660 1045 1745 1089 quia
1766 1045 1948 1084 hominum
1974 1051 2077 1087 tenui
2102 1056 2243 1101 capaci-

1299 1097 1624 1136 tattopportunum
1653 1105 1722 1128 non
1749 1106 1824 1130 erat
1842 1098 1962 1134 omnia
1989 1100 2170 1139 credibilia
2199 1105 2243 1141 si-

1298 1139 1373 1173 mul
1396 1143 1575 1187 proponi,
1604 1141 1850 1191 sapientissime
1870 1147 2149 1188 demonstratum
2173 1154 2242 1190 fuit

1297 1188 1458 1225 Ecclesiae
1472 1189 1661 1229 succeffive
1676 1195 1863 1232 revelanda
1879 1224 1890 1239 ,
1919 1199 1952 1235 8(
1977 1204 2239 1248 proponenda...

1297 1235 1467 1276 fidelibus
1483 1240 1527 1276 ad
1538 1243 1756 1282 credendum
1784 1273 1791 1282 .
1815 1247 1911 1284 Cum
1934 1250 2026 1285 enim
2056 1253 2238 1291 Ecclefia„

1298 1287 1425 1333 spiritu
1442 1291 1620 1337 dirigatur
1630 1297 1797 1334 veritatis
1810 1324 1821 1339 ‚
1850 1309 1925 1345 quo
1939 1299 2068 1348 spiritu
2084 1303 2239 1341 conditae

1298 1337 1378 1375 sunt
1392 1341 1524 1378 divinae
1549 1345 1743 1393 Scripturae
1768 1359 1812 1383 eo
1837 1349 2058 1398 inspirante,
2083 1364 2125 1389 ac
2151 1355 2242 1393 diri-

1296 1402 1403 1435 gente
1415 1402 1578 1438 congruo
1594 1406 1756 1444 tempore
1783 1398 2008 1436 declarantur
2029 1414 2096 1448 per·
2116 1404 2237 1442 Eccle-

1295 1439 1378 1476 fiam
1395 1442 1427 1477 8(
1443 1444 1611 1480 veritates
1626 1447 1660 1481 in
1685 1448 1754 1483 iliis
1778 1452 1985 1487 convolutae
2009 1451 2238 1493 declarantur

1296 1491 1331 1526 &
1346 1493 1509 1537 explicite
1522 1506 1773 1542 proponuntur
1790 1527 1802 1543 ‚
1829 1511 1867 1536 ut
1886 1502 2082 1540 credantur
2099 1530 2107 1539 .
2139 1507 2236 1543 Hinc

1294 1542 1386 1577 ultra
1400 1544 1456 1578 illa
1471 1569 1482 1585 ‚
1509 1557 1590 1591 quae
1604 1548 1772 1594 explicite
1786 1553 2016 1588 continentur
2030 1553 2066 1590 in
2093 1552 2237 1592 Simbo-

1294 1593 1336 1628 lis
1360 1594 1615 1639 Apostolorum
1639 1623 1649 1638 ,
1686 1598 1875 1637 Athanasii
1898 1628 1909 1644 ‚
1939 1603 1971 1639 8(
1989 1602 2147 1647 Niceni3
2177 1607 2239 1643 de-

1293 1645 1468 1680 claratum
1480 1644 1593 1682 suitin
1620 1648 1789 1686 Concilio
1814 1652 2040 1690 Laterauenst
2065 1652 2131 1692 sub
2158 1658 2237 1693 lnn.

1296 1695 1327 1730 ΙΙ
1339 1696 1364 1730 Ι.
1380 1696 1568 1742 complura
1585 1698 1652 1735 alia
1666 1701 1843 1745 pertinere
1859 1704 1903 1738 ad
1926 1705 2115 1742 ueritatem
2137 1707 2237 1752 fidei,

1291 1746 1455 1832 gcvgluti
1466 1746 1510 1803 de
1524 1745 1687 1793 ejusdem
1702 1749 1892 1789 substantia
1908 1753 1975 1791 esi'e
1988 1753 2135 1794 firmiter
2159 1770 2241 1797 cre·

1319 1808 1362 1834 en
1389 1809 1407 1833 a
1418 1821 1428 1835 .

1389 1899 1525 1941 <AR
1551 1897 1628 1938 Τ]
1657 1900 1701 1939 (Γ
1721 1904 1758 1940 U
1786 1905 1816 1941 L
1846 1904 1884 1941 U
1911 1904 1937 1942 S
1991 1904 2103 1945 Vni.

1369 1999 1509 2039 Utrum
1525 2003 1683 2040 Articuli
1693 2003 1776 2040 fidei
1787 2007 2044 2045 convenienter
2070 2020 2159 2045 euu-

1656 2065 1836 2091 merentur
1866 2082 1875 2092 .

1445 2151 1955 2194 ARTICULUS
2017 2157 2090 2195 lx,

1374 2252 1528 2290 -vtrum
1545 2255 1807 2290 convenienter
1821 2256 1981 2294 Articuli
1998 2258 2081 2294 fidei
2102 2258 2140 2296 iu

1570 2304 1748 2352 Symboio
1762 2316 1943 2352 ponantur
1955 2334 1968 2345 .

1368 2401 1501 2441 Βοδῖον
1516 2412 1548 2450 3.
1562 2401 1645 2450 dist.
1658 2413 1718 2450 25.
1732 2416 1765 2451 q.
1785 2418 1813 2442 ι.
1829 2413 1869 2450 5.
1883 2406 1953 2444 Sed
1981 2408 2106 2443 habito
2129 2409 2165 2445 in

1443 2456 1601 2498 generali
1612 2466 1649 2491 n.
1661 2467 1700 2501 4.
1715 2455 1758 2491 S.
1775 2456 1896 2494 Thone.
1914 2469 1950 2493 2-
1967 2468 1999 2493 2.
2011 2470 2086 2505 q.r.

1643 2515 1716 2544 art.
1730 2507 1765 2543 8.
1790 2506 1835 2546 ὃν
1849 2520 1886 2556 9.

1402 2603 1588 2652 Espondeo
1600 2631 1611 2641 .
1631 2605 1727 2642 Cum
1742 2606 1855 2644 sermo
1868 2607 2067 2646 instituitur
2078 2609 2120 2644 de
2136 2609 2238 2646 Arti-

1417 2657 1508 2691 culis
1524 2683 1535 2698 ‚
1549 2667 1642 2703 quos
1656 2658 1909 2706 complee'titur
1920 2659 2117 2709 Symbolus
2134 2660 2238 2707 Aso-

1294 2710 1464 2745 stolorum
1485 2707 1547 2753 ipsi
1575 2708 1715 2743 articuli
1742 2720 1802 2744 aut
1828 2709 2100 2758 distinguuntur
2121 2721 2237 2756 quan-

1293 2769 1372 2795 tum
1388 2771 1430 2792 aa
1448 2756 1517 2804 ipsa
1534 2757 1669 2795 credita
1687 2771 1698 2798 ;
1728 2770 1789 2796 aut
1805 2770 1899 2796 certe
1915 2761 2240 2808 enumeranturju.

1293 2820 1358 2847 xta
1375 2819 1561 2844 numerum
1577 2807 1720 2846 illorum
1735 2811 1798 2857 qui
1814 2822 1875 2846 eos
1890 2811 2130 2847 condiderunt
2156 2837 2166 2848 .
2195 2811 2238 2850 Et

1293 2858 1440 2907 quidem
1466 2857 1660 2895 secundum
1688 2862 1843 2906 priorem
1885 2862 2238 2900 considerationem-2

1292 2908 1569 2956 quatuordecim
1593 2911 1740 2946 articuli
1767 2912 2004 2948 inveniuntur
2018 2939 2031 2954 ,
2051 2911 2154 2958 juxta
2175 2926 2240 2961 po-

1293 2960 1474 2996 steriorem
1499 2957 1689 2995 duodecim
1711 2960 1814 3003 sunt,
1837 2973 1902 3009 pro
1924 2973 2073 2998 numero
2095 2963 2243 2998 Sanfilo-

1290 3023 1372 3046 rum
1391 3007 1646 3056 Apostolorum
1661 3037 1675 3053 ‚
1699 3013 1761 3058 qui
1779 3023 1839 3047 eos
1851 3013 2040 3050 Atticulos
2065 3013 2240 3059 collegisse

1291 3061 1528 3110 perhibentur
1542 3079 1552 3094 .

1394 3112 1436 3146 Et
1450 3111 1606 3156 primum
1620 3107 1756 3146 difflum
1779 3110 1982 3148 declaratur
1997 3125 2010 3153 3
2038 3115 2133 3151 Nam
2152 3115 2238 3148 arti-

1291 3161 1367 3197 culi
1381 3157 1687 3197 fideiauts'untde
1705 3164 1784 3198 Deo
1806 3172 1972 3207 tantum,
2000 3174 2061 3199 aut
2087 3163 2130 3200 de
2158 3165 2239 3199 Deo

1291 3213 1429 3248 ratione
1443 3219 1578 3245 naturae
1593 3208 1765 3259 assunptae
1781 3212 1841 3250 ‚Si
1854 3214 1973 3260 primo
1986 3214 2095 3250 modo
2111 3241 2121 3257 ‚
2139 3213 2173 3248 id
2186 3225 2237 3250 at.

1290 3261 1452 3298 tenditur
1465 3260 1682 3306 tripliciter-3
1709 3274 1789 3300 nam
1813 3274 1875 3299 aut
1901 3264 1943 3301 de
1967 3266 2048 3301 Deo
2069 3266 2232 3302 rariore,

1289 3323 1427 3349 naturae
1456 3311 1512 3346 vel
1533 3308 1685 3348 essentia
1709 3339 1719 3354 ‚
1746 3315 1866 3362 sicque
1889 3316 2038 3360 exurgit
2062 3316 2239 3350 articulus

1290 3362 1351 3398 ille
1363 3389 1375 3405 ‚
1389 3359 1509 3397 Credo
1520 3363 1558 3396 in
1572 3373 1683 3398 unum
1698 3362 1843 3406 Deum3
1872 3376 1934 3401 aut
1952 3366 2090 3401 ratione
2118 3365 2237 3410 perso-

1290 3424 1443 3453 narum,
1472 3411 1676 3458 ficquetres
1701 3413 1884 3452 habentur
1903 3416 2075 3457 articuli,
2099 3413 2234 3461 juxvaa

1291 3474 1481 3499 numerum
1497 3462 1703 3500 divinarum
1718 3465 1949 3512 personarum
1965 3493 1973 3502 .
2001 3466 2143 3501 Primus
2157 3467 2235 3503 'Pa-

1292 3522 1383 3549 trem
1396 3515 1662 3560 omnipotentem
1697 3540 1707 3550 .
1728 3517 1921 3554 Secundus
1935 3539 1949 3559 ‚
1974 3515 2025 3551 Et
2047 3527 2084 3550 m
2106 3515 2155 3562 ‘Je
2174 3529 2233 3553 um

1291 3562 1487 3599 Chr-mum
1514 3562 1646 3599 Filium
1687 3565 1762 3614 ejus
1787 3569 1932 3603 unicum
1961 3566 2154 3602 Dominum
2176 3578 2235 3602 no·

1290 3616 1408 3649 flrum
1422 3638 1431 3648 .
1445 3614 1589 3650 Tertius
1606 3641 1617 3657 ‚
1646 3612 1763 3652 Credo
1777 3617 1820 3652 in
1844 3616 2025 3665 Spiritum
2051 3615 2234 3654 Sanflum·

1292 3665 1527 3711 'I‘respariter
1544 3667 1685 3701 articuli
1699 3668 1933 3703 inveniuntur
1947 3691 1956 3705 ,
1986 3666 2122 3701 ratione
2146 3666 2234 3703 effc-

1291 3713 1370 3750 &us
1388 3715 1479 3754 Dei;
1506 3715 1647 3751 Primus
1670 3716 1792 3763 quoad
1817 3716 2033 3752 creationem
2049 3742 2061 3757 ,
2084 3715 2234 3752 Creato-

1291 3776 1366 3800 rem
1382 3764 1455 3802 coeli
1480 3763 1524 3803 (θ’
1538 3774 1642 3801 terrae
1657 3792 1666 3802 .
1680 3767 1867 3803 Secundus
1878 3778 2051 3813 quantum
2064 3767 2234 3851 adfigrati-

1567 3819 1601 3852 K
1633 3816 1656 3852 k
1685 3817 1709 3853 k
1739 3828 1758 3854 z
2128 3829 2183 3852 ca-

2274 1136 2376 1172 40diss.
2391 1145 2474 1177 tuq.

2276 1181 2330 1209 302
2346 1185 2373 1203 u.
2389 1185 2436 1209 ις.

2312 1222 2341 1249 4.
2354 1215 2474 1253 Repert-

2274 1250 2337 1281 dist.
2353 1262 2381 1288 5.
2405 1263 2433 1290 q.
2449 1262 2476 1289 ς.

2270 2687 2425 2728 Dupliciter
2443 2701 2471 2727 eo·

2272 2734 2411 2760 numerari

2272 2767 2380 2804 possunt
2394 2771 2469 2800 Arti-

2271 2806 2325 2834 culi
2337 2817 2346 2842 ;
2359 2818 2405 2837 aut
2417 2819 2470 2848 pro

2271 2852 2380 2875 ratione
2403 2857 2469 2880 con.

2272 2891 2415 2914 tentorum
2442 2891 2470 2918 in

2272 2924 2313 2951 eis
2335 2943 2344 2956 ‚
2365 2934 2412 2953 aut
2433 2927 2468 2956 ad

2271 2970 2417 2995 numerum

2270 3001 2427 3033 Αυξὶοῐυιι
2442 3025 2448 3031 .
