2663 4083
105 1330 273 1367 &Thomas
294 1325 338 1354 hic

108 1374 155 1407 Ad
164 1367 314 1410 secundum
327 1382 336 1392 0

177 1995 254 2026 nodi.
266 2005 296 2033 q.
308 2006 338 2031 9.

107 2041 132 2071 §-
196 2046 210 2062 e
254 2034 338 2063 tertio

102 2073 279 2145 ΐὲῗέῗὶἰζῖἰ
301 2075 339 2101 v.

124 2735 179 2766 vbi
191 2735 268 2773 supr-²
281 2753 290 2763 .
302 2731 338 2763 V·

104 2779 150 2810 Ex
161 2776 205 2805 hoc
212 2777 302 2813 patet.

451 209 513 266 38
996 205 1179 252 Summe

369 271 514 311 asinum
541 274 735 322 primorum
759 273 849 323 petit
870 273 934 311 suo
958 274 1065 310 modo
1089 298 1103 315 ‚
1127 275 1162 309 &
1183 272 1308 308 ordine

366 324 542 371 quietari.

470 376 528 412 Ad
545 386 755 420 argumenta
785 404 796 414 .
822 374 879 410 Ad
907 376 1060 422 primum
1088 370 1306 421 respondeo,

368 435 440 461 non
453 427 594 473 probari
608 425 668 461 nili
683 425 781 472 quod
799 426 914 461 statim
928 424 1063 460 dietum
1079 422 1127 459 est
1157 426 1192 459 in
1210 422 1307 469 [οἰκ-

367 476 482 512 tione:
500 476 687 523 Siquidem
701 477 863 523 operatio
891 477 1034 522 propria
1059 475 1182 508 animae
1206 483 1307 508 non-n

367 526 482 573 exigit
496 537 649 573 corpuS‚
675 537 713 562 ut
731 525 812 562 inde
838 524 1046 561 conferatur
1069 524 1228 571 potentia
1252 523 1307 557 vi-

366 574 492 624 resque
509 576 660 624 accipiat
677 577 747 612 :est
762 578 854 612 enim
867 575 1070 611 immediate
1098 587 1116 608 a
1142 573 1306 621 potentia

365 626 570 671 inorganica
586 654 598 669 ,
621 627 655 663 8(
676 627 919 668 immateriali,
942 626 1105 671 inqua&
1136 624 1307 669 recipitur

367 676 572 712 immediate
590 690 603 718 ;
631 688 700 711 non
713 676 830 711 influit
850 684 1035 722 propterea
1051 677 1084 709 in
1101 675 1210 720 ipsam
1228 683 1305 707 cor-

368 737 438 773 pus
453 753 465 769 ‚
490 728 618 762 adeout
632 727 801 762 intensior
815 725 959 761 subinde
971 724 1116 760 dicenda
1133 724 1172 758 iit
1187 751 1196 766 ,
1218 732 1257 756 ac
1271 720 1305 756 se

368 776 443 822 ipsa
458 776 645 824 perfeffior
657 803 668 818 ,
698 789 778 812 cum
794 789 812 810 a
830 774 899 810 sola
930 777 1046 810 anima
1071 773 1279 821 producitur
1295 795 1306 806 .

369 827 459 863 Non
472 826 566 862 aliud
580 838 664 873 ergo
677 828 797 862 evenit
813 852 823 868 ‚
847 825 1062 871 reassumpto
1073 820 1306 871 corpore‚nis1

398 874 515 913 uod&
543 876 655 923 ipsum
683 877 801 923 gloriae
831 877 954 910 animae
978 874 1017 910 fit
1041 875 1218 921 particeps
1234 898 1244 913 ‚
1270 872 1305 907 &

367 886 434 960 Puo
450 927 556 961 modo
569 928 722 973 quietem
735 925 964 972 consequitur
985 939 993 958 e
1019 926 1130 969 magis
1155 918 1307 960 subinde

368 976 554 1011 beatitudo
569 976 775 1012 extenditur
794 1004 803 1017 ‚
828 988 868 1011 ac
886 978 981 1023 prius
1000 1003 1011 1019 ,
1038 977 1122 1022 quia
1138 985 1221 1010 ante
1250 983 1306 1008 re-

368 1024 616 1062 surreftionem
633 1037 762 1072 corpus
781 1026 835 1061 illa
851 1027 964 1071 gloria
979 1038 1049 1062 non
1068 1022 1302 1074 perfundeba-

366 1086 448 1118 tur,
473 1087 510 1110 ut
522 1076 662 1122 perat-‘ta
676 1074 929 1112 resurreetione
948 1101 957 1110 .

468 1125 540 1161 Sed
557 1128 775 1171 arguebatur
792 1153 803 1168 ‚
830 1127 914 1173 quia
929 1127 1043 1160 anima
1057 1137 1157 1164 extra
1171 1134 1304 1172 corpus

367 1173 417 1211 est
433 1176 861 1223 entitativeimperfeetm
889 1177 1015 1223 accipit
1041 1190 1130 1223 ergo
1159 1188 1204 1212 ex
1228 1187 1308 1211 cor·

368 1236 453 1271 pore
477 1224 739 1263 substantialem
766 1226 1017 1273 perfeetionem
1046 1239 1058 1269 ς
1087 1230 1181 1273 Ergo
1211 1227 1244 1261 8(
1272 1227 1307 1261 in

368 1274 595 1311 intensiorem
610 1287 696 1311 tunc
715 1276 824 1323 potest
841 1278 1080 1323 operationem
1106 1303 1115 1312 .
1144 1276 1305 1322 Respon-

370 1322 418 1359 lio
429 1326 632 1372 aliquorum
649 1325 696 1361 est
712 1325 771 1360 ista
790 1337 802 1366 ς
821 1327 951 1361 Anima
967 1326 1066 1363 aliter
1081 1328 1112 1364 se
1138 1327 1246 1362 habet
1264 1326 1307 1361 ad

366 1372 430 1419 effe
446 1401 458 1416 ,
486 1386 594 1422 quam
612 1377 686 1411 aiiae
700 1388 813 1422 partes
829 1402 839 1413 .
855 1380 948 1414 Nam
961 1375 1145 1422 effetotius
1160 1388 1230 1412 non
1259 1376 1307 1412 est

369 1423 524 1471 alicujus
543 1425 682 1461 suarum
699 1429 850 1469 partium
870 1439 881 1466 3
907 1426 999 1461 unde
1013 1429 1066 1462 vel
1091 1438 1170 1475 pars
1192 1428 1308 1462 omni-

370 1482 417 1510 no
429 1474 628 1511 desiniteise
644 1475 824 1513 destitit-to
849 1488 955 1517 toto;
979 1479 1032 1513 vel
1059 1478 1080 1512 fi
1107 1487 1306 1518 remanent,

368 1525 502 1560 liabent
515 1524 609 1560 aliud
622 1525 685 1573 effi>
696 1528 730 1561 in
744 1528 825 1564 aciu
838 1540 846 1562 :
861 1526 929 1563 Sed
942 1527 1065 1563 animae
1078 1528 1241 1563 humanae
1255 1539 1310 1562 re-

369 1586 486 1611 manet
514 1572 577 1622 ‘ff'
601 1578 784 1623 compofiti
809 1577 885 1624 post
907 1578 1069 1622 corporis
1094 1577 1309 1613 destructio·

369 1637 448 1660 nem
466 1651 476 1666 ,
507 1626 612 1671 idque
627 1627 713 1671 quia
730 1627 820 1662 idem
837 1626 886 1661 est
899 1625 963 1671 effe
979 1627 1096 1663 formae
1112 1654 1122 1668 ,
1149 1628 1182 1662 8(
1200 1637 1309 1661 mate-

370 1676 457 1714 riae;
482 1675 514 1710 8(
533 1675 600 1709 hoc
612 1675 702 1709 idem
716 1675 840 1722 esteſj'e
855 1677 1041 1721 compositi
1061 1701 1070 1710 .
1086 1677 1221 1711 Anima
1245 1687 1309 1710 au-

368 1733 440 1759 tem
453 1725 487 1758 in
503 1723 639 1770 suocffi
652 1723 801 1759 subsistit
819 1751 831 1766 ,
857 1724 951 1760 unde
964 1737 982 1759 a
997 1736 1145 1773 corpore
1171 1724 1308 1772 separa·

368 1780 404 1807 ta
415 1773 608 1820 perfetfi'tum
626 1772 690 1821 effe
706 1774 834 1815 habet,
858 1774 986 1809 &ideo
1009 1775 1200 1820 perfeEIarn
1221 1786 1309 1820 ope-

368 1824 542 1859 rationem
557 1822 688 1858 habere
700 1823 840 1871 potest,
864 1824 944 1858 licet
969 1836 1039 1859 non
1071 1823 1203 1858 habeat
1228 1830 1308 1869 per-

368 1872 496 1909 feetam
509 1882 672 1908 naturam
686 1898 696 1908 .

469 1922 606 1957 Contra
623 1921 715 1957 hanc
729 1921 926 1959 doetrinam
955 1923 1117 1970 pluribus
1144 1923 1283 1969 egimus
1295 1947 1307 1965 ‚

372 1978 398 2009 ἰ.
412 1980 448 2020 p.
461 1984 494 2019 q.
512 1981 653 2018 75.arc.
669 1982 699 2006 2.
713 1984 758 2008 ex
780 1975 915 2019 quibus
941 1973 1104 2019 quaedam
1135 1983 1308 2009 tanturn-2

367 2023 426 2057 hic
444 2023 631 2069 repetenda
645 2022 827 2060 censemus
851 2050 859 2060 .
891 2026 932 2060 Et
954 2023 1097 2071 quidem
1112 2049 1124 2065 ‚
1149 2023 1171 2059 fi
1193 2024 1310 2058 anima

368 2070 475 2107 habet
491 2072 581 2107 idem
599 2070 772 2119 efflquod
789 2074 1021 2122 compoiitum
1037 2100 1048 2116 ‚
1072 2085 1142 2109 non
1166 2072 1310 2109 videtur

368 2122 570 2170 simpliciter
599 2123 801 2169 imperteaa
838 2135 961 2160 natura
987 2135 1046 2167 per
1071 2122 1139 2160 hoc
1169 2149 1180 2165 ‚
1206 2123 1308 2170 quod

369 2183 440 2208 non
451 2173 689 2208 communicet
718 2175 818 2210 alteri
841 2174 926 2210 illud
947 2174 1038 2220 effe3
1060 2175 1096 2210 Si
1121 2184 1208 2219 ergo
1227 2172 1307 2219 ejus

369 2222 490 2257 formae
506 2222 648 2258 {itidem
660 2221 747 2269 effi,
771 2225 870 2269 quod
897 2226 1039 2265 totius;
1063 2224 1179 2259 anima
1209 2221 1306 2268 sepa-

371 2281 447 2308 rata
460 2283 530 2306 non
544 2271 637 2307 foret
651 2274 849 2319 imperfeeta
863 2275 897 2309 in
922 2273 1063 2310 essendo
1077 2301 1086 2314 ‚
1117 2285 1196 2308 cum
1220 2272 1306 2309 nihil

371 2321 435 2358 fibi
462 2322 664 2367 ademptum
689 2324 908 2369 intelligatur
926 2337 988 2371 per
1007 2337 1082 2359 eam
1118 2322 1308 2371 separatio·

371 2382 472 2413 nem,
492 2370 547 2407 sed
563 2372 703 2417 praecile
718 2373 754 2408 fir
768 2401 777 2416 ‚
804 2386 844 2410 tit
863 2373 964 2410 suum
992 2375 1055 2422 ‘ffe
1075 2376 1174 2410 alteri
1205 2386 1305 2411 non-2

369 2423 653 2457 communicetur
670 2449 677 2457 .
695 2425 736 2458 Et
754 2424 911 2468 profecit)
940 2426 1003 2460 vix
1030 2426 1170 2460 videtur
1189 2426 1305 2471 expli·

369 2472 507 2512 cabile‚
533 2472 867 2510 animamidemeffe
892 2474 1083 2511 habentem
1106 2486 1145 2510 ac
1170 2485 1305 2518 totum,

368 2521 437 2556 dici
449 2521 653 2567 imperfecta
667 2524 699 2556 in
712 2523 991 2566 elsend0,totum
1012 2538 1097 2561 vero
1109 2525 1305 2571 perfeetum

369 2576 403 2608 in
415 2570 570 2614 effendo,
582 2573 640 2608 cui
658 2572 751 2607 adest
768 2575 857 2610 idem
870 2574 946 2619 elfi',
962 2575 1060 2623 quod
1076 2576 1200 2611 animae
1216 2602 1224 2611 .
1239 2574 1306 2612 Sed

371 2620 552 2657 videndus
569 2624 930 2672 articulusfecuvdns
957 2629 1017 2661 cit.
1047 2626 1166 2674 quaeff-
1184 2636 1244 2674 75.

472 2671 685 2719 Respondeo
696 2674 737 2708 ad
751 2676 971 2712 instantiam:
997 2676 1129 2712 Anima
1146 2675 1305 2724 separata

371 2721 634 2767 estimperfec‘h
655 2724 688 2758 iu
713 2725 852 2762 essendo
867 2753 875 2767 ‚
901 2729 984 2774 quia
1012 2738 1054 2761 eo
1079 2727 1205 2766 modo.
1227 2740 1304 2775 quo

368 2773 512 2818 corpori
528 2774 649 2807 unitur
664 2799 676 2815 ‚
701 2774 772 2811 dici
796 2777 907 2822 poiest
927 2777 1080 2822 perfec-ta
1101 2779 1136 2812 in
1164 2777 1306 2814 essendo

371 2828 442 2859 non
458 2823 594 2868 primo,
624 2824 655 2858 8(
684 2824 933 2868 essentialiter,
959 2826 1015 2862 sed
1042 2829 1304 2876 participative.

372 2872 544 2919 Equidem
563 2871 626 2907 suo
641 2877 785 2921 proprio
799 2875 860 2923 ejffe
886 2876 933 2911 est
958 2887 1058 2923 aeque
1079 2878 1232 2923 perfeeta
1256 2878 1305 2915 se-

370 2933 490 2971 parata
505 2948 515 2963 ,
540 2934 580 2957 ac
593 2920 786 2969 conjuneta
803 2950 810 2955 -
833 2924 901 2962 Sed
912 2926 1103 2970 coniuneta
1117 2927 1164 2963 est
1195 2929 1308 2975 perfe-

371 2975 428 3009 &a
454 2969 517 3062 (ἐμὲ
537 2973 648 3008 tOtius
676 2975 925 3022 participative
941 3003 950 3017 ‚
973 2978 1052 3013 licet
1080 2989 1149 3012 non
1174 2980 1306 3024 prima-

372 3025 441 3059 rie:
486 3033 621 3070 :pa-ata
635 3034 722 3069 ergo
736 3025 928 3072 impeditur
946 3028 1158 3074 participare
1171 3027 1234 3074 ‘'ff“
1251 3040 1306 3063 to-

369 3074 442 3111 tius
457 3101 468 3117 ,
501 3084 608 3119 atque
623 3074 670 3108 ita
685 3074 732 3110 est
749 3076 953 3121 imperfe-'Eia
967 3104 975 3112 .
995 3080 1080 3114 Non
1098 3078 1206 3123 igitur
1216 3078 1307 3112 dici-

367 3135 427 3160 tur
440 3123 821 3169 formaimpcrfeaaex
850 3137 893 3162 eo
920 3125 1019 3174 quod
1050 3125 1205 3172 separata
1234 3140 1305 3164 non

368 3175 606 3210 communicet
631 3173 726 3209 suim
763 3176 1013 3223 perstet‘onem
1050 3178 1151 3212 alteri
1180 3204 1190 3219 ‚
1219 3178 1305 3213 sicut

370 3224 516 3270 necipsa
529 3223 710 3269 perficitur
728 3251 737 3266 ‚
767 3237 847 3261 cum
875 3227 983 3262 alteri'
1005 3230 1306 3268 communicatum

369 3274 437 3312 Sed
463 3273 813 3320 diciturimperfeeta
832 3288 877 3312 ex
902 3278 1057 3316 carentia
1078 3275 1306 3324 perfectionis

372 3323 579 3370 effetotiuS.
598 3325 663 3359 Sed
678 3327 849 3371 quoniam
864 3329 896 3361 in
916 3326 946 3361 se
973 3327 1118 3374 perinde
1148 3328 1195 3364 cst
1225 3341 1306 3375 per-

372 3375 461 3410 setta
488 3371 646 3420 ejusdem
678 3375 902 3420 perfeetionis
927 3375 1096 3412 intensive
1127 3404 1136 3419 ‚
1177 3379 1305 3415 elicere

372 3423 486 3471 potest
497 3425 738 3466 operationem
754 3426 908 3471 separata
924 3450 936 3467 ,
963 3439 1002 3462 ac
1021 3427 1178 3473 proestare
1196 3440 1303 3475 queat

373 3473 544 3520 conjunst
557 3488 564 3508 1
579 3476 682 3509 etiam
701 3475 775 3521 post
790 3476 1080 3513 resurrectionem
1096 3503 1106 3512 .

472 3524 531 3559 Ad
550 3523 741 3559 secundum
763 3527 920 3563 concedo
935 3553 946 3569 ‚
977 3528 1115 3563 Anima:
1144 3527 1306 3575 separatae

374 3571 481 3609 inette
494 3575 648 3620 aliquem
665 3577 858 3621 appetitum
876 3577 919 3611 ad
937 3589 1067 3625 corpus
1079 3589 1249 3623 tanquam
1262 3579 1306 3613 ad

371 3625 557 3672 proprium
585 3624 833 3671 perfeetibile,
860 3628 913 3662 vel
942 3627 1063 3664 saltem
1089 3641 1107 3663 c
1133 3629 1307 3664 converso

373 3669 519 3721 reperiri
531 3674 567 3709 in
583 3676 726 3710 materia
741 3676 784 3710 ad
798 3676 946 3714 formam
962 3679 1054 3714 illam
1074 3690 1086 3718 3
1109 3691 1148 3714 ac
1163 3690 1309 3726 propte-

372 3731 431 3759 rea
461 3722 535 3769 post
563 3726 769 3760 reunionem
795 3728 918 3763 animae
942 3739 1022 3765 cum
1051 3739 1203 3774 corpore
1231 3732 1308 3775 sim,

372 3772 556 3820 quiescere
573 3773 669 3813 liunc
700 3778 895 3822 appetitum
916 3791 961 3815 ex
981 3789 1080 3823 parte
1106 3779 1308 3827 utriusque,

369 3824 486 3870 gloria
505 3821 538 3859 se
554 3821 632 3861 sein
645 3823 758 3874 ipsum
781 3838 911 3876 corpus
935 3829 1186 3874 diffundente,
1215 3830 1309 3867 unde

1209 199 1400 272 Joannis
1430 202 1562 250 Duns
1589 203 1706 250 Scott'

1394 269 1572 318 cujusque
1583 271 1756 309 desiderio
1767 269 1907 311 abunde
1921 267 2142 308 satisfactum
2153 261 2237 306 eritss
2247 265 2336 304 Pori

1391 331 1433 355 ro
1449 323 1588 357 interim
1604 324 1804 361 retardatur
1820 351 1832 368 ,
1857 335 1900 358 ne
1912 323 2029 358 anima
2039 332 2115 358 tota
2139 318 2338 356 intensione

1391 373 1565 417 pergatin
1581 374 1668 409 illud
1695 373 1869 410 summum
1902 373 2053 415 coelum,
2075 374 2158 420 quia
2183 368 2338 415 impedi-

1391 431 1451 456 tur
1465 448 1477 464 ,
1504 434 1545 457 ne
1561 424 1743 470 proprium
1759 434 1892 471 corpus
1908 423 2032 468 gloriae
2048 449 2058 463 ‚
2089 421 2195 468 cujus
2212 418 2261 454 est
2273 430 2336 454 ca·
2387 464 2389 466 Ι

1389 483 1460 517 pax
1484 499 1495 514 ‚
1517 475 1693 520 particeps
1719 475 1802 517 fiat,
1836 482 1948 519 utque
1975 478 2334 519 quantumcunquts

1390 522 1506 568 potest
1518 524 1732 560 extendatur
1759 551 1769 561 .
1796 524 1981 558 Caeterum
2005 534 2069 558 nos
2103 529 2336 558 naturalem-0

1389 574 1587 620 appetitum
1601 585 1670 608 nou
1683 574 1937 619 distinguimus
1949 585 1964 606 a
1982 583 2107 610 natura
2125 600 2135 614 ,
2149 572 2258 616 cujus
2271 569 2334 611 est,

1386 632 1428 656 ac
1443 631 1632 670 propterea
1650 649 1658 662 ‚
1686 634 1726 657 ut
1744 635 1813 658 non
1832 633 2035 658 remoratur
2054 624 2167 657 anima
2190 620 2336 668 quomi-

1385 683 1453 708 nus
1464 683 1541 708 tota
1555 672 1750 708 intensione
1765 699 1774 713 ,
1805 675 1837 708 8<
1850 674 1884 707 in
1897 684 1938 707 eo
1955 674 2067 717 gradu
2082 672 2144 707 {ibi
2160 686 2178 707 a
2210 670 2335 706 divina

1386 725 1576 759 voluntate
1590 735 1609 766 p
1633 721 1883 768 aefinitojuxta
1900 724 2023 757 merita
2041 748 2052 763 ,
2067 722 2202 758 feratur
2217 724 2251 755 in
2267 719 2335 753 ob·

1383 771 1518 819 jet‘tum
1537 771 1740 808 beatificum
1759 798 1770 814 ,
1795 772 1844 806 ita
1868 772 2000 807 etiamsi
2034 771 2125 807 foret
2150 770 2335 818 appetitus

1384 824 1525 858 elicitus
1543 849 1554 865 ,
1582 822 1717 857 neclioi
1750 822 2006 868 impedimento
2028 822 2110 856 effer
2126 848 2135 862 ,
2163 822 2252 869 quia
2281 819 2336 853 fo·

1388 884 1438 909 ret
1463 873 1613 909 omnino
1638 872 1837 907 conformis
1871 872 2050 907 voluntati
2083 872 2236 912 divinae,
2268 878 2336 904 nec

1380 925 1457 959 'ulla
1474 925 1613 959 ratione
1625 924 1669 957 ab
1681 932 1724 958 eo
1738 923 1773 957 in
1790 923 1937 958 alterins
1967 921 2249 958 consideratione
2269 921 2336 954 ob-

1386 973 1475 1020 jetti
1489 975 1737 1021 abriperetur.

1487 1025 1546 1061 Ad
1564 1025 1708 1060 tertium
1726 1021 1948 1070 respondeo,
1969 1027 2239 1069 Argumentum
2254 1023 2335 1070 pius

1385 1076 1538 1124 probare
1555 1102 1566 1118 ,
1592 1086 1700 1121 quam
1720 1073 1928 1109 intendatur
1953 1100 1964 1110 .
1986 1073 2169 1120 Siquidem
2195 1073 2218 1108 si
2249 1085 2335 1107 con-

1385 1123 1574 1167 cluderet,
1599 1136 1644 1160 eo
1660 1124 1793 1160 direae
1823 1122 2070 1159 ostenderetur
2085 1151 2096 1166 ‚
2121 1125 2254 1159 animas
2277 1121 2335 1168 ju-

1386 1176 1519 1212 storum
1534 1177 1641 1212 etiam
1674 1176 1773 1210 omni
1806 1171 1906 1209 foece
1936 1184 2167 1221 peccatorum
2194 1170 2336 1208 exsolu-

1386 1238 1467 1269 tas,
1494 1238 1564 1261 non
1581 1225 1717 1262 visuras
1742 1224 1814 1260 Dei
1844 1223 2024 1260 essentiam
2041 1250 2051 1267 ,
2076 1225 2136 1259 nifi
2166 1223 2241 1271 post
2275 1234 2333 1258 re·

1385 1277 1640 1313 surretffiionem
1658 1301 1667 1310 .
1685 1275 1799 1326 Qod
1815 1274 1876 1310 etsi
1889 1275 1972 1309 olim
1989 1276 2153 1311 nonnulli
2182 1274 2246 1309 sint
2256 1274 2333 1320 opi-

1385 1329 1459 1364 nati
1478 1355 1488 1370 ‚
1513 1340 1589 1364 eam
1604 1338 1722 1364 tamen
1743 1329 1951 1374 opinionem
1963 1323 2147 1361 damnavit
2180 1324 2332 1360 catholi-

1385 1390 1425 1413 ca
1442 1378 1592 1414 Ecclesia
1610 1405 1619 1418 ,
1644 1389 1682 1414 ut
1698 1378 1836 1415 haeresis
1851 1378 1890 1414 fit
1906 1375 1943 1414 id
1961 1387 2042 1412 cum
2060 1376 2254 1422 pertinacia
2283 1372 2333 1408 af-

1384 1428 1525 1464 firmare
1541 1456 1548 1464 .
1565 1431 1605 1464 Et
1622 1439 1786 1475 praeterei
1802 1428 1928 1476 quaefi‘.
1945 1426 2007 1476 69.
2026 1426 2177 1462 articulo
2190 1437 2221 1461 2.
2245 1426 2333 1474 sttp·

1378 1479 1546 1527 plementt
1560 1479 1607 1514 ad
1625 1491 1657 1526 3.
1669 1489 1747 1526 par.
1764 1480 1986 1517 dsclaratum
2004 1478 2077 1516 fuit
2096 1477 2232 1512 animas
2252 1486 2333 1510 cor-

1383 1531 1533 1577 poribus
1547 1540 1675 1565 exutas
1688 1542 1773 1566 mox
1802 1529 1844 1564 ad
1876 1542 2074 1578 praeparata
2103 1527 2330 1573 receptacula

1384 1579 1516 1615 deferri
1529 1606 1539 1620 ,
1564 1590 1625 1613 aut
1642 1590 1791 1615 aeternas
1809 1591 1929 1625 poenas
1944 1583 2093 1613 luituras
2107 1605 2119 1619 ‚
2148 1576 2170 1609 si
2191 1576 2332 1610 mortali

1384 1639 1532 1677 peccato
1546 1629 1713 1661 obnoxiae
1741 1628 1969 1672 reperiantur
1984 1654 1996 1667 ‚
2019 1638 2080 1661 aut
2102 1625 2266 1661 mercede
2295 1623 2333 1658 8<

1383 1679 1497 1725 gloria
1514 1677 1722 1723 sempiterna
1736 1678 1904 1723 potiturae
1918 1703 1930 1718 ‚
1951 1677 1975 1711 fi
1988 1677 2165 1711 charitate
2179 1673 2333 1722 praeditae

1384 1728 1467 1764 hinc
1482 1726 1663 1762 discedant
1682 1752 1692 1766 ‚
1718 1726 1826 1760 modo
1841 1727 1890 1760 eis
1906 1738 1968 1773 per
1986 1727 2102 1772 ignem
2118 1734 2331 1773 purgantem

1384 1790 1456 1813 non
1474 1777 1513 1810 sit
1527 1774 1780 1810 transeundum
1795 1801 1804 1810 .

1483 1827 1610 1872 Qim
1639 1826 1761 1871 itaque
1789 1827 1823 1859 in
1848 1836 2061 1870 argumento
2101 1825 2296 1861 deducitur
2314 1840 2328 1868 ;

1381 1877 1478 1920 Ergo
1492 1875 1535 1907 ad
1553 1876 1805 1910 beatitudinem
1820 1877 2020 1922 requiritur
2034 1902 2046 1918 ‚
2062 1887 2099 1911 ut
2113 1875 2233 1913 rursus
2249 1877 2330 1911 aiii-

1383 1936 1440 1960 ma
1456 1925 1600 1960 uniatur
1615 1928 1781 1971 corpori,
1807 1924 1941 1973 fiatque
1958 1927 2066 1961 homo
2079 1954 2088 1967 ‚
2103 1930 2160 1962 cui
2175 1926 2222 1962 est
2239 1937 2330 1960 mer-

1382 1981 1439 2010 ces
1459 1975 1691 2011 beatitudinis
1707 1976 1935 2012 retribuenda
1958 2002 1966 2010 .
1988 1980 2181 2024 Qiatenus
2212 1976 2329 2012 illatio

1382 2025 1458 2061 haec
1472 2027 1692 2070 intelligatur
1704 2025 1746 2060 de
1765 2026 1985 2061 beatitudine
2010 2027 2192 2063 extensiva
2208 2053 2217 2065 ,
2239 2037 2327 2061 con-

1383 2076 1538 2111 cedenda
1560 2076 1608 2111 est
1640 2103 1647 2110 .
1675 2077 1807 2123 Quoad
1834 2077 2040 2112 intensivam
2072 2080 2163 2112 enim
2183 2077 2324 2113 'attinet

1382 2126 1565 2173 probandi
1581 2125 1670 2161 foret
1689 2127 1743 2160 illa
1763 2128 1960 2172 propositio
1974 2138 2035 2173 per
2064 2127 2156 2163 hanc
2174 2155 2183 2169 ,
2210 2125 2327 2175 quia-,⁴

1383 2188 1513 2222 nempe
1529 2176 1692 2212 intensior
1707 2175 1755 2211 est
1771 2180 1932 2224 operatio
1948 2189 1993 2212 ex
2009 2178 2125 2212 anima
2140 2179 2171 2213 8<
2197 2188 2329 2223 corpo-

1378 2239 1417 2262 re
1433 2227 1648 2271 procedens,
1671 2227 1809 2272 quippe
1839 2239 1919 2274 quse
1948 2227 2181 2274 aperfeciiori
2196 2228 2327 2273 princi-

1381 2278 1443 2323 pio
1456 2277 1625 2325 procedat
1643 2301 1652 2310 .
1668 2275 1736 2311 Sed
1749 2278 1834 2312 huic
1860 2288 2072 2322 argumento
2094 2277 2166 2324 jam
2192 2276 2328 2314 satisfa-

1380 2326 1478 2363 &um
1498 2327 1547 2363 est
1561 2325 1725 2375 responso
1743 2328 1953 2373 adprimum
1969 2355 1977 2363 .

1481 2380 1524 2415 Et
1536 2390 1616 2414 cum
1631 2378 1763 2413 dicitur
1776 2406 1786 2421 ,
1813 2379 1947 2424 integer
1962 2378 2072 2414 homo
2088 2381 2220 2416 meruit
2247 2379 2329 2413 bea-

1379 2428 1573 2465 titudinem
1589 2456 1599 2471 ,
1624 2440 1694 2464 non
1711 2429 1823 2464 anima
1837 2427 1908 2464 sola
1927 2456 1939 2471 ,
1965 2441 2045 2475 quae
2062 2429 2109 2464 est
2125 2441 2203 2476 pars
2215 2427 2295 2475 ejus
2314 2441 2328 2470 3

1379 2481 1477 2524 Ergo
1490 2479 1627 2515 homini
1646 2479 1708 2525 ipsi
1724 2507 1734 2521 ,
1758 2491 1829 2514 non
1842 2479 1966 2515 animae
1986 2492 2002 2514 a
2016 2491 2167 2525 corpore
2197 2481 2331 2526 separa.

1378 2538 1424 2565 tte
1438 2528 1487 2564 est
1507 2529 1682 2566 reddenda
1704 2557 1711 2565 .
1742 2530 1940 2577 Responsio
1967 2541 1976 2564 ε
2002 2529 2179 2575 Operatio
2207 2532 2330 2565 imma·

1378 2581 1639 2627 nensoperanti
1667 2579 1740 2617 dici
1766 2580 1882 2629 potest
1901 2590 2104 2625 competere
2128 2581 2236 2616 alicui
2261 2579 2329 2615 du·

1378 2631 1520 2678 pliciter
1532 2657 1540 2666 .
1559 2632 1645 2667 Uno
1661 2632 1768 2667 modo
1785 2660 1797 2676 ‚
1811 2632 1915 2670 Sicut
1935 2630 2101 2676 proximo
2114 2629 2329 2676 susceptivo,

1377 2682 1449 2716 alio
1462 2681 1570 2717 modo
1583 2682 1671 2718 sicut
1684 2694 1822 2719 remoto
1834 2708 1844 2719 .
1862 2682 2072 2725 Exemplum
2088 2679 2328 2728 :Superficies

1377 2733 1455 2767 alba
1481 2731 1529 2768 est
1559 2735 1760 2778 proximum
1789 2729 2035 2780 susceptivum
2060 2728 2141 2775 ejus
2166 2732 2298 2766 coloris
2315 2743 2327 2767 ε

1378 2781 1490 2817 homo
1507 2793 1593 2817 vero
1608 2782 1741 2819 dicitur
1769 2785 1897 2826 albim,
1924 2780 2040 2816 veluti
2067 2791 2243 2816 remotum
2272 2780 2327 2816 su-

1379 2827 1576 2878 sceptivum
1603 2832 1761 2878 ejusdem
1788 2864 1797 2871 .
1828 2836 1886 2871 Sic
1912 2834 2028 2868 anima
2051 2830 2185 2867 dicitur
2207 2843 2266 2879 per
2293 2830 2326 2867 se

1379 2884 1546 2929 operari,
1575 2893 1755 2929 quatenus
1770 2884 1816 2920 est
1830 2885 2036 2933 proximum
2070 2883 2327 2928 receptivum..

1380 2931 1634 2968 intellefkioiiis
1649 2960 1660 2976 ,
1685 2935 1716 2969 8<
1734 2936 1940 2976 volitionis3
1964 2933 2033 2972 Sed
2052 2932 2162 2968 liomo
2176 2943 2237 2980 per
2264 2930 2328 2971 se)

1379 2992 1548 3029 operatur
1565 2993 1735 3030 tanquam
1755 2987 1977 3033 receptivum
1995 2995 2176 3021 remotum
2193 3010 2204 3025 ,
2234 2985 2322 3028 quia

1381 3044 1452 3068 non
1472 3033 1595 3078 recipit
1608 3036 1833 3082 operationes
1864 3037 1940 3071 illas
1959 3062 1971 3078 ‚
1997 3031 2056 3071 nili
2091 3033 2178 3082 quia
2207 3036 2325 3071 anima

1381 3083 1493 3119 forma
1511 3083 1960 3133 ipsiusproximiusrecipit
1991 3097 2050 3121 eas
2078 3112 2084 3120 .
2119 3085 2184 3121 Etsi
2213 3084 2324 3129 igitur

1380 3134 1493 3169 anima
1509 3146 1577 3168 non
1595 3134 1633 3169 sit
1649 3147 1707 3181 per
1725 3135 1757 3170 se
1776 3135 1957 3173 subsistens
1970 3162 1981 3178 ‚
2012 3146 2201 3183 propterea
2220 3135 2320 3181 quod

1380 3184 1522 3231 opti-ari
1551 3186 1739 3220 conveniat
1771 3189 1921 3233 primum
1952 3185 2090 3221 homini
2104 3213 2115 3228 ‚
2146 3196 2320 3233 tanquam

1379 3235 1448 3269 toti
1466 3246 1526 3281 per
1539 3233 1689 3270 formam
1710 3262 1719 3277 ‚
1739 3239 1823 3283 quia
1839 3247 1957 3271 tamen
1981 3247 2060 3271 cum
2088 3236 2246 3284 separata
2269 3250 2318 3272 3...

1378 3296 1528 3332 corpore
1543 3284 1589 3319 est
1605 3311 1614 3327 ‚
1647 3283 1736 3322 silva
1751 3288 1810 3323 sibi
1826 3286 1902 3322 sunt
1930 3286 2047 3321 omnia
2075 3287 2128 3323 illa
2146 3313 2157 3329 ‚
2182 3288 2318 3333 quibus

1380 3346 1442 3380 per
1457 3335 1487 3369 se
1500 3346 1686 3381 operatur,
1699 3348 1738 3372 ac
1755 3338 1916 3384 proxime
1931 3337 2054 3383 recipit
2070 3339 2316 3384 operationes,

1378 3385 1401 3419 {i
1416 3384 1470 3420 liis
1483 3385 1720 3422 mediantibus
1733 3388 1877 3423 uniatur
1893 3385 2038 3432 objeeto
2051 3386 2216 3422 beatifico
2234 3413 2244 3429 ‚
2262 3397 2316 3422 at-

1379 3446 1450 3481 que
1463 3435 1596 3471 talibus
1608 3438 1640 3472 in
1657 3439 1926 3483 operationibus
1941 3438 2126 3473 beatitudo
2138 3437 2315 3480 consistat,

1380 3485 1590 3530 utiqueipsa
1617 3489 1680 3522 erit
1720 3488 1897 3535 complete
1924 3488 2026 3522 beata
2046 3515 2058 3530 ,
2080 3498 2187 3533 atquc
2213 3499 2316 3534 proe-

1382 3536 1490 3570 mium
1513 3535 1691 3573 essentiale
1713 3537 1901 3584 repensum
1924 3538 2138 3583 intelligitur
2180 3538 2231 3572 illi
2266 3539 2316 3574 ob

1379 3586 1605 3630 operationes
1633 3588 1767 3634 quibus
1782 3589 1948 3635 proxime
1976 3589 2104 3623 meruit
2129 3613 2137 3623 .
2160 3587 2212 3622 Ut
2244 3590 2318 3636 pri-

1381 3646 1477 3670 mum
1494 3646 1577 3670 vero
1606 3638 1676 3684 ipsa
1708 3639 1849 3685 corpori
1872 3639 2035 3674 reunitur
2051 3663 2062 3679 ,
2083 3647 2184 3673 totus
2206 3638 2316 3675 homo

1383 3684 1609 3721 beatificatur
1625 3715 1633 3729 ‚
1657 3688 1960 3735 quemadmodum
1978 3688 2012 3723 8(
2026 3689 2154 3724 meruit
2179 3701 2188 3724 ε
2212 3689 2316 3725 causa

2371 1017 2601 1058 Qiaesitumi'lioe
2634 1002 2637 1040 ¹³

2371 1058 2467 1086 exafflt
2499 1067 2602 1096 expen-

2371 1095 2446 1124 ditur
2460 1096 2502 1126 bic
2517 1105 2533 1124 a
2545 1099 2601 1126 Va·

2372 1133 2459 1162 leutia
2471 1154 2480 1163 .

2391 1172 2511 1207 Videtidi
2521 1174 2601 1203 Confi
2632 1154 2635 1190 *A

2371 1209 2530 1240 troverfistae
2538 1232 2549 1246 ‚
2574 1212 2603 1240 8(

2392 1249 2510 1285 raecipue
2539 1248 2604 1279 Bel·
2631 1271 2633 1273 -

2573 1288 2602 1317 ες
2630 1291 2633 1309 J

2383 1289 2452 1316 armi
2457 1296 2505 1315 nus
2527 1305 2538 1320 ‚

2370 1325 2494 1356 nonnihil
2517 1326 2603 1355 attin-

2370 1367 2444 1405 gitur
2469 1373 2484 1392 a
2515 1363 2604 1408 magi·
2629 1385 2631 1388 .

2373 1405 2427 1433 stro
2441 1402 2563 1441 Hiquaeo
2575 1411 2602 1432 in

2371 1443 2504 1471 Commt.
2528 1440 2562 1470 ad
2573 1449 2604 1479 q-

2372 1489 2401 1518 3.
2409 1479 2470 1509 dist.
2478 1487 2527 1516 49.
2535 1488 2566 1517 4.

2400 2525 2512 2562 Qiodl.
2524 2535 2553 2566 q.
2562 2534 2596 2560 9.

2361 2572 2390 2592 ιι.
2401 2573 2446 2601 14.

2351 3669 2382 3696 4.
2394 3659 2421 3689 d.
2434 3668 2482 3707 39.
2493 3672 2526 3701 q.
2536 3670 2578 3699 ¹3·

2352 3699 2579 3733 §.Adsecuna‘um

1384 3739 1694 3784 autempraecipua
1709 3737 2060 3774 merendiestvolitio
2087 3739 2198 3775 libere
2220 3741 2319 3776 elici·
2347 3738 2522 3776 principale,
2549 3741 2577 3767 V«

1384 3796 1418 3821 ta
1433 3811 1444 3826 ‚
1465 3786 1498 3821 8(
1512 3785 1612 3822 aetus
1625 3788 1787 3834 imperati
1803 3799 1863 3836 per
1879 3800 1954 3823 eam
1973 3814 1983 3830 ‚
2003 3789 2052 3824 ita
2069 3790 2101 3825 &
2128 3790 2318 3826 beatitudo

1384 3836 1427 3872 ad
1442 3846 1572 3884 corpus
1589 3838 1796 3875 extenditur
1811 3864 1824 3881 ,
1846 3838 2020 3887 perquod
2045 3840 2211 3879 voluntas
2232 3842 2321 3877 exiit

2161 3903 2199 3928 in
2213 3902 2274 3928 va—

2352 3775 2405 3804 „Ad
2440 3777 2582 3815 prohetia-2

2354 3822 2419 3843 nem
2430 3831 2442 3844 ·
2579 3818 2582 3870 J

2579 3873 2580 3893 l

2576 3938 2579 4016 l

2575 4038 2577 4054 l

2574 4062 2576 4077 l
