2628 4011
151 704 244 738 Magn
251 718 260 728 .
269 700 298 730 d.
305 707 314 726 i
321 706 352 727 τ.

151 750 214 775 eap-
246 735 352 777 CbrFstO

152 786 267 810 dunno

148 1468 250 1497 Gratia
270 1466 349 1506 priut

152 1515 262 1535 creatur
271 1525 280 1540 ,
292 1506 345 1542 qu&

148 1545 244 1572 animae
257 1544 346 1573 infun·

148 1582 228 1612 datur
241 1601 251 1611 .

466 94 563 137 154
1078 85 1258 130 Summa?
1291 80 1480 149 Joamzis
1511 86 1640 131 Duns
1670 86 1787 132 Scoti

387 147 471 182 illud
488 173 499 190 ,
527 149 725 193 secundum
739 148 834 196 quod
852 148 1047 186 substantia
1061 164 1198 197 quanta
1212 164 1330 187 muta-

388 207 470 256 tur,
500 200 534 235 8<
565 210 721 245 augetur
750 223 763 244 ‚
791 196 962 238 sumendo
986 213 1117 249 augere
1145 202 1332 250 metapho-

387 259 459 285 rice
473 274 485 286 .

489 299 894 346 Supponendotamen,
923 301 1025 349 quod
1052 301 1097 337 ad
1112 301 1253 339 intendi
1281 301 1335 337 se·

390 360 527 395 quatur
538 352 674 386 mutarn·
703 353 844 400 proprie
861 379 870 393 ,
890 352 1069 396 dicimus,
1097 353 1243 388 sormam
1265 353 1332 387 hac

388 402 526 435 ratione
541 413 609 436 non
626 402 785 444 intendi,
813 413 879 438 nec
891 405 1015 448 augeri
1030 430 1039 445 ‚
1069 406 1156 451 quia
1170 416 1240 437 non
1257 415 1333 437 mu-

388 460 513 485 tatur:
539 451 608 491 Sed
626 449 737 489 forma
751 451 937 497 praeditum
954 479 963 494 ,
989 453 1056 490 esse
1070 453 1261 489 dicendum
1279 453 1333 486 in·

387 501 534 536 tendi&
553 504 682 538 mutari
695 501 889 540 secundum
901 503 1008 552 ipsam
1021 519 1032 548 ;
1045 517 1120 551 quo
1131 503 1235 551 ρειέὶο
1249 502 1333 538 cha-

389 551 533 586 ritatem
561 551 697 588 intendi
723 552 820 588 aliud
847 566 916 590 non
936 554 1009 597 est,
1035 567 1146 602 quam
1176 554 1331 587 animam

389 601 565 639 charitate
580 612 740 639 ornatam
757 601 948 639 secundum
966 617 1041 640 eam
1062 604 1218 640 intendi·
1253 604 1334 637 Un-

390 653 434 688 de
467 654 556 690 dicit
592 653 843 695 Augustinus,
873 654 989 691 Trafli
1014 668 1047 698 9.
1085 655 1189 702 ficper
1216 651 1332 700 Epiff.

393 704 527 752 Joami.
545 703 712 739 Charitas
726 715 796 738 non
810 704 935 740 crescit
951 731 960 746 ,
990 704 1046 741 sed
1062 705 1173 740 homo
1192 704 1330 738 habens

390 766 464 791 earn
488 753 638 796 crescit,
663 752 856 789 secundum
884 753 1010 801 ipsam.
1040 759 1182 792 Nomen
1211 764 1332 788 tamen

389 805 600 843 mutationis
624 804 773 838 diversis
833 802 1069 841 diversimode
1105 804 1331 841 attribuitur.

388 857 483 893 Nam
499 855 607 890 alicui
634 852 847 889 attribuitur
875 866 914 890 ut
938 857 1091 891 termino
1116 856 1233 902 primo
1253 880 1263 896 ,
1291 861 1334 887 ut

387 915 470 942 cum
487 906 620 942 dicitur
637 902 873 949 compofl·um
887 905 986 950 gigni
1011 907 1044 942 Sc
1069 907 1199 942 mutari
1215 930 1225 939 .
1255 903 1334 941 Ali·

390 953 680 1000 cuiutsubjefto
695 980 706 995 ,
728 963 766 990 ut
790 952 950 991 dicentes
968 983 978 997 ‚
1009 957 1157 1000 materia
1182 965 1333 1002 genera-

391 1016 452 1042 tur
469 1031 478 1041 .
506 1008 558 1043 Ita
575 1007 608 1040 in
623 1004 706 1041 casu
719 1028 730 1046 ,
755 1008 1003 1049 augmentatio
1017 1006 1154 1043 dicitur
1167 1007 1334 1053 aliquan·

390 1056 491 1094 dode
503 1054 666 1103 subjefto
690 1059 1016 1101 augmentationist
1043 1057 1263 1107 quandoque
1290 1053 1335 1089 de

392 1108 530 1149 forma,
551 1117 591 1142 ut
613 1106 780 1154 proximo
813 1106 1024 1155 formalique
1047 1107 1334 1156 {augmentatio—

390 1159 447 1196 nis
475 1158 648 1195 termino.
677 1157 758 1193 Hac
781 1155 934 1196 secunda
960 1160 1171 1207 acceptione
1201 1158 1332 1198 dicitur

382 1207 678 1251 formaintendi‚
703 1207 907 1252 &mutari‚
934 1211 1052 1259 primo
1075 1209 1183 1246 modo
1208 1205 1334 1255 subje-

386 1259 488 1300 &um
501 1257 582 1305 ejus
602 1284 612 1296 .
1279 1259 1284 1263 “

488 1308 548 1346 Ad
578 1309 752 1353 tertium,
779 1308 1050 1348 concedendum
1078 1309 1128 1355 est
1157 1307 1332 1357 composi-

387 1368 465 1396 tum
477 1360 592 1407 primo
607 1362 794 1408 generari,
823 1373 862 1397 ut
880 1362 996 1398 anima
1016 1362 1121 1398 chara
1151 1361 1200 1397 est
1218 1388 1228 1403 ,
1250 1369 1333 1406 quae

387 1409 514 1447 crescit
528 1412 563 1446 in
575 1421 771 1456 augmento
784 1410 970 1450 charitatis
986 1437 995 1447 .
1025 1415 1067 1448 Et
1083 1423 1165 1449 cum
1182 1411 1346 1449 dicitur3-

387 1472 476 1505 ergo
490 1460 644 1497 charitas
658 1472 730 1496 non
753 1472 922 1499 creatur.
953 1463 1148 1511 Responsio
1163 1487 1175 1504 ,
1205 1460 1333 1500 codem

388 1511 535 1546 instanti
549 1513 718 1557 temporis
731 1523 832 1558 ,quo
842 1512 1000 1550 charitas
1021 1515 1076 1550 vel
1104 1512 1219 1559 gratia
1232 1522 1334 1547 crea-

387 1571 446 1597 tur
461 1587 472 1603 ,
496 1560 700 1597 infunditur
712 1563 837 1598 animae
855 1563 891 1598 in
905 1565 974 1599 alio
992 1573 1110 1600 tamen
1128 1573 1236 1610 atque
1263 1561 1335 1600 alio.

386 1610 698 1647 nauraeinstantl:
728 1615 825 1650 Nam
837 1612 936 1659 prius
951 1623 1078 1648 natura
1097 1616 1207 1658 gratia
1237 1622 1335 1646 crea·

384 1671 446 1696 tur
464 1684 473 1700 ,
498 1671 608 1706 quam
626 1662 752 1696 animae
769 1662 984 1698 infundatur
1000 1687 1010 1704 ,
1037 1664 1119 1705 licet
1153 1662 1186 1697 id
1217 1671 1336 1703 toturn

383 1720 458 1746 uno
474 1708 678 1745 durationis
691 1709 836 1747 instanti
864 1723 1080 1760 peragatur,
1111 1714 1236 1762 Quare
1265 1709 1334 1745 du-

382 1759 467 1807 plex
484 1760 530 1795 ibi
547 1758 596 1795 est
614 1761 917 1807 mutatiogaltera
941 1776 959 1798 a
973 1774 1042 1799 non
1059 1761 1125 1812 effe
1152 1761 1337 1804 charitatis

382 1810 424 1845 ati
441 1808 506 1856 effe
516 1807 677 1856 ejusdem
699 1822 710 1845 ε
734 1823 851 1856 eaque
865 1812 914 1856 est
929 1814 1065 1849 creatio
1082 1840 1090 1851 ,
1120 1812 1153 1850 St
1172 1822 1242 1847 non
1259 1822 1337 1846 mu-

382 1860 474 1895 tatio
491 1862 636 1907 proprie
649 1857 741 1895 dieta
757 1884 769 1904 ,
795 1861 881 1908 quia
896 1861 984 1905 nihil
1001 1859 1245 1909 pr'aesupponit
1271 1869 1336 1895 nec

380 1919 559 1952 naturam,
575 1921 638 1946 nec
655 1907 856 1956 subjeRum
869 1910 950 1958 ejus
967 1911 1338 1957 susceptivmn:altera

384 1961 435 1997 est
450 1961 605 1996 mutatio
619 1973 635 1994 a
651 1959 815 2008 subjeeto
833 1975 902 1999 non
917 1962 1027 1998 charo
1040 1961 1084 1998 ad
1095 1960 1162 1999 esl‘e
1173 1961 1337 1997 charum:

385 2024 462 2060 quo
478 2010 584 2056 paeto
601 2021 762 2053 mutatur
777 2014 943 2055 anima;at
958 2013 1034 2049 haec
1048 2014 1189 2050 nutatio
1201 2023 1271 2048 non
1287 2010 1336 2046 est

384 2061 590 2105 simpliciter
604 2062 739 2097 creatio
754 2087 766 2104 ,
796 2064 932 2112 quippe
948 2075 1028 2111 quai
1059 2061 1335 2109 susceptivum-³

391 2111 495 2160 presu
507 2122 640 2156 pponat
670 2124 680 2153 ς
706 2113 933 2161 quapropter
945 2116 1104 2151 mutatio
1121 2114 1196 2148 haec
1215 2111 1338 2160 βαίη.

384 2160 567 2209 dumquid
582 2158 652 2197 dici
668 2163 780 2205 potest
796 2167 981 2206 generatio
998 2191 1010 2207 ,
1038 2164 1072 2209 8ς
1099 2174 1214 2198 totum
1239 2174 1336 2197 com-

384 2213 502 2262 positu
512 2209 744 2256 msecundum
759 2214 849 2260 quid
858 2216 1021 2262 generati
1035 2211 1334 2259 nonsimpliciter:

385 2262 568 2310 Siquidem
583 2259 779 2298 substantia
792 2290 802 2306 ,
831 2277 880 2312 qu
895 2279 911 2300 ε
926 2264 976 2301 est
994 2266 1170 2308 terminus
1186 2275 1337 2308 genera-

383 2313 490 2351 tionis
503 2338 513 2354 ,
538 2311 675 2357 praefuit
697 2339 707 2353 ‚
733 2324 771 2349 ac
788 2313 1076 2362 proesupponitiir
1089 2313 1197 2359 ipsius
1211 2315 1334 2357 gratiae

385 2362 555 2401 insu‘ioni
587 2371 597 2399 Ξ
628 2373 823 2406 generatur
847 2366 971 2414 itaque
1001 2392 1011 2407 ‚
1043 2377 1081 2401 ur
1107 2364 1241 2399 dietum
1270 2363 1334 2404 est,

377 2412 675 2498 βττιὲιίιιωιῳιὶᾰ
687 2426 814 2464 nempe
827 2413 1024 2454 secundum
1040 2413 1106 2461 effe
1120 2426 1282 2464 gratum,
1299 2414 1334 2449 3:

387 2475 463 2501 acci
493 2474 569 2498 enta
589 2476 606 2498 e
627 2488 637 2499 .

541 2560 1052 2611 ARTlCULUS
1114 2564 1185 2610 ΙΙΙ,

471 2660 604 2700 Vtrum
619 2665 774 2713 quilibet
789 2665 889 2712 astus
902 2679 1032 2714 augeat
1047 2666 1217 2706 hamum
1234 2691 1245 2711 2

435 2760 567 2800 Dosior
588 2774 618 2799 t.
636 2763 670 2799 d.
693 2775 768 2812 3.q.
783 2767 818 2803 6.
833 2782 866 2805 n.
890 2781 950 2818 ²9·
979 2771 1017 2807 in
1046 2767 1194 2818 Report.
1215 2764 1286 2811 ibi·

488 2811 567 2848 dem
578 2813 698 2862 quaest.
715 2828 749 2862 5.
763 2829 785 2852 n
817 2830 871 2861 tt.
885 2822 925 2855 S.
964 2821 1083 2858 Thom.
1106 2834 1134 2866 ‚¹-
1150 2832 1182 2856 2.
1197 2830 1235 2869 q.

767 2877 913 2919 52.art.
928 2882 962 2925 3.

390 2960 494 3053 V
514 2964 658 3002 ldentur
672 2966 772 3005 aaus
784 2970 996 3018 quicunque
1009 2984 1140 3018 augere
1151 2973 1335 3018 habitum,

522 3030 538 3050 a
551 3029 626 3063 quo
642 3016 718 3052 sunt
733 3045 741 3053 .
771 3022 866 3057 Nam
882 3020 939 3056 seu
953 3021 1083 3071 species
1100 3023 1335 3070 intelligibilis

388 3066 427 3101 fit
447 3068 590 3104 babitus
605 3070 748 3113 proprie
762 3095 772 3111 ,
799 3069 858 3106 seu
877 3084 948 3115 non
964 3100 974 3115 ,
1001 3072 1070 3120 ipsa
1103 3074 1336 3110 nihilominus

387 3115 533 3164 suscipit
547 3118 661 3166 magis
678 3121 708 3156 Sc
729 3120 849 3157 minus
866 3149 876 3164 ,
901 3133 941 3157 ac
966 3124 1073 3159 menti
1097 3125 1337 3160 indelebiliter

387 3166 535 3202 inhaeret
565 3195 574 3204 .
619 3168 736 3216 Atqui
765 3168 897 3217 species
922 3172 997 3209 haec
1040 3174 1236 3210 intenditur
1274 3185 1336 3219 per

387 3218 589 3264 quamlibet
604 3222 875 3258 conversionem
890 3223 1092 3260 intellefilus
1110 3225 1152 3260 ad
1171 3221 1336 3272 phantas-

391 3278 560 3310 mata,ex
575 3272 709 3318 quibus
732 3283 878 3315 accepta
904 3273 997 3315 fuit;
1019 3286 1107 3319 ergo
1120 3277 1251 3321 pariter
1276 3285 1337 3322 per

388 3319 588 3365 quemlibet
605 3321 724 3356 aetum
741 3323 888 3359 habitus
906 3325 1107 3360 intenditur
1124 3351 1135 3367 ,
1162 3336 1242 3360 cum
1263 3337 1338 3361 ver.

388 3368 484 3404 satur
497 3373 592 3406 circa
605 3370 790 3417 objeeturn
805 3401 814 3412 ,
835 3374 878 3408 ad
894 3375 995 3422 quod
1013 3377 1158 3413 habitus
1173 3376 1337 3413 inclinat.

493 3420 665 3457 Praeterea
682 3449 692 3464 ‚
723 3423 919 3460 eA‘rticqu
931 3425 1087 3473 secundo
1101 3437 1337 3474 exponentes,

389 3468 558 3506 habitum
577 3473 702 3517 augeri
717 3485 780 3520 pei·
792 3473 1013 3513 additionem
1029 3477 1161 3522 gradus
1188 3475 1231 3511 ad
1257 3490 1337 3522 pra-

389 3520 474 3557 dum
490 3523 773 3568 praeexistentem
791 3526 974 3561 attulimus
988 3529 1151 3574 exempla
1177 3526 1220 3563 de
1246 3529 1337 3564 duo·

390 3572 458 3607 bus
475 3571 672 3609 luminibus
695 3575 916 3620 aequalibus,
942 3579 976 3614 8<
1004 3577 1146 3615 duobus
1171 3579 1337 3625 ponderi-

391 3622 459 3657 bus
473 3624 618 3668 patibus
632 3637 646 3666 ;
677 3635 757 3670 quae
775 3624 795 3659 si
815 3625 848 3660 in
864 3639 972 3663 unum
987 3628 1184 3666 coalescant
1199 3628 1237 3665 fit
1249 3630 1335 3675 quid

392 3673 512 3719 majus
528 3700 538 3715 ,
568 3675 601 3710 8<
620 3675 755 3711 etiamsi
772 3674 923 3724 disparia
942 3678 1028 3720 sint,
1052 3681 1144 3716 idem
1159 3681 1335 3728 sequitur,

393 3721 451 3758 sed
470 3724 569 3760 aetus
596 3736 718 3762 omnes
735 3725 778 3762 dc
793 3728 917 3765 eudem
943 3728 1068 3766 habitu
1097 3732 1335 3779 procedentes

1403 153 1486 190 suvit
1502 152 1629 191 similes
1648 169 1660 196 3
1684 168 1770 201 ergo
1795 169 1866 203 qua
1882 158 2020 193 ratione
2047 156 2192 194 habitus
2206 159 2249 194 ab
2274 171 2347 195 uno

1405 204 1751 250 velaliquoillorum
1769 219 1960 254 generatur
1978 233 1986 247 ‚
2013 206 2135 242 cadem
2161 209 2193 243 ἃ
2221 219 2346 245 omnes

1408 255 1558 291 ininius
1574 267 1810 301 augmentum
1839 260 1989 294 influant
2011 267 2155 302 oportet
2173 284 2181 292 .

1511 307 1682 342 Praeterea
1694 335 1707 351 ‚
1742 308 1898 345 Eatenus
1912 308 2010 344 iustus
2021 307 2184 342 habitum
2201 310 2346 353 gignere

1404 355 1668 402 perhibentur,
1698 359 2053 408 quatenusipsorum
2079 358 2346 395 similitudinem

1406 408 1442 442 in
1458 407 1620 454 potentia
1634 407 1845 455 relinquunt
1859 437 1871 452 ,
1890 423 1936 446 ex
1959 421 2033 456 qua
2067 409 2273 455 frequenter
2293 420 2347 444 re-

1407 459 1516 503 petita
1529 455 1727 494 innascitur
1739 482 1750 499 ,
1773 469 1882 507 atque
1895 459 2173 495 inhaeretanimae
2184 457 2348 495 habilitas

1406 504 1847 554 quaedamdeterminans,
1875 510 2097 546 &inclinans
2125 510 2277 543 animam
2303 509 2348 544 ad

1408 558 1511 593 aetus
1538 556 1735 593 consimiles
1761 559 1999 595 eliciendum.
2026 560 2350 605 Sedquicunque,

1408 607 1510 647 aSius
1535 604 1688 650 idipsum
1717 607 1881 653 praestat,
1903 620 1983 643 cum
2014 608 2221 644 naturaliter
2247 619 2345 652 agat,

1406 668 1493 703 ergo
1507 656 1659 702 quilibet
1673 669 1748 693 eam
1767 669 1876 704 auget
1900 658 2149 700 habilitatem,
2179 659 2214 695 8<
2244 656 2349 695 habi·

1408 718 1485 743 tum
1499 704 1646 741 subinde
1662 732 1675 742 .

1506 757 1644 798 Contra
1660 783 1670 798 ,
1697 758 1752 795 Ex
1764 767 1838 795 art.
1855 770 1889 805 3.
1902 756 2175 807 quaesi.praeced.
2188 758 2348 795 Habitus

1408 818 1449 843 ut
1461 806 1655 853 plurimum
1667 820 1738 845 non
1754 819 1946 856 generatur
1959 820 2020 853 per
2046 811 2194 844 unicum
2211 810 2348 850 aetum,

1408 858 1472 894 nili
1493 859 1527 893 in
1547 855 1610 893 suo
1631 859 1755 896 ordine
1781 859 1821 896 fit
1847 857 2116 906 perfeftifl'imus
2135 872 2147 896 z
2170 871 2257 904 ergo
2284 871 2347 894 nec

1407 909 1620 956 quicunque
1637 907 1802 947 habitum
1817 920 1950 956 augere
1966 909 2080 956 potest
2098 938 2110 954 ,
2136 909 2193 946 sed
2208 919 2351 945 tantum

1406 958 1668 1008 perfefflffimi.

1508 1008 1725 1057 Respondeo
1737 1009 1929 1049 dicendum
1942 1011 2140 1055 ,Habitum
2155 1023 2227 1047 non
2239 1022 2349 1055 auge·
2492 1049 2499 1057 ‚

1406 1061 1438 1095 ti
1450 1072 1512 1106 per
1526 1061 1645 1097 aetum
1658 1072 1937 1112 quemcunque.
1968 1061 2174 1099 Declaratio
2193 1075 2202 1097 :
2228 1064 2265 1098 in
2279 1062 2348 1104 his,
2368 1048 2583 1120 degbed'zE

1405 1122 1489 1158 quae
1502 1109 1697 1158 suscipiunt
1711 1115 1822 1158 magis
1835 1117 1866 1151 8<
1882 1116 2000 1151 minus
2012 1140 2024 1157 ,
2040 1115 2094 1149 uti
2107 1111 2184 1147 sunt
2199 1114 2346 1150 habitus
2379 1100 2447 1165 zipqt..
2460 1108 2486 1160 ς’.
2499 1097 2569 1155 i⁷unc

1406 1173 1481 1198 non
1497 1163 1651 1209 quilibet
1667 1163 1823 1201 acceffus
1839 1164 2003 1212 ejusdem
2030 1164 2177 1201 rationis
2206 1162 2347 1213 pra-stat
2379 1175 2464 1211 vocat
2490 1174 2559 1211 (ψη

1405 1214 1686 1251 incrementum:
1710 1219 1809 1254 Nam
1823 1216 1885 1252 nisi
1902 1217 2004 1253 a6his
2019 1217 2153 1251 virtute
2169 1216 2351 1252 contineat
2382 1214 2495 1249 monem
2515 1212 2575 1269 “⁶2⁰⁶

1407 1263 1572 1307 habitum
1585 1264 1861 1311 jaminduetum
1882 1291 1893 1309 ,
1915 1267 2064 1303 influere
2079 1278 2149 1302 non
2177 1265 2291 1315 potest
2317 1266 2351 1300 in
2382 1252 2582 1316 ἓξηίξὲἰωί.

1407 1326 1642 1361 augmentum
1654 1315 1798 1354 habitus
1816 1317 1881 1356 iam
1895 1318 2055 1364 generati
2071 1343 2079 1352 .
2108 1315 2354 1364 Quemadmo-
2384 1321 2418 1365 51:
2446 1319 2582 1365 habifibue

1408 1367 1494 1403 dum
1511 1379 1576 1403 nec
1599 1379 1728 1414 aquam
1758 1369 1912 1404 calidam
1937 1368 2099 1403 modicus
2132 1368 2224 1411 ignis
2247 1366 2353 1402 efficit
2385 1359 2490 1386 infans:
2514 1357 2581 1423 532}

1407 1418 1617 1461 calidiorem
1633 1444 1644 1460 ,
1671 1417 1726 1453 sed
1741 1419 1838 1455 calor
1855 1419 2071 1454 intensiorid
2087 1418 2170 1453 facit
2185 1441 2197 1460 ‚
2225 1427 2354 1462 nempe
2382 1405 2582 1471 ξζζᾚζῑέἑυο,

1407 1471 1507 1507 ,calor
1521 1495 1530 1511 ,
1549 1470 1616 1515 qui
1629 1470 1764 1504 virtute
1777 1471 1936 1505 continet
1951 1470 2106 1504 calorem
2133 1466 2228 1514 palso
2258 1478 2355 1501 com·
2385 1472 2421 1501 ad
2433 1472 2581 1511 acquititos

1409 1521 1633 1556 municatum
1652 1543 1662 1559 ,
1692 1519 1752 1554 cui
1766 1518 1915 1558 subinde
1927 1519 2056 1564 addere
2074 1517 2188 1564 potest
2212 1518 2356 1552 alium-2

1408 1569 1559 1617 gradum
1578 1593 1588 1599 -
1616 1571 1743 1615 Quare
1760 1569 1862 1607 aelus
1874 1569 1911 1604 in
1923 1579 2079 1614 quorum
2095 1568 2228 1602 virtute
2255 1566 2353 1601 habi-

1410 1630 1468 1655 tus
1483 1629 1554 1654 non
1573 1618 1783 1654 continetur
1800 1619 1834 1655 8:
1847 1619 1987 1654 interim
2004 1616 2047 1653 de
2073 1616 2202 1652 habitu
2232 1627 2355 1663 proce-
2385 1608 2583 1676 {Ida-”33⁷3

1408 1669 1537 1706 dentes
1558 1693 1570 1710 ‚
1592 1679 1656 1703 nec
1680 1667 1729 1703 iili
1753 1667 1900 1705 subinde
1924 1668 2122 1714 quicquam
2147 1666 2354 1708 intensionis
2383 1667 2468 1716 di'co.
2501 1659 2561 1678 ‘¹¹‘

1408 1719 1582 1759 addentes
1597 1744 1605 1756 ,
1635 1719 1833 1763 procedunt
1848 1731 1893 1754 eit
1907 1716 2130 1763 plenitudine
2142 1717 2289 1753 habitus
2303 1727 2354 1751 ta-

1410 1771 1483 1807 liin
1501 1767 1612 1813 gradu
1632 1766 1780 1812 perfeffi
1798 1794 1807 1808 ‚
1832 1768 1887 1803 sed
1901 1769 1985 1814 quia
2005 1766 2117 1814 ipsum
2148 1767 2352 1804 virtualiter

1408 1830 1481 1856 non
1496 1818 1679 1853 continent
1697 1817 1861 1862 habiturn
1874 1845 1886 1862 ,
1913 1818 1995 1861 ideo
2005 1828 2070 1853 nec
2088 1817 2202 1867 ipsum
2221 1828 2352 1862 augere

1412 1878 1555 1917 queunt
1571 1892 1584 1912 9
2103 1871 2105 1873 ’

1511 1919 1568 1959 Ad
1590 1930 1802 1965 argumenta
1832 1946 1842 1956 .
1882 1919 1942 1958 Ad
1963 1921 2117 1967 primum
2144 1915 2355 1965 respondeo,

1406 1981 1477 2011 non
1488 1970 2016 2017 quamli'oetconverfionemad
2030 1969 2277 2016 phantasmata
2291 1966 2347 2016 spe
2407 1978 2449 2007 Ex
2467 1977 2587 2016 Reporr.

1405 2021 1496 2056 ciem
1526 2021 1788 2066 intelligibilem
1814 2033 1947 2067 augere
1969 2046 1978 2055 .
2008 2021 2104 2068 Q³
2121 2043 2134 2062 ‚
2155 2031 2196 2056 ut
2219 2020 2355 2056 dietum
2389 2015 2443 2046 ²⁰⁶·
2454 2018 2558 2046 citato.

1404 2070 1455 2114 est
1473 2099 1481 2113 ‚
1507 2070 1641 2118 gradus
1659 2071 1853 2108 adveniens
1868 2084 1938 2110 non
1955 2073 2106 2107 intendit
2122 2071 2270 2107 sormam
2285 2082 2358 2105 ma-

1404 2122 1461 2168 gis
1476 2123 1508 2158 8<
1524 2123 1639 2161 minus
1655 2121 1980 2171 suscipientem-ulfi
1994 2123 2027 2156 in
2048 2119 2080 2156 se
2109 2121 2277 2156 intensior
2303 2119 2358 2161 fit,

1404 2184 1512 2218 quam
1526 2170 1659 2216 gradus
1679 2173 1738 2208 cui
1767 2172 1935 2211 advenit.
1969 2172 2128 2208 Tantum
2157 2184 2245 2218 ergo
2272 2172 2356 2209 ille,

1403 2221 1538 2269 gradus
1555 2221 1708 2259 intendit
1727 2222 1875 2267 speciem
1892 2223 2153 2269 intelligibilem
2168 2250 2180 2265 ,
2206 2223 2268 2270 qui
2285 2224 2359 2256 vir-

1403 2274 1717 2312 tualitercontiiiet
1734 2273 1894 2310 habitum
1924 2272 2171 2322 perfefftiorem
2189 2300 2200 2314 ‚
2232 2274 2263 2307 ἃ
2290 2274 2356 2319 q·.i

1404 2335 1510 2359 natus
1524 2321 1573 2365 est
1591 2335 1651 2372 pei·
1664 2323 1782 2361 afliim
1794 2325 1961 2361 habitum
1981 2321 2226 2372 perfectiorem
2245 2336 2324 2369 genx
2335 2342 2353 2351 -

1405 2386 1509 2410 rare:
1537 2375 1681 2411 evenire
1698 2387 1785 2423 ergo
1798 2374 1912 2424 potest
1929 2387 1968 2410 ut
1986 2372 2190 2410 {melleet-:s
2219 2374 2353 2418 pluries

1402 2425 1445 2459 ad
1461 2424 1704 2470 phantasmata
1717 2436 1954 2463 convertatur
1965 2426 2054 2461 citra
2068 2436 2175 2460 omne
2188 2435 2355 2470 augmen,

1403 2485 1481 2510 tum
1498 2474 1629 2520 speciei
1646 2476 1883 2524 intelligibilis
1897 2503 1909 2519 ,
1930 2488 2012 2523 quae
2027 2488 2072 2512 ex
2090 2474 2158 2510 illis
2186 2473 2352 2523 phantass

1404 2526 1562 2569 [natibus
1577 2536 1719 2572 accepta
1737 2527 1785 2563 est
1801 2551 1812 2562 .

1506 2577 1562 2612 Ad
1580 2575 1776 2613 secundum
1792 2577 1946 2613 dicimus
1960 2599 1973 2618 ‚
1997 2578 2159 2621 exempla
2177 2584 2248 2612 art.
2262 2584 2353 2624 prce-

1402 2626 1467 2663 ct't.
1479 2628 1582 2663 allata
1599 2627 1796 2664 nonfacere
1811 2638 1934 2663 contra
1965 2625 2171 2672 praesentem
2198 2625 2348 2662 solutio-

1403 2688 1483 2713 nem
1502 2702 1511 2712 .
1541 2680 1636 2721 Nam
1651 2676 1980 2724 adintelligendum
1996 2703 2006 2717 ,
2031 2688 2103 2723 qua
2131 2679 2270 2714 ratione
2301 2691 2347 2715 ex

1402 2728 1547 2764 duobus
1561 2725 1731 2776 gradibus
1751 2728 1935 2774 unigeneis
1951 2725 2011 2761 fiat
2022 2740 2134 2763 unum
2151 2727 2268 2773 majus
2284 2728 2351 2765 sin·

1402 2778 1496 2825 gulis
1508 2778 1857 2824 gradibus‚diximus
1872 2805 1883 2822 ,
1905 2777 1940 2812 id
1955 2779 2107 2823 intelligi
2124 2777 2217 2826 posse
2229 2791 2352 2815 exem-

1402 2831 1466 2877 plo
1479 2829 1633 2865 duorum
1651 2830 1829 2866 luminum
1848 2829 2039 2876 aequalium
2058 2854 2069 2871 ,
2097 2830 2278 2865 autetiam
2297 2831 2350 2864 in-

1403 2880 1597 2927 aequalium
1613 2905 1624 2922 ,
1647 2892 1693 2916 ex
1708 2881 1810 2927 queis
1826 2879 1934 2917 unitis
1947 2878 2103 2920 medium
2117 2878 2164 2915 est
2181 2878 2350 2917 intensius

1402 2929 1647 2966 illuminatum
1661 2957 1673 2974 ,
1688 2942 1727 2965 ac
1742 2932 1839 2978 prius
1856 2957 1865 2967 .
1894 2932 1937 2967 Et
1953 2930 1996 2963 ita
2013 2931 2091 2964 Deo
2102 2928 2255 2970 addente
2268 2943 2351 2976 gra-

1403 2980 1489 3016 dum
1502 2982 1658 3027 aliquem
1683 2980 1852 3016 charitati
1871 2979 2105 3030 praeexistenii
2125 3006 2134 3021 ‚
2162 2979 2220 3016 seu
2238 2983 2276 3018 fit
2295 2982 2349 3016 in-

1403 3029 1534 3066 tensior
1553 3057 1565 3074 ,
1587 3030 1647 3068 seu
1668 3030 2041 3069 minusintensusillis
2059 3057 2069 3073 ‚
2095 3027 2247 3068 charitas
2280 3033 2348 3067 fine

1402 3081 1517 3118 dubio
1529 3082 1672 3119 metior
1686 3093 1726 3118 ac
1742 3082 1910 3119 intensior
1924 3082 2136 3127 intelligitur
2149 3110 2158 3123 ,
2185 3095 2224 3118 ac
2241 3083 2347 3118 suerit

1404 3142 1504 3166 antea
1522 3157 1533 3165 .
1560 3131 1604 3178 Et
1628 3134 1677 3169 ita
1701 3133 1832 3181 pariter
1858 3133 2015 3168 eveniret
2037 3134 2073 3166 in
2094 3129 2278 3169 habitibus
2290 3143 2350 3168 ac·

1404 3182 1544 3228 qiiifitis
1563 3212 1571 3225 ‚
1598 3182 1618 3219 si
1636 3194 1697 3230 per
1715 3182 1833 3219 aShim
1851 3183 2047 3230 quemlibet
2076 3183 2206 3225 gradus
2243 3184 2346 3218 ailde-

1405 3243 1528 3273 rentur
1546 3261 1554 3268 .
1583 3235 1651 3271 Sed
1669 3246 1733 3271 nos
1744 3233 1961 3270 ostendimus
1983 3233 2017 3267 id
2040 3232 2116 3267 fieri
2145 3245 2215 3269 non
2237 3232 2347 3283 posse,

1405 3283 1464 3317 nifi
1483 3285 1584 3320 aelus
1602 3286 1737 3321 virtute
1764 3287 1971 3320 contineant
2002 3281 2164 3318 habitum
2195 3287 2348 3328 praeexi-

1406 3332 1576 3377 stentem,
1607 3336 1778 3382 Alioquin
1795 3335 1887 3370 enim
1907 3335 2028 3368 darent
2061 3334 2158 3380 quod
2186 3345 2256 3370 uon
2286 3337 2349 3371 ba-

1404 3385 1514 3420 bent:
1543 3386 1598 3422 sed
1620 3388 1752 3440 gradus
1782 3395 1904 3421 omnes
1930 3383 2117 3418 habituum
2146 3384 2348 3422 infuiorurn

1402 3437 1681 3473 continenturin
1699 3437 1833 3471 virtute
1848 3436 1967 3475 iilius,
1993 3435 2132 3479 quiens
2159 3438 2348 3480 elargitur,

1404 3497 1514 3528 atque
1531 3485 1636 3531 juxta
1660 3487 1801 3532 regulas
1820 3486 1887 3521 suae
1906 3485 2141 3531 providentie:
2161 3498 2264 3531 auget
2278 3515 2286 3523 .

1507 3538 1564 3573 Ad
1580 3539 1727 3574 tertium
1741 3536 1937 3584 respondeo
1955 3562 1966 3577 ,
1993 3536 2093 3572 aelus
2110 3537 2348 3584 praetedentes

1403 3584 1567 3622 habitum
1587 3614 1597 3630 ,
1629 3587 1734 3622 modo
1748 3587 1952 3635 frequenter
1981 3598 2188 3633 repetantur
2214 3601 2256 3625 ex
2289 3600 2350 3624 ve-

1406 3635 1518 3686 stigiis
1531 3637 1768 3674 similitudinis
1787 3640 1940 3685 iplorum
1958 3664 1968 3680 ,
1991 3639 2135 3682 gignere
2163 3641 2195 3674 in
2223 3649 2351 3686 poten-

1405 3689 1463 3724 tiis
1483 3689 1692 3735 qualitatem
1707 3715 1717 3731 ‚
1742 3701 1812 3733 qua
1829 3690 2020 3725 inclinatur
2038 3691 2194 3735 porentia
2209 3691 2250 3724 ad
2266 3702 2351 3725 con-

1408 3737 1536 3776 similes
1559 3739 1658 3776 afius
1682 3739 1934 3787 producendos
1952 3767 1961 3776 .
1991 3742 2040 3776 l-li
2066 3752 2152 3787 crgo
2179 3740 2278 3775 achis
2308 3740 2351 3776 dc

2176 3802 2301 3839 poten·

2381 291 2421 319 D.
2431 295 2460 318 6.
2487 300 2574 323 metz-
2614 311 2615 319 t

2379 328 2574 366 phy-quun&
2614 343 2615 360 l

2608 3297 2612 3338 i

2609 3352 2615 3385 l

2610 3390 2614 3447 l
