2628 4026
167 185 283 216 Eadetn*
310 181 367 212 do·

165 234 208 253 cet
216 224 255 252 rsit.
270 222 367 251 §.Do-

162 266 219 292 ἀοι·
245 264 279 289 de
312 269 366 288 vo·

165 303 273 331 luntate
290 300 365 326 libe-

162 350 191 370 re
218 345 243 368 le
272 338 362 375 iplam

173 382 364 408 determinan-

163 430 191 448 te
202 418 235 444 ad
245 420 362 452 praten·

167 466 236 487 [taut
250 452 363 487 objecti,

164 505 224 535 qux
249 493 362 521 Docmr

166 545 194 563 ε..
205 533 265 569 cust.
275 539 303 563 ις
314 530 360 557 -cJ'

163 585 193 609 9.
202 572 360 606 [metaph-q.

163 699 195 719 ι.
207 694 231 720 e.
242 688 358 715 §uene-

164 737 214 759 tur
225 744 235 756 ο

470 160 497 190 2
510 156 569 201 50
1024 147 1206 194 Summae

396 224 498 256 rum,
520 226 560 250 ut
588 212 788 259 ignorantia
810 210 1036 259 praecedens,
1067 214 1174 249 modo
1200 226 1269 253 non
1292 214 1331 248 fit

394 264 543 301 omnino
558 264 628 300 fine
640 264 769 311 culpa„
795 263 946 309 aliaeque
969 265 1176 309 ingruentes
1205 263 1331 311 paffio-

395 325 455 349 nes
468 342 479 357 ,
494 324 640 361 propter
656 326 745 362 quas
762 314 914 350 dicimur
929 326 1129 360 peccarecx
1143 316 1331 351 infirmita-

395 375 430 399 te
445 390 459 406 ,
488 366 520 401 8(
537 366 749 413 impotentia
767 391 778 405 ,
802 366 845 400 ils
868 364 1004 412 quippe
1025 367 1141 403 minus
1167 377 1332 413 potentes

396 417 600 452 invenimur
624 416 668 450 ad
680 414 904 452 resistendum
916 440 928 455 ,
942 414 1141 462 ejusmodi,
1160 419 1306 462 inquam
1321 444 1333 459 ‚

394 466 507 504 causae
535 466 592 504 vel
622 466 824 502 occasiones
844 467 965 512 potius
993 466 1160 501 minuunt
1178 493 1191 509 ,
1223 478 1334 512 quam

391 517 594 567 quidquam
607 517 800 565 gravitatis
815 516 943 551 addant
955 516 1111 564 peccatis
1123 541 1135 553 .

538 616 1045 655 ARTlcULUS
1105 617 1194 655 vll,

427 720 564 756 Vtrum
578 715 857 758 circumstantiae
874 728 1070 768 aggravent
1087 729 1275 764 peccatum
1293 742 1304 752 .

393 819 526 857 Doflor
542 820 666 866 2·d¹st·
681 830 718 865 7.
734 827 775 863 ς.
796 820 850 856 Ad
867 819 1081 855 solutionem
1099 817 1292 866 &dist.4o.
1309 818 1344 859 §.

521 869 580 909 De
605 871 784 908 secundo.
801 868 955 918 quodlib.
983 882 1018 917 q.
1039 870 1140 912 18.§.
1165 871 1220 907 De

648 921 764 971 primo
777 947 786 957 .
810 922 851 956 S.
870 920 987 956 Thom.
1009 932 1038 957 1.
1057 931 1094 958 z.

749 984 781 1025 q.
799 982 859 1023 73.
876 980 946 1007 art.
959 982 996 1019 7.

515 1069 667 1108 ldentur
713 1073 987 1112 circumstantiae
1023 1074 1156 1110 nullam
1184 1073 1343 1110 tribuere

526 1122 740 1168 gravitatem
757 1126 941 1171 peccatis;
967 1126 1098 1165 etenim
1111 1135 1236 1172 pecata
1261 1122 1339 1169 spe-

393 1177 486 1211 ciem
502 1173 534 1207 8(
554 1170 816 1211 distinffionem
831 1176 1010 1222 accipiunt
1029 1188 1048 1211 a
1067 1176 1222 1223 propriis
1237 1173 1339 1220 obje-

396 1225 485 1267 &is,
501 1224 594 1258 circa
623 1236 706 1270 quae
729 1227 1030 1268 committuntur,
1054 1227 1112 1263 vel
1137 1226 1243 1261 etiam
1260 1251 1271 1267 ,
1301 1236 1340 1259 ut

395 1277 577 1314 malumus
596 1299 606 1315 ‚
623 1275 658 1310 in
675 1275 798 1310 ordine
814 1275 857 1309 ad
874 1278 1053 1314 bonitates
1068 1277 1121 1312 vel
1154 1274 1339 1311 rectitudi-

396 1339 458 1363 nes
477 1350 488 1370 ‚
504 1335 594 1373 quas
607 1325 652 1359 ab
670 1323 808 1361 aetibus
825 1325 1020 1363 formaliter
1031 1325 1228 1362 excludunt
1246 1349 1258 1362 .
1271 1325 1340 1362 Sed

397 1375 675 1413 circumstantiae
690 1376 808 1411 aetum
821 1376 1064 1413 humanorum
1081 1402 1091 1418 ‚
1108 1376 1278 1413 accidunt
1290 1376 1340 1411 eis

396 1429 430 1464 8(
449 1427 530 1462 ideo
544 1425 819 1462 circumstantiae
838 1429 1064 1475 appellantur
1084 1439 1094 1467 ;
1114 1437 1200 1471 ergo
1216 1438 1340 1472 pecca-

392 1488 516 1513 torum
530 1478 690 1524 gravitas
703 1503 713 1518 ‚
731 1478 764 1511 in
782 1475 852 1523 ipsa
870 1489 912 1512 ex
925 1476 1079 1523 objeffis
1093 1476 1253 1512 derivata
1267 1488 1338 1512 non

392 1538 547 1576 augetur
559 1539 619 1575 per
634 1526 864 1563 advenientes
878 1528 1165 1564 circumstantias
1178 1553 1187 1562 .

493 1580 670 1615 Praeterea
690 1603 699 1617 ‚
732 1578 781 1611 Eo
794 1576 907 1624 usque
928 1577 975 1612 est
1002 1579 1099 1612 omni
1116 1587 1266 1623 peccato
1288 1578 1341 1611 in-

387 1627 538 1664 trinseca
552 1626 689 1663 averlio
704 1628 903 1663 voluntatis
923 1638 1048 1662 creatae
1062 1628 1189 1662 a‘bono
1205 1628 1342 1662 incom-

389 1678 581 1719 mutabili,
600 1677 686 1712 utin
704 1678 799 1711 omni
818 1689 969 1725 peccato
983 1679 1182 1722 reperiatur
1194 1703 1202 1712 .
1218 1679 1269 1713 Ex
1284 1678 1340 1712 di-

387 1730 452 1764 &is
470 1729 573 1775 supra
593 1739 626 1774 q.
641 1738 703 1773 72.
718 1735 790 1762 art.
815 1740 843 1763 ι.
861 1728 1192 1764 Converfioautem
1210 1728 1252 1763 ad
1278 1729 1342 1764 bo-

387 1791 471 1816 num
487 1779 742 1815 commutabile
755 1802 767 1820 ‚
798 1778 847 1813 est
864 1790 967 1815 extra·
979 1780 1150 1815 rationem
1177 1779 1336 1826 peccati.

395 1831 514 1876 Atqui
541 1828 817 1865 circumstantiae
831 1829 978 1865 affluum
995 1830 1131 1875 quibus
1151 1840 1336 1876 peccatur,

384 1880 556 1915 oriuntur
573 1890 718 1926 propter.
732 1881 1002 1925 converfionem
1017 1880 1059 1915 ad
1068 1881 1172 1922 haec,
1198 1891 1260 1915 aut
1277 1880 1361 1920 illa„

386 1928 640 1975 objecta5ergo
651 1942 712 1978 per
729 1930 936 1978 ipsasnulla
948 1931 1088 1968 ratione
1103 1940 1336 1980 peccatorum

396 1979 650 2029 superadditur
659 1982 815 2027 gravitas
829 2007 838 2017 .

500 2032 668 2073 Praetera,
684 2031 963 2071 Circumstantia
981 2038 1223 2082 quaec'umque
1239 2060 1249 2076 ‚
1263 2040 1337 2068 aut

386 2082 479 2118 mala
495 2082 624 2121 est,aut
639 2083 755 2119 omnis
769 2084 910 2122 malitiae
924 2084 972 2121 est
987 2097 1130 2132 expers3
1143 2086 1165 2122 st
1179 2086 1270 2121 mala
1283 2083 1337 2126 fit,

383 2133 458 2180 ipsa
476 2144 547 2168 non
560 2132 668 2167 modo
680 2144 786 2179 aggra
797 2144 855 2169 vat
875 2146 917 2180 pe
927 2146 1215 2179 ceatum‚verum
1228 2136 1335 2172 etiam

384 2185 444 2221 dat
463 2184 641 2231 propriam
662 2182 816 2229 speciem
832 2195 983 2231 peccato
999 2212 1008 2222 .
1029 2188 1064 2228 Si
1084 2199 1172 2224 vero
1197 2198 1268 2222 non
1285 2183 1336 2221 est

384 2235 479 2272 mala
491 2260 502 2276 ‚
530 2246 599 2269 non
615 2234 825 2280 intelligitur
853 2235 949 2272 unde
968 2248 1050 2273 narn

386 2285 474 2322 tiam
489 2295 600 2332 queat
613 2309 622 2319 .
1023 2291 1038 2314 s

489 2336 626 2371 Contra
642 2360 653 2376 ,
669 2333 815 2370 Author
829 2334 871 2370 de
885 2348 967 2371 vera
982 2337 1015 2373 8(
1029 2337 1112 2373 falsa
1125 2336 1333 2384 poenitentia

387 2385 457 2432 (8(
477 2385 632 2422 habetur
648 2383 727 2420 dist.
743 2394 777 2428 ς.
793 2384 836 2420 de
850 2386 1065 2423 Poenitentia
1081 2401 1148 2433 cap
1182 2399 1212 2423 t.
1227 2387 1262 2422 8(
1280 2398 1334 2421 re-

385 2437 532 2471 ferrura
548 2437 650 2480 Mag.
661 2448 695 2480 4.
707 2434 788 2470 dist.
812 2435 948 2484 16.cap.
968 2440 1019 2482 t.)
1032 2436 1233 2485 Consideret
1246 2448 1335 2484 qua,-

384 2486 527 2522 litatem
541 2487 576 2522 C
575 2487 716 2521 rsminis
729 2509 742 2527 ,
761 2487 799 2521 in
815 2485 887 2521 loco
901 2514 912 2528 ,
925 2490 962 2523 in
976 2497 1142 2537 tempore,
1161 2489 1200 2524 in
1211 2498 1333 2527 vora?-

386 2544 463 2571 tate
477 2537 630 2583 personae
646 2564 654 2576 ‚
678 2536 723 2577 &⁰
741 2535 839 2583 quali
855 2536 1053 2583 hocfeserit
1067 2535 1333 2582 ammana&

386 2590 422 2623 in
432 2586 532 2631 ipsius·
560 2588 651 2621 vitii
678 2587 869 2631 multiplici
896 2593 1101 2626 executione
1115 2618 1122 2626 .
1156 2590 1193 2627 Si
1217 2589 1333 2634 igitur

384 2639 503 2672 omnia
520 2636 593 2672 haec
609 2637 672 2672 sub
687 2637 1006 2676 considerationem
1033 2639 1238 2688 poenitentis
1269 2649 1333 2677 ve-

384 2687 462 2723 nire
477 2698 623 2733 oportet
639 2715 646 2727 ‚
660 2688 827 2733 profed'to
839 2700 884 2724 ex
901 2688 955 2724 his
974 2691 1254 2727 circumstantiis
1272 2688 1332 2727 vel

384 2738 624 2785 qualitatibus
640 2765 649 2779 ‚
666 2749 819 2783 augetur
837 2765 852 2784 ,
871 2740 926 2775 vel
941 2743 1117 2778 minuitur
1133 2738 1329 2778 eorundem

384 2789 520 2824 malitia
537 2799 766 2832 peecatorum
784 2815 793 2824 .

482 2837 701 2883 Respondco
718 2862 730 2879 ,
755 2839 913 2875 dubitari
927 2854 999 2878 non
1017 2842 1112 2890 pofl‘e
1128 2860 1147 2884 ,·
1170 2842 1259 2889 quin
1288 2838 1332 2875 de

379 2888 657 2925 circumstantiis
672 2888 817 2926 affluum
843 2890 1084 2929 humanorum
1102 2920 1112 2935 ‚
1138 2904 1198 2928 aut
1214 2890 1333 2927 verius

383 2949 426 2974 ex
440 2938 584 2975 defeeiu
601 2951 726 2974 eorum
744 2951 959 2984 aggravetur
974 2955 1204 2990 peccatorum
1233 2942 1334 2977 mali-

381 2990 430 3024 tia
448 3015 456 3023 .
477 2991 687 3026 Declaratio
705 3019 712 3024 .
726 2990 1036 3028 Actushumanus
1053 3005 1140 3029 tunc
1153 2993 1202 3028 est
1233 3003 1329 3027 comt

382 3041 476 3087 plere
498 3043 612 3076 bonus
637 3041 672 3075 in
698 3039 823 3075 ordine
848 3043 958 3078 moris
974 3069 985 3084 ,
1009 3056 1122 3089 quum
1139 3045 1174 3078 in
1202 3053 1246 3077 eo
1268 3042 1332 3088 qui

381 3103 553 3138 operatur
575 3116 584 3131 ‚
610 3090 773 3126 coexistit
789 3092 823 3127 8(
847 3091 1088 3129 consentanee
1113 3094 1259 3128 elicitur
1286 3091 1329 3126 ad

382 3141 613 3190 prudentiam
632 3140 825 3176 difflantem
841 3168 850 3183 ‚
864 3142 992 3178 bisant
1010 3145 1078 3179 illis
1094 3141 1331 3179 circumstan-

384 3192 447 3227 tiis
461 3191 590 3228 debere
607 3204 687 3227 eum
702 3191 768 3227 effe
783 3203 948 3229 ornatum
966 3219 978 3235 ,
994 3204 1032 3229 ut
1047 3196 1164 3230 bonus
1178 3194 1216 3228 iit
1235 3195 1272 3238 ‚(
1287 3193 1330 3228 de

389 3250 460 3289 qua
477 3254 512 3277 re
524 3242 644 3278 assum
664 3241 767 3289 supra
783 3254 815 3291 q.
837 3244 888 3279 18.
910 3253 981 3279 art.
999 3255 1030 3290 3.
1047 3257 1081 3290 4.
1101 3243 1330 3291 &frequen-

383 3302 440 3330 ter
457 3294 475 3335 )
492 3292 588 3326 Cum
603 3292 714 3337 igitur
726 3294 838 3329 malus
857 3294 896 3329 fit
914 3294 1015 3329 aflus
1029 3306 1072 3330 ex
1092 3305 1328 3340 quocumque

382 3342 524 3379 defeau
540 3342 682 3379 illorum
697 3368 707 3384 ‚
723 3354 804 3390 qua:
821 3344 915 3379 reS'ta
929 3346 1020 3379 ratio
1035 3344 1147 3380 dic-iat
1174 3356 1327 3385 concur-

384 3405 460 3431 rere
472 3402 640 3438 oportere
658 3417 669 3433 ,
683 3391 789 3438 juxta
806 3394 1181 3441 Dionyliidoclrinam
1200 3406 1276 3441 cap.
1289 3408 1328 3442 4.

385 3445 429 3481 de
447 3445 562 3481 Nom.
575 3441 687 3478 divin.
708 3443 837 3479 malum
849 3444 1001 3480 dicentis
1014 3472 1023 3486 ,
1045 3457 1089 3481 ex
1113 3456 1329 3492 quocumque

383 3493 518 3536 defefiu
530 3519 540 3532 .
566 3490 648 3530 sane
674 3504 751 3538 quo
780 3495 881 3540 plura
901 3495 1052 3532 deiicere
1078 3495 1325 3538 inveniuntur,

384 3545 535 3592 gravior
552 3554 592 3578 ac
610 3542 712 3592 pejor
726 3544 791 3583 erit
803 3543 881 3589 ejus
896 3545 996 3581 aetus
1009 3546 1141 3581 malitia
1159 3570 1168 3579 .
1182 3547 1224 3580 Et
1239 3548 1326 3591 quia

389 3595 512 3644 potior
525 3596 661 3630 caeteris
678 3593 726 3629 est
739 3595 1003 3633 circumstantia
1026 3595 1105 3631 finis
1122 3623 1132 3638 ,
1155 3607 1229 3641 quo
1250 3607 1327 3633 tur.

384 3645 524 3694 piorem
543 3643 647 3681 finem
667 3645 751 3692 quis
767 3645 828 3682 sibi
858 3645 1085 3694 praestituerit
1099 3673 1110 3688 ,
1137 3659 1181 3682 eo
1202 3659 1328 3693 pecca-

384 3706 464 3731 tum
484 3694 551 3730 erit
566 3697 715 3741 gravius
728 3722 740 3738 ,
761 3709 800 3733 ut
817 3697 900 3734 dare
918 3697 1073 3734 alteridc
1089 3697 1152 3733 suo
1162 3696 1210 3733 est
1227 3697 1328 3735 εξὶυε

385 3759 431 3782 ex
450 3756 579 3793 genere
605 3750 721 3783 bonus
737 3774 748 3790 ‚
773 3746 829 3783 sed
846 3749 1017 3795 obliquus
1032 3748 1071 3783 fit
1097 3760 1144 3785 ex
1173 3748 1331 3785 circum-

383 3796 511 3834 stantia
526 3795 605 3835 finis
619 3825 632 3841 ‚
654 3809 731 3846 quo
744 3798 894 3836 intendit
915 3801 997 3848 quis
1021 3807 1168 3850 captare
1191 3811 1318 3837 vanam

1075 2241 1207 2288 augere
1235 2237 1336 2281 mali-

1241 139 1430 212 Joannis
1459 148 1589 194 Dum
1617 149 1645 195 S
1647 148 1736 197 coti

1397 214 1551 259 gloriam
1568 229 1624 253 :at
1640 220 1660 253 fi
1682 228 1851 265 praeterea
1868 217 1928 254 det
1945 245 1956 261 ‚
1975 229 2014 255 ut
2030 220 2186 267 pelliciat
2200 222 2243 257 ad
2269 224 2342 260 stu-

1398 275 1505 311 prum
1526 295 1535 310 ,
1548 272 1602 304 vel
1617 269 1785 306 subornet
1796 268 1839 302 ad
1854 269 2125 316 percutiendum
2139 272 2342 317 inimicum,

1397 316 1617 360 intentioni,
1633 332 1673 356 ac
1687 320 1831 355 alterius
1850 321 1975 367 speciei
1994 321 2088 358 aaut
2105 321 2341 369 conjungitur

1401 370 1538 405 malitia
1555 393 1570 413 ‚
1583 371 1625 410 de
1636 383 1709 416 qna
1725 381 1761 405 re
1773 368 1912 411 dictum
1925 370 1994 407 fuit
2005 372 2255 422 q.precedenti
2267 381 2339 409 art.

1400 434 1438 471 9.
1455 420 1620 470 &q.18.
1636 430 1706 457 art.
1729 430 1784 455 ιο.

1504 474 1754 514 Veruntamen
1769 469 2037 509 circumstantia
2050 485 2119 509 non
2132 473 2344 510 transferen-

1400 535 1434 560 te
1447 534 1633 570 peccatum
1658 523 1694 556 in
1709 520 1804 555 aliud
1823 529 1936 563 genus
1949 549 1962 565 ‚
1988 523 2107 559 adhuc
2130 537 2174 560 ex
2190 523 2263 572 ipsa
2282 524 2345 560 de-

1405 577 1544 611 rivatur
1556 570 1670 618 major
1683 571 1739 605 vel
1753 570 1868 605 minor
1881 573 2040 615 gravitas
2065 575 2100 610 in
2118 574 2236 610 afrum
2260 586 2344 623 pec-

1405 620 1627 667 caminosum
1647 622 1861 666 3idquenon
1876 620 1987 659 solum
2002 637 2124 666 verum
2138 625 2186 662 est
2206 625 2249 664 de
2275 625 2344 660 illis

1404 686 1488 722 quae
1504 674 1540 715 in
1554 672 1717 720 quolibet
1731 671 1964 713 inveniuntur
1975 685 2126 715 peccato
2141 703 2154 718 ‚
2165 687 2204 712 ut
2220 677 2344 712 inobe-

1407 726 1539 768 dientia
1553 751 1565 766 ‚
1580 720 1803 769 ingratitudo
1815 744 1827 763 ‚
1842 732 2069 771 contemptus
2082 727 2175 769 Dei,
2200 727 2233 762 8(
2249 725 2344 773 ejus-

1407 775 1530 817 modi,
1544 786 1619 821 quo
1629 772 1723 811 enim
1739 771 1822 820 quis
1834 770 1958 819 saepius
1971 787 1988 809 a
2006 778 2085 817 Deo
2110 778 2251 813 veniam
2277 779 2344 814 im·

1407 826 1585 877 pertavit,
1599 836 1642 862 eo
1654 822 1768 874 major
1781 821 1830 858 est
1843 821 1922 869 ejus
1936 824 2159 873 ingratitudo
2173 853 2184 869 ,
2206 828 2239 863 8(
2265 840 2345 876 gra·

1410 880 1492 917 vius
1508 877 1636 913 exinde
1666 884 1852 921 peccatum
1872 886 1883 919 3
1911 875 1970 910 etfi
1990 875 2044 915 hae
2066 877 2342 916 circumstantiae

1408 940 1483 966 non
1508 927 1573 963 fint
1590 926 1788 973 fingillatim
1808 925 2099 972 exprimenda-in
2124 929 2346 974 poenitentiae

1407 980 1640 1020 Sacramento
1655 975 1713 1011 nisi
1731 987 1776 1013 ex
1787 975 1953 1022 singulari
1967 977 2069 1023 plane
2079 979 2209 1013 malitia
2224 991 2243 1018 a
2261 991 2345 1027 pec·

1407 1039 1512 1070 cante
1526 1027 1754 1068 intendantur
1773 1053 1781 1062 .
1798 1028 1877 1066 Nec
1891 1026 1982 1062 enim
1996 1027 2140 1074 perinde
2153 1040 2263 1074 grave
2275 1028 2344 1068 effe

1407 1078 1522 1130 potest
1548 1078 1689 1115 furtum
1708 1076 1827 1113 facere
1850 1077 1884 1111 in
1909 1078 2058 1122 paucis,
2087 1078 2122 1114 8<
2146 1080 2182 1116 in
2196 1080 2342 1124 multis,

1406 1143 1471 1167 nec
1490 1128 1672 1177 subripere
1684 1140 1703 1163 a
1719 1138 1876 1175 paupere
1888 1152 1900 1168 ,
1924 1126 1959 1162 3(
1984 1129 2029 1163 ab
2041 1130 2161 1176 coqui
2184 1130 2346 1167 abundat

1402 1182 1561 1218 divitiis.
1585 1178 1753 1224 Denique
1775 1176 2086 1224 quemadmodum
2113 1178 2347 1216 circumstan-

1404 1235 1459 1271 tiae
1482 1232 1765 1268 concomitantes
1788 1238 1908 1263 totum
1931 1228 2067 1263 bonurn
2102 1240 2261 1275 augent,
2286 1232 2347 1268 vel

1403 1284 1585 1329 integrant
1597 1279 1676 1328 ejus
1694 1279 1918 1318 bonitatem3
1936 1278 1984 1313 ira
2000 1277 2023 1312 st
2040 1279 2153 1315 absint
2170 1306 2182 1322 ‚
2213 1282 2348 1318 vitiant

1404 1332 1517 1384 ipsum
1532 1334 1578 1369 stc
1595 1357 1606 1374 ,
1623 1342 1661 1367 ut
1677 1329 1856 1365 consonus
1871 1339 1942 1364 non
1957 1327 1996 1362 lit
2010 1330 2139 1365 rationi
2157 1330 2259 1368 reEtae
2273 1359 2284 1374 ,
2308 1334 2345 1369 8(

1403 1395 1479 1430 quo
1493 1385 1613 1430 plures
1625 1394 1670 1418 ex
1684 1382 1734 1414 eis
1753 1376 1866 1414 deess‘e
1894 1379 2113 1426 contingerit
2127 1406 2140 1422 ‚
2163 1393 2206 1416 eo
2228 1382 2347 1417 defor-

1404 1435 1495 1470 mior
1509 1434 1543 1468 8(
1561 1431 1664 1480 pejor
1679 1429 1781 1465 afflus
1799 1429 1889 1471 erit,
1914 1440 2024 1478 atque
2053 1430 2224 1468 intensior
2251 1430 2348 1479 ejus-

1402 1485 1482 1522 dem
1499 1483 1635 1522 malitia
1651 1506 1661 1514 -

1505 1533 1563 1573 Ad
1580 1541 1792 1577 argumenta
1809 1556 1818 1565 .
1838 1527 1894 1564 Ad
1912 1528 2065 1575 primum
2085 1529 2286 1577 respondeo
2303 1546 2347 1571 ex

1403 1584 1669 1622 diffis.Verum
1683 1580 1730 1616 est
1747 1580 1840 1616 enim
1854 1579 2055 1626 specificam
2070 1580 2346 1626 bonitatem,vel

1402 1638 1575 1673 malitiam
1593 1644 1760 1670 mutuare
1791 1630 1891 1666 aetus
1922 1628 2098 1665 humanos
2127 1642 2171 1665 ex
2197 1636 2348 1681 propriis

1401 1686 1557 1734 objeflis
1573 1711 1584 1728 ,
1611 1684 1667 1722 sed
1685 1682 1785 1718 sicuti
1802 1681 1944 1717 bonitas
1958 1681 2187 1717 accidentalis
2201 1683 2348 1721 advenit

1404 1740 1471 1774 illis
1484 1731 1820 1774 eir-circumstantiis
1840 1757 1851 1772 ‚
1876 1731 1923 1766 11³
1945 1732 1981 1775 ,ἃ
2015 1732 2150 1766 manda
2180 1736 2291 1782 magis
2310 1736 2346 1772 8(

1402 1790 1522 1825 minus
1538 1784 1673 1822 intensa
1690 1810 1715 1828 ‚‚
1730 1783 1952 1832 fro'ratione
1969 1781 2165 1819 concursus
2179 1787 2237 1821 vel
2250 1785 2348 1822 defe-

1400 1838 1480 1876 ctus
1496 1835 1636 1874 illarum
1655 1861 1666 1872 .

1504 1888 1560 1926 Ad
1583 1885 1804 1925 secundum,
1830 1882 2033 1917 Dicendum
2050 1885 2196 1921 rationis
2228 1885 2346 1929 refiae,

1400 1941 1458 1976 vel
1472 1937 1670 1987 prudentiae
1683 1932 1848 1969 intereffe
1864 1933 1995 1968 distare
2011 1932 2054 1968 de
2067 1935 2346 1972 circumstantiis

2381 456 2510 487 videnda
2518 469 2579 497 que

2379 498 2512 527 adnorata
2523 499 2582 529 sunt

2379 536 2420 565 ad
2470 537 2579 565 articu-

2380 574 2579 604 lumdecimum

2381 612 2431 640 ce't.
2445 623 2473 650 ‹1-
2495 615 2540 641 18.

2380 658 2412 685 4·
2420 651 2479 680 dist.
2492 659 2542 680 ΞΣ..
2554 655 2578 686 35,

2379 690 2425 718 De
2436 689 2519 720 tersio
2531 711 2541 721 .

2378 1540 2423 1570 De
2433 1541 2475 1570 his
2495 1544 2575 1581 supra

2377 1589 2405 1616 q.
2421 1582 2536 1611 18.art.
2550 1591 2579 1618 3.

2377 1918 2580 1956 Quolib.q.18.

2377 1962 2401 1989 o.
2424 1960 2468 1986 De
2488 1958 2575 1986 tertia

1401 1988 1704 2026 concernentibus
1718 1982 1820 2020 athis
1835 1995 1912 2017 tum
1944 1984 2106 2020 internos
2122 1996 2200 2021 tum
2226 1998 2345 2024 exter·
2370 1994 2541 2034 principali.

1401 2053 1467 2079 nos
1483 2066 1496 2084 ‚
1520 2039 1674 2087 quisque
1691 2036 1784 2071 enim
1797 2035 1943 2069 illorum
1961 2036 2124 2080 proprias
2137 2038 2171 2073 ἃ
2189 2039 2348 2084 peculia,

1400 2104 1456 2129 res
1474 2090 1632 2136 postulat
1648 2086 1839 2132 exigitque
1851 2081 2139 2122 circumstantias
2158 2113 2168 2128 ,
2199 2088 2347 2133 quaeal.

1401 2141 1638 2189 teriipsorum
1654 2149 1727 2174 non
1745 2145 1954 2180 congruunt
1969 2135 2029 2171 ‚Si
2042 2137 2262 2182 intelligatur
2290 2150 2347 2174 er-

1400 2192 1596 2241 goaverfio
1612 2190 1689 2226 fieri
1704 2198 1766 2235 per
1779 2187 1897 2222 aetum
1911 2185 2089 2221 internum
2107 2212 2117 2228 ,
2145 2187 2179 2221 id
2202 2190 2346 2224 eveniat

1400 2243 1534 2282 necesse
1546 2242 1595 2279 est
1614 2268 1624 2283 ,
1637 2241 1721 2287 quia
1733 2246 1805 2273 non
1822 2236 1965 2272 elicitur
1977 2235 2214 2273 consentanee
2233 2239 2276 2274 ad
2293 2251 2348 2275 fa.

1398 2297 1513 2336 tionis
1531 2289 1740 2329 diffametis
1757 2300 1797 2324 ac
1810 2285 1957 2332 proinde
1973 2296 2055 2322 cum
2073 2286 2162 2329 iussu
2180 2289 2279 2325 αξξυς
2294 2291 2347 2324 in*-

1397 2346 1544 2389 terioris
1559 2340 1788 2379 convertitur
1799 2337 1914 2373 homo
1928 2337 1969 2371 ad
1987 2337 2119 2374 bonum
2147 2350 2349 2376 commuta-

1400 2395 1471 2436 bile
1486 2393 1617 2437 contra·
1628 2388 1822 2428 ordinem'a
1839 2388 1918 2433 lege
1931 2387 2184 2433 praefixum,de
2196 2390 2278 2426 auu
2290 2390 2347 2426 in-

1399 2445 1704 2487 terno-derivatur
1719 2438 1854 2484 malitia
1872 2439 1906 2473 in
1935 2437 2051 2474 astum
2072 2437 2346 2486 'imperatum-‚3

1400 2498 1462 2544 <11¹3
1479 2495 1637 2539 deterior
1652 2492 1721 2528 erit
1741 2516 1751 2530 ‚
1779 2488 2001 2536 pretatione
2015 2489 2175 2526 defeetus
2192 2491 2349 2526 circum-

1400 2548 1607 2582 stantiarum
1626 2567 1638 2587 ‚
1666 2538 1805 2589 quibus
1817 2539 1913 2575 refta
1929 2540 2020 2576 ratio
2031 2538 2143 2575 dietat
2159 2539 2274 2590 ipsum
2286 2540 2351 2578 de.

1401 2599 1486 2634 bere
1500 2593 1746 2632 effect-natum
1764 2614 1775 2625 .
2279 2602 2282 2606 ›
2325 2601 2335 2606 -

1501 2645 1560 2682 Ad
1573 2645 1713 2680 tertium
1733 2638 1957 2687 respondeo,
1980 2638 2264 2678 Concedendum
2280 2641 2348 2678 effe

1396 2695 1657 2744 aliquando-'ex
1674 2688 1951 2728 circumstantiis
1967 2689 2009 2725 de
2024 2689 2139 2737 specie
2152 2693 2186 2728 in
2199 2692 2348 2740 speciem

1400 2747 1745 2795 transferrl'peccata
1760 2767 1771 2778 .
1788 2741 1897 2776 Tunc
1913 2739 2006 2775 enim
2025 2739 2108 2788 ipsae
2137 2744 2234 2778 malae
2250 2741 2346 2784 sunt,

1398 2798 1454 2833 vel
1471 2797 1559 2849 quia
1575 2795 1709 2833 cadunt
1735 2792 1800 2831 sub
1823 2789 1967 2838 speciali
1990 2790 2235 2837 prohibitione
2251 2818 2260 2831 ‚
2289 2794 2346 2829 vel

1399 2848 1467 2882 alia
1483 2849 1622 2882 ratione
1634 2873 1644 2887 ,
1659 2846 1692 2887 ἃ
1711 2844 1790 2885 ideo
1803 2842 2098 2887 gerentesvicem
2113 2841 2247 2888 obchti
2262 2841 2348 2879 dant

1398 2896 1556 2945 speciem
1576 2895 1740 2936 aestibus,
1767 2893 1872 2945 queis
1902 2891 1970 2927 illae
1996 2891 2260 2934 intenduntur,
2287 2894 2348 2930 vel

1398 2949 1577 2995 explicite
1595 2973 1605 2987 ‚
1632 2946 1691 2982 vel
1722 2942 2013 2991 interpretative.
2031 2942 2133 2977 Malae
2150 2942 2262 2989 igitur
2278 2945 2349 2980 cir.

1400 2998 1626 3034 cnmstantivae
1639 3005 1838 3045 aggravant
1857 2992 2029 3032 crimina,
2054 2991 2114 3028 seu
2145 2994 2178 3028 in
2204 3005 2273 3029 una
2286 2993 2349 3031 seu
2377 3008 2379 3011 ·

1403 3049 1440 3083 in
1456 3050 1565 3084 altera
1581 3049 1696 3096 specie
1711 3045 1851 3092 peccati
1866 3068 1875 3077 .
1893 3042 1932 3079 Si
1949 3052 2036 3076 vero
2049 3043 2159 3095 mala)⁴
2180 3055 2250 3079 non
2266 3045 2348 3088 fint,

1402 3109 1441 3134 ut
1453 3100 1596 3145 elargiri
1613 3110 1684 3134 rem
1701 3095 1882 3144 propriam
1909 3091 2008 3127 alteri
2030 3105 2090 3140 per
2113 3094 2349 3140 prodigalita-

1402 3161 1474 3185 tem
1491 3175 1502 3192 ,
1532 3151 1658 3185 vitium
1687 3147 1756 3182 hoc
1772 3142 1961 3191 aggravari
1986 3143 2178 3190 potest—tali
2191 3146 2224 3180 in
2253 3145 2348 3182 fabio

1400 3213 1447 3236 ex
1463 3198 1640 3237 concursu
1668 3197 1817 3234 alterius
1844 3191 2121 3229 circumstantiae
2136 3207 2147 3234 3
2177 3195 2349 3242 prodigus

1402 3251 1497 3286 enim
1511 3252 1572 3286 dat
1585 3247 1776 3298 plusquam
1792 3252 1935 3293 oportet
1951 3268 1964 3284 ,
1981 3242 2007 3278 fi
2027 3243 2165 3291 diffipet
2179 3248 2270 3282 bona
2291 3246 2350 3282 sua

1401 3302 1550 3348 quando
1563 3312 1633 3336 non
1646 3306 1790 3346 oportet
1803 3321 1814 3338 ,
1827 3296 1861 3330 8(
1876 3293 1926 3328 ita
1940 3294 2046 3329 etiam
2061 3294 2105 3330 de
2117 3295 2354 3333 circumstan-

1405 3354 1453 3389 tia
1471 3353 1541 3389 loci
1554 3351 1709 3398 gravius
1723 3347 1796 3383 stne
1809 3345 1921 3382 dudio
1932 3345 2095 3392 peccabit
2109 3369 2121 3383 .

2216 3849 2309 3888 AR-
