2602 4011
85 1164 95 1173 .
106 1143 166 1175 dist.
181 1149 266 1185 1.q.6.

104 1192 133 1215 7.

47 3369 77 3394 4.
96 3359 155 3388 disi.
179 3369 247 3399 μη.

52 3400 115 3426 n&
144 3398 204 3426 dist.
220 3408 247 3430 ζ.

48 3446 118 3474 q.4.
145 3437 247 3471 3.dist.

764 166 922 214 Tomus
938 167 1019 214 HJ.
1050 173 1180 217 Part.
1197 170 1258 244 (I.
1271 170 1463 243 Qaestio
1481 177 1597 224 CVI.
1611 180 1714 225 Art.
1733 179 1769 223 Ι.

310 234 351 266 iis
371 259 380 271 ,
406 234 539 268 lumine
559 234 619 267 fibi
635 244 654 267 a
672 233 749 270 luce
763 235 918 270 increata
937 238 1158 284 participato
1171 265 1181 280 ‚
1204 249 1265 284 Ju-

260 313 268 320 ,
309 284 466 319 dicantis
491 283 578 329 quid
596 282 788 319 honestum
808 311 818 325 ,
841 286 979 331 quidue
998 286 1260 326 inhonestum..

311 335 350 369 {it
371 360 381 375 ,
405 335 440 370 8(
472 334 745 370 disconveniens
767 335 854 370 fibi.
879 339 956 372 Hac
987 348 1107 373 autem
1124 340 1262 376 ratione

312 386 371 422 lex
383 384 593 428 Evangelica
618 395 689 419 non
710 383 760 419 est
790 386 906 422 indita
927 415 940 430 ‚
967 386 1027 423 sed
1042 387 1261 435 desuperiu-

311 435 387 471 fusa
405 447 452 471 ex
477 434 642 480 largitate
670 433 740 469 Dei
762 446 912 484 propter
942 441 1066 474 merita
1094 438 1232 474 Christi
1249 466 1262 482 ‚

309 488 446 533 quibus
472 483 516 520 de
531 483 714 531 condigno
729 485 882 523 debetur
897 511 910 530 ‚
938 489 1017 525 aliis
1032 501 1121 525 vero
1132 501 1262 537 corpo-

310 539 355 572 ris
380 535 460 582 ejus
483 535 652 570 membris
668 557 680 577 ‚
705 537 816 579 gratis
839 538 1050 576 conceditur
1066 567 1079 584 ,
1102 540 1198 576 unde
1223 541 1260 576 &

311 587 483 634 scriptum
495 584 544 620 est
564 612 575 627 ,
597 586 902 634 Deplenitudi-ne
913 589 988 637 ejus
1000 602 1058 627 nos
1073 603 1186 628 omnes
1202 603 1260 629 ac-

308 640 461 683 cepimus
478 662 488 672 .
501 635 612 683 Joan.
630 646 664 682 3.
937 642 940 643 ’

477 736 991 778 ARTICULUS
1048 741 1098 777 11.

522 841 657 879 Vtrum
674 842 731 878 lex
746 852 841 878 nova
858 839 1031 887 justificet
1046 865 1058 876 .

365 939 500 979 Donor
516 942 604 981 locis
615 945 652 980 in
665 944 826 988 margine
841 943 902 978 cit.
917 942 961 978 S.
980 942 1100 981 Thom.
1117 955 1143 979 r.
1159 954 1196 980 a.

645 1006 680 1042 q.
700 994 860 1029 106.art.
878 1005 914 1029 2.

405 1091 600 1140 Espondeo
623 1093 816 1130 dicendum
842 1094 908 1130 sub
928 1104 1148 1142 quacunque
1172 1096 1253 1140 lege

427 1145 636 1180 viventibus
655 1144 789 1180 licuisse
802 1142 1097 1190 justificationem
1114 1147 1251 1181 inveni·

304 1208 341 1231 re
361 1210 373 1237 3
404 1197 555 1231 maxime
583 1206 672 1230 vero
698 1194 734 1228 id
748 1206 873 1230 verum
889 1195 956 1231 effe
980 1195 1020 1230 de
1038 1198 1113 1243 lege
1129 1207 1221 1230 nova
1237 1219 1250 1232 .

303 1246 512 1281 Declaratio
541 1259 550 1281 ε
593 1244 709 1283 Nullo
737 1256 896 1291 unquam
928 1257 1088 1292 tempore
1118 1246 1248 1281 dimisit

300 1295 408 1335 Deus
421 1296 577 1331 cultores
594 1294 676 1330 suos
691 1295 760 1330 line
774 1297 930 1332 remedio
942 1297 1132 1333 necessario
1143 1296 1186 1331 ad
1199 1296 1248 1332 sa.

298 1350 413 1385 lutern
434 1360 445 1387 ;
467 1348 564 1381 omni
581 1356 700 1380 autem
716 1357 875 1393 tempore
899 1346 976 1395 post
990 1348 1123 1394 lapsum
1139 1374 1149 1389 ‚
1177 1347 1247 1383 fuit

299 1397 490 1435 necessaria
521 1397 562 1431 ad
581 1395 733 1432 salutem
761 1398 898 1432 ablutio
920 1398 1043 1433 animae
1063 1412 1082 1433 a
1107 1399 1243 1433 macula

299 1451 414 1497 culpae
425 1447 611 1491 originalis
623 1472 631 1481 .
659 1448 806 1493 Semper
820 1459 908 1494 ergo
930 1461 947 1482 a
961 1447 1059 1495 lapsu
1081 1448 1171 1484 Adae
1183 1460 1243 1484 ex.

298 1501 370 1535 titit
384 1497 532 1546 aliquod
550 1496 743 1533 remedium
757 1496 882 1534 efficax
899 1511 916 1533 a
933 1501 1012 1535 Deo
1024 1499 1242 1542 institutum,

300 1562 376 1598 quo
390 1560 578 1586 uterentur
604 1547 769 1583 homines
787 1547 830 1581 ad
846 1548 1091 1596 depellendum
1113 1550 1156 1584 ab
1168 1550 1243 1584 ani·

300 1613 357 1637 ma
373 1602 515 1648 culpam
535 1598 746 1644 originalem
761 1625 770 1633 .
798 1600 839 1634 Et
860 1602 909 1634 ita
936 1602 968 1635 in
984 1601 1060 1645 lege
1078 1611 1214 1637 naturae
1229 1627 1240 1643 ,

300 1665 382 1688 cum
401 1650 537 1687 constet
567 1652 644 1686 Deo
673 1660 820 1695 accepta
851 1649 951 1686 fuisse
967 1650 1176 1693 Sam-isicia,
1201 1662 1241 1687 ut

299 1712 396 1751 patet
411 1702 545 1746 G'en.4.
559 1700 604 1741 ἐν
622 1699 655 1733 8-
669 1699 720 1746 &³
739 1711 792 1744 ¹4-
821 1700 1042 1737 sentiendum
1060 1700 1109 1736 est
1124 1729 1137 1744 ,
1155 1703 1209 1737 vel
1222 1715 1241 1736 a

297 1753 384 1792 Deo
409 1752 509 1788 fuisse
527 1750 685 1786 instituta
705 1779 716 1794 ,
740 1749 798 1785 vel
824 1750 898 1797 ipso
917 1749 1107 1798 inspirante
1124 1754 1239 1787 intro-

295 1803 404 1839 dueta
422 1802 548 1838 abillis
575 1799 697 1848 priscis
714 1803 880 1837 Patribus
899 1814 910 1841 3
938 1803 1001 1848 qui
1025 1811 1242 1848 tantopert,

297 1857 379 1891 Deo
396 1851 564 1900 placuisse
580 1852 813 1898 perhibemur
826 1877 835 1887 .
862 1852 914 1888 llli
931 1863 1115 1899 propterea
1132 1851 1240 1890 fidem

294 1906 496 1940 interiorem
518 1901 728 1952 profitentes
754 1904 893 1938 aeribus
917 1904 1162 1940 exterioribus
1177 1907 1240 1942 Sa-

295 1955 516 1992 crificiorum
532 1981 540 1995 ,
554 1954 589 1990 8(
603 1955 827 1989 oblationum
845 1954 926 1989 Deo
942 1965 1167 2000 acceptarum
1181 1959 1234 1992 in-

292 2005 485 2041 veniebant
503 2003 793 2050 justificationem
823 2019 840 2040 a
856 2016 959 2042 reatu
979 2008 1114 2051 peccati
1128 2007 1239 2052 origi.

292 2055 379 2093 nalis
400 2082 408 2091 .
437 2055 700 2092 Parvulisveto
716 2054 912 2092 sufficiebat
930 2055 1141 2101 protestatio
1154 2058 1239 2093 fidei

294 2107 379 2142 actu
393 2106 567 2142 exteriori
578 2102 730 2142 sensibili
744 2132 754 2147 ,
778 2118 854 2153 quo
869 2103 1087 2142 offerebatur
1104 2119 1239 2154 parvu-

291 2158 346 2194 lus
365 2159 443 2193 Deo
456 2170 467 2197 ς
482 2167 593 2203 eaque
609 2156 658 2193 est
675 2156 835 2193 doetrina
848 2158 1023 2200 Gregorii
1038 2169 1074 2203 4.
1102 2157 1236 2196 Moral.

289 2217 402 2256 capa.
416 2210 448 2243 &
465 2208 642 2254 allegatur
659 2220 676 2242 a
692 2207 832 2254 Magist.
849 2222 885 2253 4.
902 2206 978 2255 dzst.
990 2220 1017 2244 1.
1035 2219 1108 2258 cap.
1127 2210 1237 2264 Q-

289 2263 387 2294 ritur
401 2285 410 2295 .
427 2257 606 2304 Alioquin
622 2257 719 2293 haud
736 2260 823 2294 certi
838 2257 904 2293 effe
916 2258 1106 2304 potuissent
1123 2287 1134 2302 ‚
1150 2274 1234 2307 pro·

289 2310 412 2345 futura
426 2310 474 2345 eis
490 2308 573 2344 talia
596 2308 752 2344 remedia
775 2308 819 2344 ad
836 2308 979 2344 salutem
999 2334 1011 2350 ,
1038 2309 1100 2344 nisi
1116 2322 1133 2343 a
1154 2313 1234 2346 Deo

292 2361 401 2399 essent
419 2359 579 2394 instituta
598 2383 607 2393 .

392 2409 519 2445 Eadem
541 2409 681 2446 ratione
717 2411 751 2444 in
780 2410 856 2455 lege
886 2408 1057 2458 Mosayca
1091 2411 1235 2457 parvuli

291 2459 574 2498 emundabantur
589 2462 633 2495 ab
649 2460 771 2497 eadem
790 2463 894 2508 culpa
909 2462 1076 2506 originali
1089 2473 1149 2508 per
1164 2463 1234 2497 cir-

290 2511 539 2547 cumcifioncm
556 2537 567 2553 ,
591 2510 689 2556 iuxta
709 2510 906 2548 deciduam
930 2512 1142 2548 Sanftorum
1161 2539 1171 2553 ‚
1197 2514 1233 2549 &

290 2562 541 2597 austoritatem
557 2562 728 2607 Gregorii
741 2574 825 2599 mox
848 2563 1036 2607 allegatam
1057 2589 1066 2598 .
1097 2565 1137 2598 Et
1151 2564 1235 2600 Au-

289 2611 384 2658 gust.
405 2622 439 2650 2.
454 2612 497 2647 de
513 2614 675 2657 Nuptiis
689 2639 699 2655 ‚
714 2613 758 2651 ἴθ’
770 2611 926 2660 Concup.
941 2640 952 2655 ‚
975 2613 1008 2649 8(
1024 2614 1171 2660 ponitur
1187 2613 1232 2650 de

289 2661 491 2708 Consecrat.
516 2664 596 2712 dtst.
613 2677 651 2706 4.
673 2673 747 2710 cap.
771 2661 892 2710 equuo
910 2664 942 2699 8(
958 2663 1061 2700 Bedae
1078 2663 1179 2713 super
1191 2666 1233 2700 il-

289 2714 350 2750 lud
368 2716 475 2750 Luca:
491 2726 524 2750 2.
559 2717 751 2764 ‘Postquam
781 2712 1073 2762 confitmatifimt
1087 2716 1162 2752 &a
1187 2718 1232 2753 Et

287 2764 433 2812 quidem
452 2765 582 2801 frustra
603 2767 684 2802 data
702 2764 818 2801 fuisset
844 2768 900 2800 lex
919 2777 979 2812 per
993 2764 1142 2815 Moysen
1161 2767 1231 2802 line

286 2817 518 2851 taliremedio
537 2844 546 2858 ‚
572 2815 866 2863 quandoquidem
896 2815 1127 2853 observantes
1154 2829 1231 2852 eam

287 2867 490 2914 pertingere
520 2880 589 2902 non
623 2867 810 2912 potuissent
839 2864 1048 2901 adsalutem
1065 2879 1232 2904 manente

286 2919 389 2960 culpa
406 2919 571 2961 originali
593 2933 604 2960 3
630 2918 881 2954 inveniebatur
896 2914 1043 2953 subinde
1058 2919 1120 2953 tali
1135 2919 1232 2954 inle-

286 2981 330 3014 ge
346 2967 580 3013 justificatio:
612 2970 646 3005 8(
663 2971 766 3006 etiam
782 2979 1015 3013 augmentum
1027 2971 1150 3014 gratiae
1166 2995 1175 3010 ,
1193 2969 1227 3004 8(

284 3021 492 3054 meritorum
507 3019 786 3057 observantibus
805 3019 894 3053 ritus
913 3046 924 3061 ‚
948 3030 987 3053 ac
1001 3020 1229 3055 caeremonias

284 3071 377 3105 illius
393 3082 435 3104 ex
449 3071 622 3108 charitate
635 3073 667 3106 8(
683 3070 812 3106 affeetu
825 3069 967 3115 parendi
984 3068 1116 3106 divinis
1130 3081 1229 3105 man-

282 3120 373 3155 datis
390 3147 398 3160 ‚
423 3124 589 3167 quamvis
616 3121 791 3168 ejusmodi
810 3120 1030 3156 caeremoniis
1053 3121 1228 3165 legalibus

283 3182 353 3205 non
367 3171 511 3216 daretur
533 3175 648 3220 gratia
677 3185 721 3208 ex
748 3182 855 3218 opere
881 3182 1030 3217 operato
1046 3196 1057 3212 ,
1078 3172 1227 3207 ficutiin

283 3220 566 3260 Circumcifione
581 3252 591 3267 ,
610 3236 691 3272 qua:
719 3233 792 3258 erat
818 3223 960 3270 proprie
974 3249 985 3264 ,
1011 3221 1045 3257 8(
1067 3233 1148 3258 vere
1164 3223 1228 3259 Sa-

283 3281 505 3309 cramentum
523 3303 530 3310 .

384 3325 496 3370 Qod
513 3338 600 3363 vero
615 3324 912 3371 justificatiohaec
927 3324 1069 3369 plenius
1084 3350 1096 3366 ,
1113 3323 1148 3358 8(
1165 3334 1228 3359 co·

284 3371 415 3418 piolins
430 3375 630 3412 inveniatur
646 3377 680 3410 in
698 3377 777 3420 lege
789 3387 880 3409 nova
898 3402 907 3415 ‚
933 3374 967 3409 8(
986 3375 1200 3419 Evangelica
1213 3399 1227 3419 ‚

282 3433 321 3456 ac
337 3422 441 3459 suerit
459 3425 492 3458 in
510 3426 586 3470 lege
601 3437 735 3461 naturae
754 3425 788 3460 8(
807 3426 979 3473 Mosayca
996 3451 1006 3466 ,
1029 3435 1071 3459 ex
1087 3436 1130 3460 eo
1141 3435 1228 3460 con-

2120 201 2217 248 377

1347 243 1426 287 nis,
1454 246 1488 281 3(
1506 257 1684 296 quantum
1710 247 1754 282 ad
1769 251 2034 288 extensionem.
2062 258 2157 291 Nam
2182 256 2289 301 passio

1347 293 1484 331 Christi
1501 307 1583 331 cum
1596 295 1682 332 esset
1706 297 1810 333 causa
1839 304 2022 337 meritoria
2040 304 2201 351 respeetu
2221 307 2294 342 effi-

1346 348 1454 382 cacia:
1469 346 1785 384 sacramentorum
1800 361 1962 385 veterum
1977 379 1986 393 ,
2000 354 2033 388 &
2048 356 2151 390 etiam
2167 358 2291 400 gratiae

1345 399 1485 433 collatae
1498 398 1661 444 antiquis
1683 398 1879 440 Patribus3
1910 412 2028 436 tamen
2053 405 2159 450 longe
2176 404 2292 452 majo-

1345 460 1419 484 rem
1430 447 1538 483 habet
1555 449 1748 485 efficaciam
1767 448 1927 497 respeem
1943 451 2145 489 nostrorum
2159 455 2291 491 Sacra-

1345 510 1548 534 mentorum
1567 525 1578 540 ,
1606 500 1640 535 8(
1657 500 1780 544 gratiae
1794 511 1890 536 nunc
1906 502 2130 539 conferendae
2144 517 2289 551 quarm,

1342 550 1430 585 olim
1445 573 1456 584 .
1487 549 1587 597 Qa
1604 548 1699 595 juste
1712 549 1930 598 obsequium
1946 552 2148 590 exhibitum
2166 555 2208 590 ad
2223 557 2290 591 bo-

1342 611 1429 636 num
1450 599 1567 646 majus
1583 610 1814 647 acceptatur,
1830 613 1938 648 quam
1956 603 2144 649 praevisum
2164 631 2170 639 .
2187 605 2288 642 Deus

1341 661 1461 686 autem
1476 662 1573 686 nunc
1588 651 1740 700 gratiam
1773 651 1912 688 confert
1927 663 2074 701 propter
2097 655 2287 702 pastionem

1341 700 1476 736 Christi
1490 701 1684 737 exhibitam
1697 727 1709 743 ,
1732 700 1767 736 8(
1784 714 1802 736 a
1820 703 1924 737 nobis
1945 705 2113 740 creditam
2130 715 2169 740 ut
2183 706 2288 742 exhi.

1340 752 1479 792 bitam3
1509 764 1596 787 tunc
1612 763 1701 787 vero
1715 753 1869 787 contulit
1887 763 1927 787 ut
1941 764 2086 801 propter
2100 767 2175 790 eam
2189 768 2206 790 a
2220 756 2286 791 sei-

1339 800 1403 850 pso
1415 801 1597 850 praevisam
1612 829 1624 844 ‚
1647 802 1681 837 8(
1699 802 1743 837 ab
1760 803 1836 837 aliis
1863 804 2033 839 creditam
2049 816 2090 841 ut
2106 804 2286 841 exhiben-

1339 852 1419 888 dam
1439 866 1451 893 ;
1467 852 1546 888 ideo
1558 854 1784 889 Sacramenta
1798 852 1913 889 nostra
1925 854 2004 901 plus
2030 855 2219 892 conferunt
2240 857 2284 892 de

1338 903 1451 949 gratia
1466 929 1478 945 ,
1491 915 1602 949 quam
1619 903 1752 938 veteris
1769 904 1856 947 legis
1872 905 2100 941 Sacramenta
2114 933 2121 940 .
2140 905 2280 943 Deinde

1336 953 1441 999 plura
1455 955 1560 988 nobis
1573 950 1698 998 praesto
1710 953 1791 988 sunt
1803 953 1984 990 adiutoria
1995 958 2116 1002 gratiae
2130 983 2140 998 ,
2163 958 2280 1002 quia...

1334 1003 1439 1048 plura
1454 1003 1716 1039 Sacramenta:
1742 1003 1814 1038 illis
1828 1015 1947 1041 autem
1969 1017 2039 1041 non
2068 1006 2190 1042 aderat
2216 1007 2280 1044 nisi

1333 1051 1628 1088 circumcisionis
1654 1053 1949 1097 Sacramentum,
1966 1067 2006 1090 ut
2037 1057 2171 1095 medela
2196 1069 2281 1095 con-

1332 1111 1387 1136 tra
1416 1104 1548 1141 vulnus
1571 1105 1707 1148 peccati
1731 1104 1917 1151 originalis
1933 1131 1942 1139 .
1968 1108 2192 1143 Labentibus
2217 1122 2281 1144 au-

1332 1161 1401 1187 tem
1415 1154 1451 1191 in
1467 1151 1618 1189 afflualia
1639 1165 1783 1200 peccata
1797 1181 1808 1195 ‚
1821 1166 1891 1189 non
1905 1154 2115 1203 suppetebat
2127 1158 2276 1205 aliquod

1331 1203 1604 1239 Sacramentum
1633 1204 1785 1249 gratiam
1819 1206 2053 1252 recuperandi
2075 1233 2085 1247 ,
2117 1218 2157 1243 ut
2174 1211 2277 1245 nobis

1330 1251 1553 1290 succurritur
1568 1267 1630 1302 per
1644 1254 1866 1290 Poenitentiae
1879 1257 2146 1293 Sacramentum
2159 1284 2166 1292 .
2205 1259 2275 1296 1η..

1327 1306 1404 1351 lege
1419 1306 1526 1350 igitur
1552 1317 1647 1341 nova
1673 1305 1720 1341 est
1749 1305 1927 1353 copiosior
1951 1308 2074 1351 gratiae
2093 1307 2280 1345 abundan.

1327 1355 1399 1396 tia,
1426 1357 1474 1392 ob
1489 1355 1626 1391 Christi
1651 1356 1837 1402 pastionem
1866 1356 2060 1393 exhibitam
2078 1385 2086 1399 ‚
2110 1369 2151 1392 ac
2168 1359 2279 1395 fuerit

1328 1405 1363 1440 in
1383 1406 1448 1440 alia
1467 1408 1567 1453 lege3
1586 1418 1626 1441 ac
1642 1407 1791 1453 proinde
1810 1407 1865 1442 lex
1884 1406 1948 1442 ista
1962 1408 1994 1442 8(
2010 1409 2182 1444 intensive
2196 1436 2207 1451 ,
2238 1411 2273 1446 8(

1328 1456 1506 1491 extensive
1522 1457 1653 1501 praebet
1668 1482 1679 1496 ‚
1704 1457 1737 1492 8(
1756 1457 1862 1492 habet
1888 1456 2072 1503 adjutoria
2104 1461 2206 1507 plura
2229 1462 2274 1495 ad

1327 1504 1622 1552 justificationem
1640 1507 1894 1546 obtinendam,
1920 1509 1953 1544 8(
1971 1510 2272 1557 rucuperandam,

1326 1568 1437 1602 quam
1452 1559 1658 1592 viventesin
1676 1558 1751 1602 lege
1769 1558 1966 1603 Mosayca:
1995 1561 2055 1595 etii
2078 1562 2115 1596 in
2134 1561 2192 1596 illa
2205 1562 2272 1597 fuit

1329 1605 1540 1652 justificatio
1557 1609 1781 1654 pergratiam
1798 1610 1863 1643 Dei
1880 1609 1927 1643 ob
1940 1609 2070 1646 Christi
2084 1611 2274 1659 pastionem

1325 1657 1512 1705 praevisam
1526 1681 1538 1700 ‚
1566 1659 1679 1693 multo
1692 1660 1801 1704 magis
1815 1659 1871 1694 lex
1887 1660 2137 1707 tit-angelicam
2155 1662 2274 1698 dicen.

1325 1708 1369 1743 da
1383 1708 1431 1743 est
1443 1707 1639 1755 justificare
1652 1707 1837 1745 servantes
1855 1707 1962 1758 ipsam
1977 1736 1987 1745 .

1491 1810 1980 1849 ARTlCVLVS
2034 1811 2103 1847 ΙΙΙ.

1319 1910 1454 1946 Vtrum
1466 1911 1526 1947 lex
1541 1922 1636 1945 nova
1649 1909 1776 1946 debuit
1791 1910 1868 1946 dari
1886 1923 1904 1945 a
1920 1913 2101 1961 principio
2128 1914 2273 1953 Mundi.

1393 2012 1526 2049 Dotior
1537 2013 1620 2048 locis
1633 2013 1671 2047 in
1680 2016 1838 2059 margine
1851 2015 1912 2049 cit.
1931 2014 1970 2051 S.
1991 2015 2100 2052 Thom
2117 2029 2147 2053 1.
2162 2028 2199 2054 2.

1658 2074 1694 2109 q.
1716 2065 1795 2098 106.
1807 2072 1879 2101 art.
1897 2075 1930 2112 3.

1427 2163 1615 2213 Espondeo
1645 2163 1862 2208 dicendum,
1889 2167 2003 2213 legem
2032 2179 2164 2203 novam
2190 2169 2266 2206 dari

1439 2227 1510 2252 non
1526 2214 1682 2251 debuine
1697 2216 1856 2252 abinitio
1870 2217 2022 2254 Mundi.
2041 2221 2263 2263 Declaratio,

1318 2272 1398 2305 Lex
1415 2265 1781 2314 Evangelicaferenda
1795 2279 1868 2304 erat
1887 2281 1948 2315 per
1976 2269 2160 2307 Christum
2192 2271 2261 2308 Dei

1317 2319 1449 2354 Filium
1465 2344 1474 2358 ,
1489 2317 1591 2352 ficuti
1606 2315 1722 2350 Adam
1737 2319 2016 2365 prophetaverat
2031 2320 2108 2367 ipso
2120 2321 2153 2357 in
2169 2321 2261 2358 statu

1316 2368 1529 2403 innocentiae
1545 2365 1748 2412 significans
1764 2392 1773 2406 ‚
1800 2381 1846 2403 ex
1864 2371 1927 2405 illo
1944 2398 1952 2410 ,
1981 2371 2014 2405 8(
2034 2383 2095 2417 per
2125 2372 2260 2408 illum,

1320 2415 1564 2455 :edificandam
1584 2416 1773 2452 Ecclesiam
1787 2444 1801 2465 ,
1816 2419 1877 2454 fibi
1894 2433 1956 2467 per
1972 2419 2079 2455 fidem
2093 2448 2105 2463 ,
2125 2422 2159 2458 8(
2178 2424 2263 2459 cha-

1317 2473 1459 2506 ritatem
1473 2470 1612 2503 unitam
1630 2493 1643 2509 ,
1666 2477 1838 2515 tanquam
1855 2470 2020 2506 dilefflam
2053 2470 2261 2518 sponsam,

1317 2523 1372 2557 uti
1385 2522 1458 2557 Eva
1476 2518 1534 2553 sua
1553 2530 1627 2555 erat
1642 2517 1791 2563 conjux
1808 2548 1818 2563 ‚
1845 2522 1878 2556 ἃ
1897 2533 1936 2556 os
1961 2533 2004 2556 ex
2021 2522 2152 2559 ollibus
2169 2521 2262 2569 ejus:

1316 2572 1433 2620 Atqui
1449 2567 1522 2615 ipse
1537 2570 1703 2607 Salvator
1730 2569 1909 2619 supposito
1927 2572 2015 2610 Adae
2030 2573 2130 2620 lapsu
2156 2601 2165 2616 ‚
2203 2576 2265 2612 sta,

1316 2625 1381 2659 tim
1398 2635 1470 2659 non
1492 2622 1618 2657 debuit
1637 2620 1758 2656 venire
1775 2623 1807 2656 in
1826 2622 2007 2658 Mundum
2027 2648 2037 2664 ‚
2055 2635 2094 2658 ut
2108 2624 2190 2661 latae
2202 2627 2264 2662 de-

1317 2675 1493 2711 claratum
1507 2672 1573 2708 fuit
1594 2682 1622 2716 3.
1634 2679 1670 2719 p.
1684 2683 1718 2717 q·
1735 2684 1766 2708 1.
1779 2681 1849 2708 art.
1863 2685 1898 2716 ς.
1912 2684 1998 2719 ergo
2011 2685 2128 2722 neque
2146 2678 2263 2713 Evan-

1316 2727 1428 2771 gelica
1445 2724 1503 2759 lex
1520 2721 1636 2758 danda
1651 2733 1724 2756 erat
1741 2735 1757 2756 a
1775 2724 1952 2770 principio
1966 2724 2098 2760 Saeculi
2113 2727 2264 2774 praesen-

1314 2778 1359 2812 tis
1376 2790 1387 2817 ;
1403 2774 1461 2810 sed
1481 2773 1514 2808 in
1533 2773 1691 2808 adventu
1706 2775 1905 2810 salvatoris
1924 2773 2079 2818 Mundi,
2111 2777 2264 2813 aedifica-

1315 2829 1342 2863 ri
1363 2826 1485 2862 debuit
1500 2823 1653 2859 Ecclesia
1673 2823 1856 2870 Sanguine
1876 2825 1937 2859 sno
1951 2851 1963 2870 ,
1993 2838 2145 2874 eamque
2161 2828 2263 2864 donis

1313 2875 1511 2914 caelestibus
1529 2875 1688 2920 Spiritus
1710 2874 2014 2911 SanGtidonatam
2029 2904 2038 2918 ,
2059 2878 2180 2914 instrui
2196 2882 2251 2921 ,ὃς

1316 2927 1450 2964 erudiri
1469 2936 1563 2960 nova
1579 2951 1591 2966 ,
1604 2925 1804 2971 caelestique
1820 2925 1981 2960 dot‘irina
1999 2952 2007 2960 .

1414 2976 1552 3011 Deinde
1570 3001 1580 3017 ‚
1596 2977 1672 3010 Lex
1687 2978 1900 3023 Evangelica
1918 2976 1964 3011 est
1984 2980 2088 3021 longe
2109 2979 2258 3029 Nosay-

1313 3042 1351 3066 ca
1376 3025 1589 3077 perfeffior‚
1611 3037 1653 3060 cx
1670 3026 1772 3063 distis
1797 3036 1867 3063 art.
1888 3029 2100 3075 precedenti
2116 3057 2123 3064 .
2159 3031 2258 3067 Deus

1314 3091 1434 3116 autem
1450 3076 1704 3114 ordinatissime
1723 3077 1919 3125 procedms
1943 3103 1951 3117 ,

1314 3130 1465 3177 gradum
1487 3126 1571 3162 facit
1588 3128 1628 3162 ad
1645 3128 1854 3175 perfet‘stiora
1869 3155 1876 3162 .
1893 3129 2067 3167 orormit
2087 3144 2172 3172 erpo
2187 3135 2257 3178 pri-

1314 3193 1357 3216 us
1373 3176 1573 3227 praecesliffe
1591 3179 1700 3223 legem
1719 3189 1842 3224 nature
1857 3205 1864 3215 .
1885 3180 1915 3213 R*
1938 3178 2025 3213 Mos
2044 3191 2146 3226 ycam
2165 3195 2257 3217 nova

1316 3233 1393 3277 lege
1418 3227 1700 3275 imperfectiores
1716 3255 1726 3270 ,
1766 3228 1973 3275 priusquam
1996 3229 2058 3264 ista
2098 3232 2256 3268 daretur.

1315 3282 1535 3325 Congruum
1550 3290 1634 3323 ergo
1650 3290 1719 3314 non
1736 3279 1803 3313 fuit
1821 3279 1901 3314 scrri
1920 3278 1980 3314 sub
1999 3280 2128 3317 Mundi
2142 3285 2258 3325 initi03

1313 3330 1474 3376 alioquin
1501 3355 1510 3370 ‚
1540 3329 1638 3376 qnod
1664 3329 1952 3376 perscf'tislimum
1976 3330 2024 3365 est
2048 3333 2258 3377 ingestum„

1312 3381 1430 3418 fuisset
1447 3407 1457 3421 ‚
1486 3382 1529 3416 iis
1544 3391 1625 3428 quae
1642 3379 1902 3429 imperfeetiora
1919 3381 1999 3417 sunt
2011 3383 2155 3419 minime
2167 3397 2256 3434 prm..

1311 3433 1522 3470 cedentibus
1538 3456 1549 3468 .

2336 286 2386 316 sius
2408 298 2491 328 quam
2504 292 2530 321 in

2330 325 2391 364 lege
2428 338 2530 361 naturae

2329 366 2357 394 ὃ(
2381 369 2535 407 Mosayca,

2300 2246 2328 2274 4·
2358 2238 2423 2268 '35st-
2461 2250 2509 2273 26.

2299 2286 2327 2315 q·
2352 2287 2388 2306 un
2422 2283 2446 2311 6.
2466 2284 2508 2311 Ad

2290 2312 2509 2358 pru'mu⁰mprip,-

2300 2355 2405 2393 cipale.

2299 2449 2345 2478 De
2358 2450 2400 2479 his
2413 2451 2501 2482 Aleu-

2301 2489 2331 2517 fis
2347 2498 2373 2524 3.
2384 2500 2414 2529 p·
2426 2497 2503 2528 q.56.

2304 2538 2346 2558 m.
2360 2538 2505 2563 10.art,2.

2293 3023 2393 3059 4dist.
2423 3034 2448 3051 2.
2481 3043 2494 3049 -

1978 3082 2021 3112 ab
2041 3081 2122 3127 imp<
2136 3081 2257 3122 ῐῗρξῖο,
2291 3071 2323 3127 :ie
2334 3065 2362 3128 ἑξ
2376 3062 2479 3102 ΚἯΜ

282 3472 347 3508 stat
363 3499 374 3515 ‚
390 3474 475 3518 quia
489 3475 562 3510 haec
577 3475 625 3510 est
645 3476 699 3510 lex
716 3475 838 3519 gratiae
853 3503 862 3517 ,
881 3479 914 3512 8<
935 3476 1098 3510 veritatis
1114 3502 1125 3517 ,
1143 3487 1229 3510 eva-

281 3534 391 3558 cuans
404 3526 549 3560 umbras
573 3526 605 3560 &
624 3525 760 3567 figuras
786 3525 964 3567 Mosavcae
990 3525 1102 3571 legis,
1132 3527 1228 3563 unde

283 3573 610 3622 scribiturJoan.r.
623 3575 754 3610 Gratia
773 3600 782 3614 ,
804 3573 847 3612 (θ’
863 3577 1014 3613 Veritas
1023 3585 1086 3622 per
1103 3575 1228 3622 Jesitra

45 3639 98 3667 Sub
126 3640 184 3673 1ch
207 3642 244 3667 E·
281 3621 468 3668 Christum
491 3625 590 3670 safi'a
603 3628 652 3669 ⁶st
667 3651 674 3657 .
698 3625 791 3658 Hinc
807 3626 1034 3662 Sacramenta
1052 3637 1154 3660 nova:
1179 3629 1228 3663 le-

6 3700 16 3712 ,
46 3678 191 3715 vangelrca
205 3681 244 3707 vi-
283 3675 336 3719 gis
350 3675 513 3719 oportuit
530 3674 596 3710 effe
610 3672 850 3720 perfefiin'rnm
885 3677 918 3713 in
936 3687 1018 3710 vere
1035 3675 1227 3721 significan.

44 3717 243 3782 ‘'enni“ffgcc·
282 3724 330 3758 do
344 3750 354 3765 ,
382 3735 557 3769 quantum
584 3724 626 3759 ad
642 3723 886 3767 cognitionem
905 3753 914 3768 ,
941 3726 974 3759 8(
993 3727 1027 3761 ἱη
1042 3727 1230 3770 gratiam..

45 3762 151 3820 sfmc'fff,
168 3765 244 3821 {0522
285 3773 476 3820 persenam
491 3773 692 3809 causando:
711 3773 848 3819 praestat
864 3778 973 3823 igitur
990 3775 1063 3811 haec
1077 3779 1133 3811 lex
1150 3779 1230 3814 Mo-

45 3839 99 3858 nac
146 3832 242 3869 copio.
292 3824 405 3871 saycae
423 3851 433 3865 ‚
459 3824 491 3858 8(
515 3835 695 3866 qnantum
717 3823 760 3857 ad
782 3825 1012 3862 intensionem
1042 3826 1232 3874 perfeetio-

394 3874 485 3909 Tow.
505 3875 573 3910 III.

46 3483 95 3511 40.
107 3480 130 3505 o.
139 3478 245 3511 ⁴Quan-

48 3521 106 3540 tum
143 3515 181 3541 ad
203 3514 245 3551 sc.

46 3553 164 3579 cundum
181 3571 191 3582 .

1734 3884 1795 3920 Bb
1812 3886 1834 3918 b
2096 3889 2243 3927 ARTl.
