2628 4011
119 1003 147 1024 a.
160 992 221 1024 dist.
230 1001 279 1023 22.

83 1035 109 1068 §-
124 1032 278 1073 &spondeo

118 1383 143 1410 3·
155 1372 216 1404 dist.
229 1380 274 1409 ³4·

78 1416 104 1446 §-
118 1412 276 1442 Notandum

77 1452 196 1481 ulterius
210 1469 222 1482 ι

115 1643 276 1682 3.dist.25.

77 1691 105 1721 q·
123 1693 148 1713 x.-

111 3038 139 3055 ε..
149 3027 208 3055 dist.
218 3034 270 3064 430

75 3072 140 3103 q..·..
152 3076 179 3095 υ..
192 3075 223 3096 ιο

111 3454 136 3473 2:
148 3445 208 3475 dist.
220 3453 270 3482 4²·

96 3495 139 3520 -4
165 3484 194 3512 t'n
207 3484 269 3521 fine

97 3523 208 3555 liaiom't
223 3540 232 3559 ·.

763 143 922 191 Tamus
939 127 1020 194 m.
1041 147 1146 191 Par.
1161 143 1220 190 11.
1237 144 1428 221 Qaestio
1445 140 1631 194 LXXV.
1642 148 1744 196 Art.
1762 147 1845 195 ιιι.

340 216 451 252 cenda
467 215 548 252 esset
563 213 983 262 peccatum‚potiffimum
998 225 1037 247 ea
1051 215 1280 260 ratione,qua

337 270 422 312 quis
438 266 636 302 voluntarie
649 264 740 299 foret
754 264 922 306 ignorans
942 275 953 302 3
978 262 1047 298 Sed
1065 261 1169 307 juxta
1181 262 1278 301 hunc

335 317 558 354 intellectum
575 342 585 357 ‚
599 315 720 360 potius
733 312 840 360 ipsius
855 314 1052 348 voluntatis
1069 312 1166 349 actui
1177 316 1282 352 attri-

336 368 402 403 bui
417 368 522 404 debet
539 365 630 400 ratio
643 364 781 411 peceati
798 389 810 405 ‚
841 374 948 410 quam
965 364 1275 410 ignorantiae,quae

333 417 481 465 sequela
493 415 577 452 effet
590 414 788 451 voluntatis
803 414 955 450 nolentis
971 414 1148 451 addiscere
1164 440 1178 460 ,
1194 427 1275 462 quae

331 469 491 515 ignorat3
507 476 594 513 ergo
604 465 806 513 ignorantia
819 464 862 501 de
875 463 907 500 se
921 476 992 500 non
1006 465 1055 502 est
1070 475 1269 515 peccatum.

430 516 567 554 Contra
582 544 593 560 ‚
621 515 769 563 Magist.
786 515 911 552 2.dist.
928 525 1073 567 22.cap.
1090 517 1146 560 ςέἱ
1166 519 1273 561 enim,

329 580 377 606 ex
389 567 545 612 August.
559 570 613 604 De
625 568 740 613 gratia
759 567 793 604 8(
811 567 873 603 lib.
891 568 1049 617 arb.cap.
1065 579 1096 615 3.
1113 568 1164 605 Et
1176 567 1271 612 iicet,

327 618 456 666 inquit,
463 621 618 664 gravius
621 618 670 664 sit
678 616 1106 669 peccarescienter‚quam
1119 618 1270 666 nes'cien'-

327 680 408 710 ter,
435 680 500 705 non
510 669 589 705 ideo
612 680 729 706 tamen
746 668 1012 716 confugiendum
1028 671 1082 706 eff
1097 671 1148 706 ad
1167 673 1270 719 'igno-

325 722 454 759 rantiae
465 722 628 758 tembrar
638 747 651 764 ,
683 729 725 757 ut
738 722 776 756 in
787 722 836 755 eis
861 718 1046 767 qufsquam
1074 721 1268 765 excusatio-

322 781 400 805 nem
412 773 586 818 requirat.
601 770 732 809 Aliud
740 770 788 817 est
801 773 892 806 enim
905 771 1161 819 nesciffimliud
1165 771 1268 817 scire

320 818 466 868 noluiffi:
481 849 489 858 .
504 821 600 859 Cum
627 833 716 871 ergo
734 824 818 868 quis
836 817 920 861 scire
947 833 1019 861 non
1036 824 1116 859 vult
1147 835 1264 859 cunt,

319 870 421 919 possit
434 898 446 914 ,
470 871 672 920 ignorantia
690 875 892 921 imputatur
906 873 939 908 in
955 884 1157 921 peccatum,
1175 873 1266 922 ipsa-

317 932 387 969 que
398 933 585 970 peccatum
601 924 650 961 est
664 950 675 959 .

419 973 638 1023 Respondeo
655 1002 666 1017 ,
697 974 905 1020 Ignorantia
924 975 1039 1021 accipi
1071 975 1183 1022 potest
1199 987 1266 1024 pro

318 1022 466 1071 simplici
481 1025 672 1062 nescientia
691 1052 701 1066 ,
727 1027 760 1061 8(
779 1024 902 1061 rursus
917 1025 1071 1072 intelligi
1103 1026 1263 1062 carentia

316 1073 471 1111 scientiae
486 1077 584 1112 utilis
601 1104 612 1119 ‚
639 1077 694 1113 vel
707 1074 907 1112 necefl‘ariae
919 1074 961 1110 ad
976 1073 1266 1124 salutem-Juxta.

315 1126 469 1175 primam
481 1128 730 1176 acceptionem
747 1153 758 1169 ,
785 1125 980 1161 nescientes
1007 1126 1164 1162 Euclidis
1193 1128 1265 1163 ele-

315 1188 436 1213 menta
452 1205 462 1219 ,
488 1178 616 1216 Artem
634 1176 873 1215 methodicam
890 1203 899 1218 ,
926 1176 1261 1226 Metapliysicam‚&

314 1228 353 1264 in
367 1229 702 1265 universumtotum
720 1240 832 1272 genus
856 1227 1132 1274 speculabilium
1157 1226 1263 1273 obje-

312 1278 480 1322 δὶοτυιτι,
505 1279 653 1327 fimplici
670 1278 861 1316 nescientia
886 1279 1057 1314 dicuntur
1085 1279 1260 1314 laborare.

314 1329 510 1378 Propterea
535 1332 633 1379 quod
650 1331 742 1367 enim
773 1330 999 1365 scientiarum
1022 1327 1260 1370 speculativa-

314 1391 394 1416 rum
405 1392 520 1426 genus
537 1394 608 1417 non
626 1381 788 1429 perficiat
803 1381 985 1417 hominem
1004 1379 1048 1414 ad
1073 1382 1162 1415 bene
1174 1391 1262 1425 ope-

316 1430 466 1467 randum
484 1459 495 1473 ,
525 1433 642 1468 minus
657 1432 704 1467 est
721 1432 857 1467 homini
870 1429 1098 1466 necessarium
1112 1430 1152 1464 ad
1168 1430 1260 1467 reGie

315 1481 514 1518 vivendum
543 1482 735 1519 secundum
760 1483 932 1517 rationem
952 1494 964 1521 3
991 1480 1073 1515 ideo
1099 1479 1260 1515 nescien-

316 1530 366 1568 tia
396 1532 472 1567 baec
495 1534 550 1569 vel
582 1534 783 1580 ignorantia
809 1531 947 1568 homini
959 1542 1029 1566 non
1058 1532 1260 1580 imputatur

318 1582 361 1618 ad
378 1583 521 1629 culpam
536 1584 567 1620 8(
583 1595 770 1630 peccatum
788 1610 796 1619 .

420 1632 470 1669 At
488 1634 554 1669 alia
567 1633 715 1669 omnino
730 1632 779 1669 est
797 1633 890 1669 ratio
903 1644 1043 1675 eorum,
1055 1645 1135 1679 quae
1147 1633 1260 1668 homo

318 1686 436 1721 viator
450 1682 534 1718 scire
550 1693 692 1719 tenetur
705 1709 715 1724 ,
737 1694 780 1719 ut
795 1683 982 1731 perveniat
999 1683 1041 1718 ad
1067 1685 1259 1719 terminum

316 1735 403 1771 viae.
418 1736 516 1772 Nam
527 1732 657 1769 borum
677 1734 877 1778 ignorantia
893 1744 1081 1777 peccatum
1096 1733 1264 1780 grande,

315 1784 390 1828 est,
414 1794 527 1830 quum
539 1784 621 1831 quis
638 1782 680 1818 ad
696 1783 797 1819 usum
823 1784 973 1819 rationis
1005 1785 1207 1829 pervenerit
1222 1783 1258 1819 &

315 1832 425 1872 modo
437 1833 594 1870 humano
616 1832 744 1869 sciendi
770 1834 922 1869 facultas
946 1833 1041 1870 adest
1067 1833 1102 1868 8(
1134 1844 1262 1869 conte-

313 1884 522 1921 mnitur.De
539 1895 653 1931 quare
670 1884 758 1920 infra
771 1897 793 1932 q
821 1884 839 1919 8
851 1894 882 1930 3.
898 1884 1007 1929 qrt.6.
1022 1886 1119 1922 Nam
1134 1895 1262 1931 quem-

314 1946 387 1982 que
400 1934 542 1971 credere
554 1945 699 1982 oportet
712 1933 828 1970 Deum
844 1933 911 1970 effe
925 1935 1089 1971 omnium
1107 1934 1262 1970 Creato-

314 1997 389 2022 rem
406 2010 418 2026 ,
445 1986 478 2021 8(
493 1986 816 2022 Remuneratorem
829 1986 1009 2021 bonorum
1028 1997 1177 2028 operum
1196 2011 1207 2026 ,
1221 1986 1258 2021 &

314 2036 468 2073 ultorem
482 2037 657 2071 malorum
677 2049 689 2076 3
717 2047 756 2071 ac
772 2046 939 2080 praeterea
955 2035 1120 2083 inJesum
1148 2034 1262 2069 Chri-

313 2086 404 2123 stum
422 2086 617 2122 Dominum
629 2085 788 2122 nostrum
802 2110 815 2129 ‚
842 2096 965 2121 natum
982 2097 1025 2122 ex
1040 2087 1157 2122 Maria
1171 2085 1258 2121 Vir-

311 2136 397 2182 gine
409 2161 419 2176 ,
443 2146 603 2184 eumque
617 2134 677 2172 sua
702 2147 816 2171 morte
845 2135 1028 2173 redemisse
1055 2137 1255 2172 humanum

310 2196 426 2232 genus
442 2198 453 2226 ;
478 2185 512 2221 8(
530 2186 687 2232 denique
701 2187 838 2233 reliqua
855 2187 974 2222 omnia
992 2186 1167 2233 implicite
1185 2212 1194 2226 ‚
1208 2185 1257 2223 fic

311 2247 352 2273 ut
365 2245 511 2284 paratus
523 2235 562 2272 sit
577 2235 748 2273 assensum
764 2235 927 2282 praestare
943 2238 1013 2274 illis
1031 2238 1054 2274 si
1083 2237 1256 2283 explicite

313 2299 333 2322 a
351 2284 548 2333 majoribus
571 2286 747 2323 credenda
759 2299 1008 2331 proponantur
1024 2288 1068 2323 de
1091 2287 1254 2323 Eccleliae

313 2337 538 2373 authoritate
557 2360 569 2371 .
605 2336 668 2381 lpsi
683 2349 799 2374 autem
818 2335 979 2383 Maiores
995 2366 1004 2379 ‚
1037 2338 1070 2372 8(
1089 2335 1257 2373 pastores

311 2399 479 2424 tenentur
493 2386 535 2421 ad
550 2385 733 2423 sciendum
748 2414 758 2428 ‚
783 2387 817 2423 8(
835 2387 1052 2423 credendum
1068 2387 1180 2433 magis
1196 2398 1255 2422 ex-

311 2438 431 2484 plicite
446 2438 490 2473 iis
509 2463 520 2479 ,
546 2448 627 2484 quae
640 2438 675 2473 in
690 2437 874 2485 scripturis
887 2440 1120 2474 continentur
1137 2463 1147 2479 ,
1165 2438 1198 2472 8(
1213 2439 1258 2474 ab

313 2487 465 2524 Ecclesia
482 2498 751 2535 proponuntur:
767 2499 811 2523 ex
823 2499 898 2534 quo
914 2490 1008 2524 enim
1022 2489 1151 2524 suntin
1163 2486 1257 2523 statu

314 2537 555 2585 altioriquam
569 2537 745 2585 simplices
765 2565 774 2581 ,
798 2539 1010 2585 obligantur
1039 2539 1084 2573 ad
1105 2538 1256 2586 perfun-

314 2587 449 2623 dendos
461 2588 539 2622 illos
555 2589 689 2623 lumine
706 2589 963 2633 intelligentioe,
979 2588 1259 2635 doarinamque

315 2636 587 2686 impartiendam
603 2636 647 2673 de
659 2636 856 2673 necessariis
873 2639 915 2673 ad
930 2638 1075 2674 salutem
1091 2665 1098 2673 .
1114 2641 1259 2675 Horum

315 2700 402 2736 ergo
420 2688 707 2734 ignorantia‚tam
726 2689 759 2722 in
778 2688 994 2736 fimplicibus
1012 2701 1118 2736 quam
1137 2689 1173 2724 in
1193 2691 1259 2725 Pa-

314 2739 471 2775 fioribus
489 2736 853 2786 Eccleiiaepeccatum
873 2739 922 2775 est
940 2752 952 2781 ;
981 2739 1136 2775 fitamen
1153 2742 1189 2774 in
1201 2752 1257 2785 co,

312 2790 378 2835 qui
391 2786 476 2824 scire
488 2798 633 2824 tenetur
644 2786 832 2824 necessaria
846 2789 889 2824 ad
905 2789 1053 2825 salutem
1066 2801 1256 2827 concurrat

314 2838 445 2875 sciendi
463 2837 672 2886 possibilitas
689 2864 700 2880 ,
723 2849 792 2874 tam
807 2851 852 2875 ex
867 2850 966 2887 parte
978 2839 1053 2882 sui,
1074 2851 1182 2886 quarn
1212 2853 1257 2877 ex

313 2899 416 2938 parte
430 2888 594 2924 docentis
609 2901 620 2928 ;
647 2890 691 2924 iis
705 2889 798 2923 enim
816 2892 1118 2926 concurrentibus
1130 2891 1258 2925 condi·

314 2941 477 2976 tionibus
495 2965 506 2981 ,
524 2939 658 2975 adeout
670 2939 767 2974 vinci
784 2938 819 2973 8(
833 2941 943 2977 arceri
959 2950 1070 2987 queat
1085 2940 1257 2985 ignoran-

316 2993 365 3027 tia
383 3016 395 3036 ,
422 2989 444 3025 si
460 2989 801 3035 accidatignorare‚
833 2990 933 3038 quod
950 2990 1028 3026 sciri
1046 2991 1165 3037 potuit
1181 3016 1192 3032 ‚
1220 2992 1256 3027 8(

317 3041 468 3080 debuit3
489 3050 675 3088 peccatum
694 3041 940 3087 proculdublo
965 3040 1060 3076 adest
1086 3067 1098 3076 .
1119 3039 1256 3076 Rursus

318 3092 456 3128 ratione
473 3100 616 3126 errante
631 3090 665 3124 &
681 3101 838 3126 errorem
854 3090 1019 3138 superare
1035 3091 1178 3126 volente
1195 3116 1205 3131 ,
1221 3093 1257 3127 8(

318 3141 498 3178 dediscere
510 3151 585 3187 quo
596 3151 779 3187 perperam
796 3141 977 3184 imbutus,
994 3140 1028 3176 8(
1047 3141 1189 3176 nolente
1205 3153 1260 3176 ta-

318 3205 400 3228 men
425 3203 487 3240 per
511 3191 752 3236 ignorantiam
780 3190 928 3238 aliisque
951 3191 994 3226 de
1014 3190 1153 3232 caulis,
1175 3201 1258 3227 eum

318 3243 430 3279 homo
454 3252 536 3287 agat
552 3253 614 3288 per
638 3240 881 3286 cognitionem
905 3240 1261 3284 intellectualemfu-

318 3292 427 3329 binde
438 3303 481 3329 co
492 3293 603 3327 titulo
615 3302 738 3338 peccat
753 3318 764 3333 ,
787 3292 888 3339 quod
903 3302 1089 3341 peceatum
1103 3303 1147 3328 ex
1162 3303 1261 3328 erro·

319 3354 359 3380 re
373 3343 518 3379 rationis
529 3368 541 3384 ,
553 3341 689 3379 dicitur
701 3341 737 3378 &
751 3343 846 3379 res-ie
859 3369 870 3386 ,
894 3353 1083 3392 peccatum
1098 3354 1144 3378 ox
1155 3342 1261 3389 igno-

321 3393 437 3432 rantia
454 3417 463 3429 .

424 3443 483 3480 Ad
495 3453 706 3490 argumenta
721 3469 729 3477 .
746 3442 805 3479 Ad
823 3445 979 3491 primum
997 3441 1263 3491 respondeo,ad

322 3505 398 3530 earn
411 3493 619 3529 divisionem
632 3493 820 3541 positivam
835 3495 1054 3532 reducendas
1067 3492 1135 3529 effe
1151 3493 1184 3528 &
1199 3504 1265 3541 op·

325 3543 453 3592 positas
464 3543 664 3580 omiffiones
678 3569 688 3584 ‚
713 3544 846 3590 quibus
863 3558 933 3581 non
948 3547 1065 3582 minus
1095 3543 1265 3589 frequen-

326 3603 381 3630 ter
398 3605 567 3639 peccatur
585 3604 625 3628 ac
637 3591 698 3629 fiat
714 3606 775 3640 per
788 3593 879 3640 ipsos
894 3596 994 3632 aetus
1007 3594 1180 3643 positivos
1192 3621 1201 3630 ·
1220 3595 1264 3630 Et

327 3642 492 3692 profeao
503 3654 627 3679 contra
645 3643 758 3690 legem
774 3644 842 3679 Dei
855 3645 1268 3694 delinquimuS,quoties

324 3694 528 3730 omittimus
542 3693 791 3741 repraesentare
802 3695 904 3732 aetus
920 3722 931 3739 ,
942 3706 1035 3745 quos
1052 3705 1267 3735 concurren.

326 3745 427 3781 tibus
441 3743 715 3781 circumstantiis
730 3746 797 3780 loci
814 3771 825 3787 ‚
850 3749 1021 3795 temporis
1035 3772 1045 3787 ‚
1057 3744 1091 3780 8(
1108 3742 1268 3790 ejusmo-

333 3795 370 3831 di
385 3819 395 3836 ,
408 3793 578 3840 jubemur
593 3795 718 3831 elicere
733 3795 830 3832 .Sub
848 3808 1066 3846 praeccptnm
1078 3806 1198 3832 autem
1214 3808 1271 3833 ca·

442 3845 538 3880 Tom.
553 3843 622 3880 III.

2126 156 2159 200 '2
2170 165 2234 208 67
2280 199 2285 203 .

1352 214 1406 250 dit
1420 213 1600 250 addiscere
1614 215 1803 252 neceffa‘ria
1817 215 1861 251 ad
1888 216 2034 255 salutem
2050 247 2061 262 ‚
2090 234 2165 269 quo
2190 208 2298 267 jitxta

1357 266 1503 311 regulas
1515 264 1737 311 praescriptas
1748 293 1759 309 ‚
1785 266 1921 311 greffus
1935 269 2150 316 dirigamus.
2167 275 2292 309 Stante

1351 326 1474 351 autem
1487 316 1688 362 ignorantia
1702 317 1844 352 illorum
1857 344 1868 359 ,
1899 319 1932 354 ἃ
1948 319 1989 354 de
2002 322 2226 367 negligentia:
2240 324 2292 359 af-

1353 365 1450 403 fthu
1468 393 1480 409 ‚
1505 366 1682 414 depellere
1698 378 1768 402 non
1783 367 2027 414 satagentibus
2040 397 2050 410 ,
2065 373 2225 416 profes-{0
2239 387 2292 408 ta·

1352 417 1392 453 lis
1405 417 1604 463 ignorantia
1617 417 1810 464 culpabilis
1826 419 1898 461 est,
1926 419 1961 455 8(
1986 419 2135 458 subinde
2162 435 2291 470 pecca-

1347 477 1425 503 tum
1440 492 1450 502 .

1447 517 1506 555 Ad
1524 517 1716 554 secundum
1730 518 1919 559 dicendum
1938 546 1948 562 ,
1976 523 2142 568 quamvis
2167 525 2289 568 priva-

1347 570 1400 605 tio
1415 569 1537 616 gratiae
1555 569 1749 605 formaliter
1761 583 1831 606 non
1851 570 1889 605 fit
1907 582 2093 618 peccatum
2107 599 2117 613 ‚
2146 571 2201 607 sed
2214 587 2287 621 po:-

1348 632 1393 656 na
1406 619 1628 667 consequens
1642 621 1783 668 culpam
1801 620 2029 657 demeritorie
2055 625 2205 668 gratiam
2222 637 2287 661 ex·

1344 670 1548 707 cludentem
1566 698 1578 712 ,
1609 682 1763 707 attamen
1793 683 1873 707 cum
1907 683 2012 718 urget
2037 685 2286 721 praeceptum..-

1344 721 1552 768 disponendi
1565 721 1599 757 se
1614 723 1656 758 ad
1675 723 1786 764 illam,
1807 723 1827 758 fi
1842 721 1875 757 id
1892 734 1960 758 non
1980 722 2041 759 fiat
2059 749 2068 764 ,
2084 726 2285 769 imputatur

1343 772 1387 807 ad
1404 773 1544 819 culpam
1562 784 1773 819 novumque
1785 774 2021 809 committitur
2039 776 2286 822 peccatum-Et

1344 824 1478 871 paritet
1495 823 1695 867 ignorantia
1709 836 1833 859 eorum
1851 851 1862 866 ‚
1887 836 1968 871 quae
1979 827 2061 870 quis
2075 824 2162 860 scire
2185 836 2284 860 tene-

1343 883 1404 910 tur
1420 901 1431 916 ,
1456 874 1488 909 8(
1504 874 1632 920 utique
1648 873 1825 910 addiscere
1857 874 1970 922 potest
1985 901 1996 916 ,
2020 876 2208 922 culpabilis
2234 876 2283 912 est

1343 925 1376 960 8(
1396 925 1616 970 imputabilis
1629 925 1673 959 ad
1690 935 1877 971 peceatum
1901 927 2121 971 negligenti,
2149 937 2191 963 ac
2216 937 2282 962 no-

1343 974 1431 1011 lenti
1445 975 1632 1021 pervenite
1649 974 1692 1009 ad
1705 976 1870 1011 notitiam
1886 977 2029 1012 illorum
2044 1003 2055 1019 ‚

1441 1023 1500 1060 Ad
1514 1025 1660 1061 tertium
1674 1024 1906 1074 respondetur
1919 1026 1977 1063 fic:
1991 1028 2090 1062 Sicut
2108 1027 2142 1062 in
2156 1039 2284 1074 pecca-

1340 1085 1381 1111 to
1395 1073 1678 1118 transgreffionis
1694 1100 1706 1117 ‚
1730 1076 1836 1122 culpa
1866 1088 1935 1111 non
1962 1077 2053 1112 cons,
2063 1077 2118 1113 stit
2145 1079 2178 1112 in
2206 1077 2282 1113 solo

1342 1125 1426 1161 netu
1438 1126 1638 1162 voluntatis
1653 1155 1664 1171 ,
1689 1125 1744 1163 sed
1761 1127 1866 1162 etiam
1885 1127 1921 1161 in
1937 1125 2021 1162 actu
2048 1128 2160 1163 volito
2179 1154 2188 1169 ‚
2216 1131 2283 1174 qui

1339 1175 1389 1211 est
1405 1174 1599 1224 imperatus
1612 1189 1629 1212 a
1643 1178 1830 1213 voluntate
1849 1191 1861 1218 3
1887 1178 1934 1212 ita
1946 1177 1981 1212 in
1994 1189 2143 1224 peccato
2174 1178 2285 1212 omis-

1340 1227 1445 1262 {ionis
1457 1239 1527 1262 non
1547 1227 1660 1264 solum
1677 1227 1779 1263 aetus
1793 1229 1991 1263 voluntatis
2009 1228 2057 1264 est
2075 1239 2283 1275 peccatum,

1339 1275 1400 1313 sed
1413 1278 1519 1314 etiam
1532 1279 1605 1326 ipsa
1618 1277 1771 1319 omiffi0;
1786 1278 1998 1325 inquantum
2012 1278 2060 1314 est
2075 1278 2281 1324 aliqualiter

1339 1328 1547 1364 voluntaria
1563 1357 1573 1371 ‚
1595 1331 1628 1366 8(
1647 1330 1717 1363 hoe
1732 1330 1838 1363 modo
1850 1328 1920 1376 ipsa
1937 1329 2153 1376 negligentia
2170 1328 2280 1366 scien-

1340 1377 1400 1421 di,
1424 1380 1477 1413 vel
1495 1380 1568 1427 ipsa
1582 1379 1853 1415 inconsideratio
1864 1378 1912 1415 est
1928 1391 2114 1424 peccatum
2133 1405 2142 1414 .

1442 1432 1524 1467 Nos
1550 1431 1727 1471 dicimus,
1752 1430 1843 1465 hane
1881 1429 2145 1475 responsionem
2182 1430 2281 1468 essm

1340 1480 1632 1527 approbandam,
1655 1482 1739 1528 quia
1765 1492 1887 1516 revera
1912 1481 1979 1514 alia
2008 1479 2058 1515 est
2087 1482 2282 1518 formaliter

1338 1531 1475 1566 malitia
1488 1531 1588 1567 aetus
1605 1532 1794 1579 imperati,
1819 1532 1883 1566 alia
1896 1532 2104 1577 imperantis
2121 1560 2130 1573 ‚
2147 1534 2179 1568 8(
2201 1533 2284 1569 ideo

1338 1592 1511 1628 putamus
1526 1582 1643 1618 aetum
1658 1584 1873 1628 imperatum
1888 1592 1970 1615 cum
1987 1581 2191 1618 inordinate
2218 1596 2282 1629 po-

1339 1633 1437 1668 nitur
1474 1643 1519 1666 ex
1563 1643 1741 1679 praecepto
1770 1632 1919 1667 alterius
1947 1630 2076 1668 addere
2103 1633 2281 1669 malitiam

1341 1682 1437 1725 aestui
1452 1683 1664 1729 imperanti,
1685 1693 1726 1717 ut
1738 1681 1872 1717 dietum
1891 1680 1959 1718 fuit
1978 1680 2080 1730 supra
2096 1697 2129 1731 q.
2145 1692 2283 1720 20.art.

1341 1744 1375 1779 3.
1403 1732 1589 1779 Propriam
1614 1732 1738 1780 itaque
1767 1732 2020 1779 obliquitatem
2051 1736 2284 1771 attribu³mns

1337 1783 1552 1830 ignorantiae
1568 1808 1581 1825 ,
1604 1795 1685 1819 cum
1703 1781 1819 1827 potest
1833 1783 1866 1818 8(
1884 1781 1990 1818 debet
2006 1786 2138 1829 expelii
2169 1784 2284 1829 respe-

1337 1833 1399 1869 &u
1413 1843 1560 1875 eorum,
1584 1845 1742 1881 quorum
1757 1832 1885 1868 notitia
1898 1833 1947 1871 est
1961 1834 2152 1876 necessaria
2167 1836 2212 1872 ad
2231 1835 2284 1874 sa·

1333 1886 1447 1922 lutem
1461 1908 1473 1921 .
1603 1884 1606 1886 ’

1490 1982 2002 2023 ARTICULUS
2056 1986 2125 2022 ΙΙΙ.

1361 2080 1499 2124 Utrum
1515 2086 1716 2131 ignorantia
1731 2083 1884 2147 excuset
1897 2096 1944 2121 ex
1955 2095 2036 2120 toto
2050 2097 2069 2121 a
2084 2095 2259 2134 peccato.

1423 2173 1445 2201 -⁸
1483 2184 1998 2224 ARTicULus
2051 2186 2123 2223 iv.

1409 2285 1549 2322 Utrum
1566 2284 1771 2334 ignorantia
1788 2285 1965 2322 diminuat
1987 2295 2176 2336 peccatum
2195 2312 2206 2323 .

1451 2386 1567 2420 Orum
1585 2384 1717 2421 solutio
1737 2386 1978 2422 articulorum
2009 2388 2159 2424 evidens
2172 2386 2221 2423 est
2237 2399 2284 2424 ex

1465 2435 1570 2470 dietis
1590 2435 1691 2483 supra
1704 2447 1734 2483 q.
1754 2435 1789 2470 6.
1807 2445 1879 2472 art.
1897 2437 1930 2473 8.
1946 2438 2284 2484 ubiquaeritur,An

1334 2488 1537 2535 ignorantia
1547 2486 1667 2533 catqfet
1677 2484 2079 2524 involuntarium.Cum
2092 2491 2183 2524 enim
2198 2500 2279 2536 pec-

1334 2550 1455 2575 catum
1468 2535 1674 2583 usqueadeo
1691 2537 1940 2572 voluntarium
1956 2538 1994 2574 sit
2007 2564 2018 2580 ,
2031 2549 2071 2574 ut
2092 2550 2282 2586 peccatum

1334 2589 1401 2626 eise
1414 2599 1484 2624 non
1497 2587 1598 2635 poffit
1612 2612 1625 2630 ‚
1637 2587 1698 2622 nifi
1712 2585 1754 2622 de
1770 2588 1878 2623 libera
1892 2588 2080 2626 voluntate
2096 2589 2280 2636 procedat,

1333 2638 1498 2689 profefiio
1510 2637 1533 2673 si
1547 2637 1749 2683 ignorantia
1769 2637 1876 2673 efficit
1891 2637 2190 2681 involuntarium,
2206 2639 2281 2686 ipsa

1335 2689 1480 2740 prorsus
1493 2700 1509 2722 a
1527 2689 1633 2734 culpa
1657 2686 1805 2723 excusat
1825 2713 1837 2729 ‚
1868 2689 2043 2726 intantum
2062 2717 2072 2733 ,
2091 2701 2130 2725 ut
2144 2689 2280 2726 saelum

1335 2741 1479 2779 minime
1497 2737 1536 2773 sit
1551 2737 1764 2784 imputabile
1780 2737 1977 2774 facientiad
1992 2751 2178 2786 peccatum
2197 2753 2207 2780 ς
2226 2751 2283 2776 at-

1334 2804 1405 2841 que
1419 2793 1466 2826 ita
1478 2789 1621 2835 quoties
1641 2788 1845 2833 ignorantia
1871 2791 2038 2834 praecedit
2052 2801 2090 2826 ut
2112 2790 2280 2828 exinde«.

1334 2842 1446 2878 veluti
1461 2852 1477 2874 a
1491 2837 1593 2875 causa
1610 2837 1774 2875 nascatur
1788 2836 1936 2875 effecius
1958 2839 2181 2876 inordinatus
2199 2867 2209 2882 ,
2224 2851 2280 2875 to·

1334 2895 1402 2930 ties
1414 2888 1526 2926 abesse
1541 2888 1764 2936 dignoscitur
1776 2889 1884 2937 culpa
1921 2890 1955 2925 8(
1980 2893 2278 2937 peccatumtquia

1335 2945 1357 2980 fi
1371 2941 1471 2991 quod
1484 2941 1616 2976 latebat
1629 2936 1837 2976 innotuiffet
1856 2965 1866 2980 ‚
1893 2940 1993 2975 aliter
2010 2952 2063 2975 res
2095 2941 2278 2988 repraesen.

1333 3006 1408 3032 tata
1420 2992 1638 3037 eiset3eaque
1649 2987 1698 3025 est
1714 2987 1926 3036 Philosophi
1941 2989 2100 3026 dod-‘trina
2122 2993 2278 3037 3.Ethic.

1334 3054 1409 3094 cap.
1444 3055 1473 3079 1.
1494 3040 1672 3081 dicentis,
1701 3040 1939 3086 ignorantiam
1955 3066 1967 3082 ‚
1992 3041 2025 3076 8(
2053 3041 2278 3078 coastionem

1331 3093 1525 3133 excludere
1537 3090 1783 3127 voluntarium
1797 3115 1807 3123 .

1435 3145 1490 3180 Ex
1507 3153 1582 3190 quo
1613 3141 1652 3176 fit
1670 3152 1682 3180 3
1702 3149 1742 3175 ut
1757 3149 1874 3185 quoto
1898 3139 2012 3185 gradu
2042 3141 2274 3186 ignorantia..

1332 3196 1456 3232 adimit
1470 3192 1514 3228 de
1530 3190 1736 3226 voluntario
1750 3215 1761 3231 ,
1783 3189 1906 3224 eodem
1931 3189 2206 3227 diminutionem
2223 3191 2279 3227 su·

1333 3248 1416 3282 beat
1429 3246 1461 3280 &
1474 3252 1659 3291 peccatum
1681 3253 1692 3280 3
1718 3239 1751 3273 &
1767 3238 2074 3284 quemadmodum
2103 3243 2187 3287 quis
2202 3243 2280 3278 cul-

1333 3296 1501 3344 pabiliter
1514 3294 1653 3339 ignorat
1676 3288 1775 3335 quod
1791 3289 1852 3324 libi
1871 3289 2072 3325 faciendum
2102 3294 2157 3327 vel
2176 3304 2276 3329 non..

1336 3343 1538 3383 faciendum
1553 3340 1601 3377 est
1617 3367 1628 3383 ,
1653 3341 1701 3374 ita
1719 3338 1819 3374 secus
1830 3339 1965 3374 faciens
1984 3350 2024 3373 ac
2041 3342 2140 3376 aliter
2170 3342 2202 3378 se
2215 3355 2277 3389 ge-

1340 3407 1417 3434 rens
1434 3403 1557 3443 peccat
1571 3418 1582 3435 ,
1605 3389 1695 3427 idest
1723 3389 1935 3427 tantundem
1949 3392 2140 3438 gravitatis
2153 3393 2277 3441 praese-

2158 3444 2226 3479 fert

1375 3541 1426 3578 (a)
1464 3540 1572 3569 Contra
1585 3538 1638 3568 hoc
1650 3538 1762 3567 videtur
1775 3536 1872 3567 sentire
1885 3537 2034 3569 Durandus
2047 3549 2074 3568 2.
2089 3541 2119 3569 d:
2140 3560 2148 3568 .
2166 3548 2196 3569 ιι
2207 3547 2277 3575 4³.

1342 3589 1444 3618 negans
1455 3597 1465 3612 ‚
1486 3579 1672 3613 ignorantiam
1686 3578 1719 3606 de
1737 3576 1848 3606 formali
1862 3576 1913 3606 effe
1927 3588 2089 3616 peccarum;
2116 3580 2147 3606 cd
2171 3586 2278 3607 tantuin

1343 3619 1454 3647 ratione
1466 3616 1584 3646 adiuncti
1596 3616 1691 3654 ‚quod
1706 3615 1754 3651 est,
1770 3616 1858 3655 inquit
1869 3634 1879 3650 ,
1891 3618 2058 3657 negligentia
2069 3615 2246 3651 addiscendi„
2255 3618 2280 3648 cl

1345 3656 1476 3685 voluntas·
1489 3664 1545 3683 non
1561 3655 1737 3684 addiscendi.

1421 3694 1561 3722 videndus
1572 3695 1727 3723 Bonavent.
1737 3693 1838 3723 ibidem
1849 3700 1905 3723 art.
1919 3702 1947 3723 2.
1957 3705 1983 3733 q.
1998 3704 2026 3723 ι.
2035 3695 2062 3722 8(
2073 3694 2225 3724 aichardus
2234 3703 2283 3724 ea-

1343 3732 1408 3763 dem
1420 3732 1488 3760 dist.
1501 3739 1557 3761 art.
1570 3740 1596 3760 2.
1609 3743 1635 3770 q.
1648 3741 1676 3760 ι.

1421 3770 1526 3799 νὶάςῐῐς
1538 3770 1716 3809 Vasqucfium
1726 3779 1740 3799 a
1752 3768 1819 3810 disp.
1837 3779 1847 3799 ι
1857 3773 1903 3800 1⁸.
1916 3771 2034 3811 &seqq-
2047 3773 2119 3802 circa
2144 3770 2212 3801 lianc
2224 3781 2284 3801 ma-

1346 3811 1445 3840 teriam
1454 3810 1533 3838 ntilia
1547 3810 1635 3838 muita
1647 3818 1847 3849 congerentem
1859 3828 1869 3842 .

1726 3850 1840 3883 le

2324 2434 2344 2464 4
2355 2425 2430 2455 dist-t
2439 2436 2452 2462 ς
2460 2433 2526 2466 .q.2.

2325 2470 2347 2497 ο.
2375 2466 2419 2492 De
2444 2463 2527 2497 tertie

2325 2503 2444 2535 articulo
2457 2523 2468 2533 .
