2653 4057
69 1321 85 1352 §
89 1337 97 1346 .
101 1321 189 1352 Quart
193 1324 200 1339 ι’
204 1325 251 1344 um
269 1316 308 1346 ad

64 1356 217 1397 secundum
228 1372 238 1383 ·

894 158 1057 209 somus
1077 159 1154 210 III.
1189 164 1317 210 Part.
1345 157 1385 207 Ῑ.
1426 160 1622 231 Qaestio
1642 162 1675 209 Ι.
1705 166 1811 214 Art.
1841 168 1897 214 V.
2250 187 2285 235 7

361 229 489 279 'gendo
500 227 613 279 ipsum
625 226 755 275 perfici
769 227 932 276 pluribus
944 229 1121 277 ejusmodi
1137 231 1327 278 perieffio·

363 283 476 320 nibus
489 308 501 324 ,
521 279 714 330 perfee‘tim·
737 278 903 326 profeuo
921 280 1186 325 intelligeretur
1201 307 1214 324 ,
1236 292 1326 329 prae-

361 332 485 369 sertim
497 343 580 368 cum
598 331 719 379 plures
733 329 796 365 fibi
813 329 925 367 adfint
938 330 1111 378 potentiae
1137 330 1325 378 perficien-

362 384 418 419 ὄπ
435 396 449 425 3
478 393 567 429 ergo
579 394 651 418 non
665 382 715 420 est
734 381 1015 424 inconveniens,
1045 381 1229 419 hominem
1242 379 1326 421 ferri

353 434 399 472 'itt
410 436 532 484 plures
542 433 690 470 ultimos
705 433 796 471 fines
807 457 817 467 .

458 483 654 526 Praeterea,
682 482 869 532 Quamvis
892 479 1055 531 suprema
1078 482 1326 520 naturaintel·

357 532 528 572 ‘estuans
540 534 695 583 postulet
712 532 834 582 perfici
849 533 1011 570 ultimate
1022 535 1058 569 in
1071 531 1235 582 supremo
1245 546 1325 581 per·

363 584 515 624 fefflbili
528 613 541 631 ‚
564 585 598 623 8(
616 596 764 634 propter
779 583 813 621 se
827 585 1012 633 appetibili
1029 597 1042 626 3
1063 583 1175 620 homo
1191 584 1323 621 nihilo·

361 637 486 676 minus
508 649 581 673 non
605 635 656 674 est
681 634 844 683 suprema
885 647 1015 672 natura
1055 633 1322 672 intellcfftualis.

360 682 459 726 Nam
479 686 745 733 intelligentiae,
756 684 835 733 post
852 685 1025 729 Primum,
1037 695 1158 721 tenent
1169 684 1323 732 gradum

361 737 566 785 supremum
582 739 720 780 3homo
733 748 822 774 vero
837 735 886 774 est
905 738 1011 783 longe
1022 735 1092 772 illis
1105 735 1323 777 inferior3er-

360 802 409 839 go
420 789 636 829 sufficienter
647 788 805 826 humana
819 788 988 825 voluntas
1010 785 1199 836 perficitur
1218 787 1251 822 in
1278 785 1321 822 fi-

358 853 404 879 ne
417 868 428 885 ‚
448 844 513 890 qui
525 855 569 881 ex
585 840 618 877 se
634 852 707 876 non
724 839 761 875 lit
774 837 982 886 supremum
998 838 1192 887 appetibile
1206 866 1217 876 .
1236 840 1321 874 l-loc

359 904 483 930 autem
495 891 642 932 admili'o
655 918 665 933 ,
686 889 815 928 Statim
829 889 994 937 sequitur
1004 916 1014 930 ‚
1034 889 1102 925 effe
1115 887 1211 936 poli‘e
1224 889 1319 924 illius

358 944 480 993 plures
497 945 647 981 ultimos
679 941 769 978 fines
796 965 807 977 .
837 942 945 978 Prob.
966 942 1071 977 antis.
1086 937 1318 986 persensiit-a„

357 995 640 1044 cot-respondere
667 992 803 1030 habent
841 992 979 1028 naturIS
1017 991 1320 1040 perfeaibilibus,

356 1043 469 1091 juxta
479 1046 631 1090 gradum
645 1072 656 1086 ‚
670 1045 704 1081 8(
724 1043 982 1092 perseftionem
997 1054 1122 1080 earum
1137 1055 1148 1083 3
1165 1053 1252 1088 ergo
1264 1043 1320 1078 uti

354 1097 576 1146 perfeftibili
597 1095 766 1144 supremo
777 1093 1032 1141 correspondet
1047 1093 1211 1141 suprema
1237 1104 1319 1140 per·

355 1148 466 1184 fefiio
478 1175 487 1190 ,
500 1149 548 1184 ita
562 1146 728 1184 inferiori
743 1145 959 1194 perfec-libili
972 1144 1126 1184 debetur
1139 1143 1314 1193 perfec-'tio

350 1198 530 1236 inferioris
543 1197 677 1246 gradus
689 1224 697 1233 .

453 1249 593 1287 Contra
609 1276 619 1292 ,
647 1248 683 1285 Si
698 1247 809 1284 homo
819 1247 1050 1285 ordinaretur
1063 1246 1106 1283 ad
1119 1245 1213 1282 duos
1230 1273 1243 1294 ‚
1256 1247 1314 1283 vel

351 1302 475 1349 plures
492 1300 645 1337 ultimos
657 1299 770 1341 fines,
802 1300 837 1334 in
855 1300 904 1335 eis
918 1326 928 1341 ‚
952 1300 1007 1335 vel
1025 1298 1144 1334 saltem
1169 1297 1205 1333 in
1220 1300 1314 1333 duo.

348 1354 415 1390 bus
428 1379 442 1397 ,
467 1351 534 1389 effe
545 1351 656 1398 posset
670 1350 852 1397 complete
865 1351 993 1386 beatus
1022 1374 1032 1385 .
1059 1351 1141 1385 Hoc
1157 1359 1313 1385 autem..-

347 1403 398 1441 est
425 1403 711 1445 inconveniens,
730 1412 771 1436 ac
800 1400 1038 1442 imnoffihile,
1065 1400 1098 1435 8(
1123 1401 1313 1444 probatur:

346 1458 447 1493 Nam
460 1465 620 1499 utroque
635 1464 762 1489 eorum
778 1451 921 1487 divisim
935 1450 1079 1487 sublato
1090 1475 1101 1491 ,
1127 1450 1312 1487 nihilomi-

346 1517 417 1544 nns
427 1505 510 1543 esset
525 1508 654 1543 beatus
671 1517 683 1546 ;
700 1515 786 1548 ergo
798 1504 833 1540 in
851 1514 981 1539 neutro
992 1501 1040 1539 est
1055 1502 1198 1539 beatus.
1212 1504 1311 1539 Rur-

347 1556 425 1593 sum
441 1584 449 1598 ,
473 1553 831 1595 Rttioniconsonunt
847 1564 993 1600 apparet
1007 1553 1212 1600 quietatutn
1230 1566 1311 1600 per-

348 1607 442 1642 fe&e
456 1608 490 1641 in
507 1618 581 1640 uno
592 1605 741 1640 ohiefito
757 1604 949 1650 adaequato
961 1629 972 1646 ,
987 1616 1058 1639 non
1072 1602 1169 1651 posse
1185 1605 1221 1639 in
1239 1605 1311 1642 alio

339 1654 496 1703 nhjeeto
508 1655 662 1699 quietari
677 1678 688 1691 .

452 1705 667 1751 Respondet>
686 1729 697 1744 ‚
724 1702 916 1737 dicendum
931 1731 940 1745 ‚
971 1703 1048 1740 fieri
1072 1706 1221 1740 omnlno
1236 1718 1307 1742 non

346 1756 446 1805 posse
457 1779 470 1798 ‚
480 1767 522 1792 ut
533 1754 694 1791 hominis
705 1754 813 1789 unius
827 1753 995 1787 voluntas
1016 1754 1114 1787 simul
1130 1754 1162 1789 se
1175 1755 1307 1791 habeat

346 1807 390 1843 ad
403 1806 544 1845 diversa
561 1833 572 1848 ‚
596 1805 687 1841 ficut
705 1803 746 1838 ad
775 1802 921 1838 ultimos
940 1800 1028 1837 fines
1046 1826 1056 1836 .
1088 1803 1307 1836 Declaratio:

344 1859 459 1897 Nulla
495 1854 793 1895 intelleflualium
834 1863 1045 1888 naturarum
1075 1852 1241 1888 ultimate
1273 1853 1307 1889 8(

344 1911 524 1956 complete
535 1906 721 1958 perficitur
738 1902 820 1946 ,nili
834 1903 1000 1943 potiatur
1012 1901 1182 1950 supremo
1198 1916 1308 1952 appe-

343 1961 435 1997 tibili
448 1987 457 1999 ,
471 1960 505 1995 8(
521 1955 672 2004 quidem
687 1969 726 1993 ea
737 1952 1179 1998 perfeffioneffecundum
1194 1966 1307 2000 quam

345 2010 503 2058 poliibile
518 2011 580 2047 libi
594 2009 643 2047 est
657 2007 746 2044 illud
759 2004 929 2054 poiiidere
943 2030 954 2041 .
980 2006 1120 2041 Natura
1136 2005 1307 2053 quippe..

342 2062 593 2101 inteneftualis
621 2061 638 2105 (
665 2071 711 2096 ex
738 2057 843 2093 dietis
860 2063 921 2091 art
945 2054 1085 2103 praeced
1110 2057 1227 2104 )nata
1253 2055 1305 2092 est

340 2117 523 2156 ultimate,
539 2114 568 2150 3<
589 2112 742 2150 maxime
752 2107 890 2156 perfici,
920 2107 954 2142 8(
974 2106 1008 2142 in
1023 2118 1066 2141 eo
1084 2105 1160 2142 solo
1176 2133 1188 2149 ,
1203 2107 1306 2155 quod

341 2167 392 2204 est
411 2164 471 2203 libi
501 2175 648 2214 propter
665 2161 697 2198 se
715 2158 912 2197 volendum
933 2170 944 2198 ;
972 2168 1059 2202 ergo
1080 2169 1152 2194 non
1180 2157 1298 2205 potest

341 2219 508 2256 ultimate
531 2214 680 2261 pet-fici,
703 2210 766 2249 nili
797 2208 968 2253 pollideat
993 2208 1104 2251 illud,
1134 2208 1223 2244 licut
1251 2208 1302 2248 est

339 2269 500 2319 possibile
511 2268 555 2303 ab
569 2279 607 2303 ea
620 2266 643 2301 h
670 2265 746 2303 bsri
761 2289 771 2298 .
790 2264 874 2299 Hoc
886 2259 1090 2307 supremum
1104 2262 1302 2305 appetibile

338 2331 488 2369 propter
500 2317 533 2353 se
545 2317 742 2354 volendum
755 2314 902 2350 unicum
915 2311 1066 2346 omnino
1077 2309 1126 2345 est
1139 2324 1151 2352 ;
1169 2312 1202 2346 in
1220 2311 1299 2357 ipso

337 2371 432 2408 enim
446 2369 495 2408 est
514 2369 624 2406 status
639 2369 676 2405 in
702 2363 960 2411 appetibilibus
987 2374 997 2397 ε
1024 2362 1179 2408 Reliqua
1203 2364 1298 2398 enim

336 2423 462 2458 omnia
492 2420 572 2457 sunt
595 2431 743 2464 propter
771 2414 860 2451 illud
888 2412 1121 2460 appr-renda3
1145 2424 1233 2459 ergo
1259 2414 1296 2449 &

338 2475 472 2508 unicus
497 2470 642 2520 prorsus
657 2469 706 2506 est
735 2467 818 2503 linis
842 2462 1095 2509 cujuscunque
1123 2463 1298 2507 hominis,

336 2523 413 2558 imo
426 2525 456 2559 ἃ
473 2520 648 2559 universa:
659 2530 796 2556 naturae
809 2513 1064 2552 inveneri-malis
1086 2539 1096 2548 .
1119 2513 1295 2553 Deinde„

337 2572 508 2621 supremo
523 2573 708 2620 appetibili
725 2581 796 2605 ron
812 2566 965 2614 adepte,
998 2567 1049 2601 uti
1064 2564 1223 2613 possibile
1245 2567 1296 2604 est

338 2635 504 2661 naturam
534 2622 812 2660 intelleetualem
839 2616 921 2663 ejus
949 2617 1055 2663 potiri
1070 2642 1081 2658 ,
1105 2618 1295 2663 potentia„

337 2683 512 2723 appetens
525 2686 642 2710 manet
659 2672 809 2708 omnino
830 2667 1065 2715 imperfefit33
1091 2666 1139 2702 est
1166 2670 1298 2702 enim..-

337 2723 484 2774 praecise
497 2723 729 2768 perfeffibtlis
743 2723 834 2757 ineo
849 2745 860 2761 ,
888 2717 989 2765 quod
1013 2717 1221 2764 {impliciter
1244 2715 1295 2751 est

337 2785 486 2823 propter
499 2775 532 2812 se
544 2773 755 2811 volendum,
782 2772 816 2807 8(
835 2771 870 2805 in
886 2769 989 2805 nullo
1004 2769 1101 2809 alio3
1127 2779 1215 2815 ergo
1240 2766 1295 2801 ni-

336 2823 388 2862 hil
418 2825 518 2861 aliud
532 2826 580 2861 est
597 2825 748 2860 ultimus
764 2820 846 2857 finis
862 2820 998 2868 ipfius,
1021 2831 1061 2854 ac
1077 2818 1208 2855 etiarnsi
1227 2829 1296 2853 cae-

332 2887 408 2913 tera
430 2877 553 2911 omnia
566 2875 663 2912 simul
680 2875 767 2911 velit
783 2898 794 2915 ,
823 2882 933 2918 atque
944 2870 1141 2907 eorundem
1166 2867 1298 2917 plenis-

334 2926 421 2964 sime
432 2927 596 2973 potiatur
614 2952 624 2967 ,
647 2925 794 2962 minime
816 2933 920 2960 erunt
950 2921 1011 2957 libi
1039 2922 1159 2957 ultimi
1189 2921 1295 2965 fines,

334 2977 397 3014 sed
409 2978 489 3013 talis
504 2977 646 3024 praecile
657 2975 705 3012 est
723 2999 736 3018 ‚
762 2972 861 3022 quod
875 2982 1023 3020 propter
1035 2971 1069 3008 se
1086 2972 1296 3019 (impliciter

333 3027 386 3065 est
403 3029 598 3065 volendum
617 3053 628 3065 .
654 3025 784 3062 Tertio
796 3023 940 3061 tandem
955 3035 1001 3058 ex
1016 3022 1136 3059 medio
1147 3024 1295 3059 univer-

331 3079 452 3114 saliori
465 3077 619 3128 idipsum
633 3078 766 3125 prob0;
775 3078 872 3113 Nam
885 3075 920 3109 in
935 3073 1153 3110 habentibus
1168 3086 1295 3121 quem-

332 3140 482 3176 cunque
499 3131 700 3179 appetitum
717 3153 727 3169 ‚
757 3126 829 3162 sive
849 3124 1036 3160 animalem
1052 3151 1064 3166 ,
1089 3125 1161 3160 five
1183 3126 1294 3160 etiam

334 3181 552 3222 naturalem,
569 3192 640 3216 non
659 3176 873 3222 intelligitur
890 3187 1015 3211 eorum
1033 3175 1197 3211 ultimata
1215 3185 1296 3222 per·

334 3230 445 3267 festio
456 3256 467 3274 ,
482 3231 546 3267 nili
562 3231 688 3266 habito
699 3240 744 3264 eo
758 3255 768 3271 ‚
779 3226 878 3274 quod
894 3226 954 3261 tali
971 3226 1135 3273 appetitu
1148 3236 1296 3272 propter

335 3280 370 3317 se
385 3283 568 3327 appetitur
593 3306 602 3316 .
628 3277 1078 3332 Qteimperfeffionem
1102 3275 1296 3323 aliquam„

335 3330 516 3380 praesefert
533 3343 641 3378 grave
657 3341 760 3366 extra
787 3338 950 3364 centrum
968 3326 1122 3363 existens
1137 3353 1145 3368 ‚
1177 3328 1209 3362 8(
1229 3329 1296 3362 im·

335 3382 520 3431 perfeetus
536 3381 585 3418 est
600 3381 787 3418 sensitivus
816 3378 996 3426 appetitus
1007 3388 1131 3413 carens
1155 3376 1295 3413 summo

337 3432 403 3469 libi
420 3433 659 3469 conveniente
675 3445 687 3473 3
710 3442 800 3477 ergo
813 3431 847 3465 in
861 3429 1111 3475 quodcunque
1124 3430 1295 3465 bonum.»

337 3484 475 3520 feratur
502 3483 661 3519 humana
693 3483 860 3517 voluntas
877 3507 891 3527 ‚
919 3480 949 3515 3<
981 3490 1105 3525 quant.
1121 3490 1294 3526 cunque)

335 3533 658 3571 fibiabintelleau
685 3531 894 3568 ostendatur
920 3531 1087 3571 bonitas,
1113 3531 1294 3577 eamque)

336 3594 418 3619 toto
433 3596 567 3620 conatu
581 3582 843 3632 compleantur
859 3609 868 3623 ‚
897 3592 937 3615 ac
955 3581 998 3618 de
1014 3581 1135 3616 eadem
1154 3593 1193 3616 ut
1215 3583 1294 3625 pos-

337 3633 421 3671 sessa
444 3635 573 3672 habeat
585 3633 884 3682 complacentiam
900 3659 909 3674 ,
931 3630 1068 3678 semper
1083 3631 1292 3678 imperfesta

337 3686 650 3730 etitsscnunquam
666 3683 980 3731 conquiescet,nisi
996 3683 1103 3717 modo
1117 3684 1147 3717 ei
1159 3695 1294 3719 convc-

341 3737 460 3771 niente
478 3736 511 3771 8(
538 3735 686 3784 possibili
700 3735 840 3771 fruatur
852 3746 907 3775 eo,
923 3732 1022 3780 qnod
1036 3733 1084 3768 2·st
1099 3746 1244 3780 propter
1259 3733 1294 3770 se

343 3785 605 3831 appetendum3
622 3785 680 3824 seu
692 3797 780 3831 ergo
794 3785 854 3820 libi
868 3787 1036 3820 ultimum
1051 3784 1157 3820 finem
1171 3786 1203 3820 in
1219 3785 1295 3821 aliis

344 3835 450 3872 bonis
464 3836 659 3884 praestituat
672 3864 684 3880 ,
699 3835 759 3873 seu
770 3837 815 3872 ab
830 3836 964 3873 ratione
975 3845 1112 3872 errante
1126 3862 1137 3879 ,
1152 3846 1190 3872 ut
1205 3837 1295 3873 tales

112 1279 306 1314 tssd.2.q.3.

89 1868 211 1898 Vedebis
223 1869 300 1908 Mag.

70 1906 224 1944 Hiquaeum
238 1907 300 1936 sub-

69 1945 173 1980 tiliter,
183 1955 214 1974 ac
225 1946 300 1975 ddu-

69 1984 132 2012 cide
186 1994 302 2015 totam..

68 2021 138 2051 hanc
166 2022 303 2053 literam

67 2061 269 2101 expendentem
290 2082 301 2093 ·

1397 230 1707 277 praeostendantur
1719 259 1730 273 ‚
1744 246 1927 281 nunquam
1939 236 2086 272 omnino
2098 237 2164 274 erit
2176 240 2353 282 ultimate,

1400 279 1435 315 8(
1452 281 1606 318 maxime
1638 282 1820 328 perfeeta,
1846 296 1885 319 ut
1903 286 2010 333 ipsius
2040 288 2209 323 nobilitas
2231 289 2351 336 perfici

1398 330 1570 377 postulat,
1584 331 1646 367 nili
1659 332 1784 369 habito
1795 333 1868 374 illo,
1880 337 1979 381 quod
1993 336 2245 383 simplicitetssc
2261 351 2351 386 prae-

1397 379 1468 417 eise
1481 381 1530 419 est
1545 393 1695 430 propter
1708 382 1740 420 se
1756 383 1952 421 volendum
1967 411 1978 427 ,
2005 399 2044 421 ac
2060 387 2209 434 proinde
2224 414 2237 431 ,
2269 388 2350 436 ejus

1396 429 1548 469 essenon
1564 431 1706 480 possunt
1720 435 1840 483 plures
1855 434 1972 470 ultimi
1988 435 2075 473 fines
2090 464 2099 473 .

1500 483 1571 519 Pro
1585 484 1760 521 exaffiori
1773 482 1951 520 distorum
1970 485 2207 526 declaratione
2222 515 2234 532 ,
2247 489 2352 525 intel·
2417 513 2445 544 D
2487 515 2494 546 Ι
2648 522 2651 525 Δ

1396 531 1583 577 figendum
1598 559 1611 577 ,
1639 536 1673 570 in
1688 536 1832 571 entibus
1843 534 2002 581 aliquam
2019 537 2086 573 effe
2095 539 2348 585 perfefflonem
2381 524 2484 582 (θεὴ-ἕρ
2497 525 2610 593 ᾗξξῖ

1394 583 1545 631 primam
1559 611 1570 627 ,
1594 586 1751 633 aliquam
1780 584 1970 621 secundam
1983 612 1993 627 ,
2017 598 2079 623 aut
2100 590 2197 633 quast
2228 590 2355 627 secun-
2379 593 2408 619 &
2434 573 2566 634 *sc-'cunda
2597 577 2614 626 ³.

1394 633 1475 669 dam
1489 660 1500 671 .
1514 634 1690 672 PerfeEtio
1703 637 1812 684 prima
1828 635 1876 671 est
1890 662 1898 676 ‚
1913 637 2060 684 quando
2076 639 2162 675 nihil
2178 640 2271 676 deest
2285 654 2346 677 eo·
2379 630 2526 697 qums-que
2557 633 2614 664 ἅθ’
2649 674 2651 679 .

1394 695 1475 720 rum
1490 711 1504 729 ,
1517 697 1597 733 quae
1609 688 1786 734 pertinent
1799 684 1844 722 ad
1858 689 2014 734 primum
2029 687 2095 736 effi²
2108 692 2155 727 rei
2171 717 2181 733 ,
2197 693 2296 739 quod
2312 694 2346 729 8(
2377 677 2393 697 ⁶
2407 677 2496 700 amm
2508 689 2517 700 ⁸

1392 734 1573 774 essentiale
1585 737 1826 774 res-'tedicitur
1846 762 1856 771 .
1873 735 2036 775 Secunda
2050 766 2061 782 ,
2088 752 2170 777 cum
2187 741 2275 778 nihil
2288 744 2350 779 de-

1394 785 1570 824 sideratur
1595 800 1640 824 ex
1677 789 1721 825 iis
1735 815 1745 830 ,
1772 788 1910 836 qu'bus
1941 788 2006 837 effe
2038 789 2233 828 secundum
2259 794 2350 830 inte·

1391 848 1521 884 gratur
1549 865 1557 874 .
1583 839 1852 877 Perfefflonum
1867 839 2104 878 secundarum
2117 844 2283 890 quaedam
2296 845 2349 880 in·

1389 887 1552 925 trinsecae
1566 888 1661 932 sunt,
1673 902 1739 927 nec
1751 889 1980 936 conjungunt
1991 891 2142 939 id‚quod
2153 894 2347 941 perficiunt

1392 950 1476 974 cum
1490 939 1694 977 extrinseco
1706 941 1905 988 perfeffivo
1922 969 1933 985 ‚
1961 944 2014 978 uri
2041 943 2119 980 sunt
2136 947 2260 984 animi:
2279 957 2346 991 po-
2404 941 2613 976 perfectionum
2649 939 2652 969 ἕ

1390 991 1512 1026 tentiae
1523 991 1645 1038 quoad
1661 1003 1783 1028 earum
1798 992 1917 1028 abtum
1932 995 2086 1041 primum
2105 1021 2117 1037 ,
2137 1006 2345 1043 caeteraque
2378 979 2557 1011 sec¹¹⁰²¹⁸¹¹m
2567 985 2615 1015 ²¹¹3
2648 985 2652 995 ’

1389 1040 1565 1088 pastiones
1581 1043 1615 1077 in
1633 1055 1703 1078 rem
1721 1042 1869 1079 eandem
1883 1055 1963 1079 cum
1977 1043 2120 1081 essentia
2136 1046 2342 1082 coinciden-

1391 1101 1446 1126 tes
1471 1117 1480 1127 .
1512 1092 1692 1142 deam
1707 1091 1796 1129 vero
1810 1094 1889 1129 sunt
1917 1095 2154 1142 perfec-*tiones
2181 1095 2344 1134 secundae

1390 1141 1620 1190 respicientes
1648 1142 1890 1181 extrinsecum
1923 1145 2161 1193 perfefitivum
2175 1174 2186 1189 ,
2217 1147 2290 1184 esto
2307 1149 2342 1184 8(

1387 1192 1473 1240 ipsae
1485 1194 1685 1231 intrinsecae
1703 1194 1782 1238 fint,
1799 1207 1909 1243 atque
1925 1197 1960 1231 in
1975 1209 2018 1232 eo
2033 1198 2346 1246 perficiuntquod

1387 1242 1593 1281 extrinseco
1608 1244 1840 1293 conjungunt
1856 1246 2054 1294 perfefflvo
2079 1275 2088 1285 .
2114 1250 2247 1286 Etralis
2261 1253 2346 1298 qui-

1387 1294 1470 1330 dem
1484 1294 1660 1342 perfestio
1685 1296 1734 1333 est
1750 1298 1914 1344 operatio
1925 1300 2044 1333 omnis
2060 1325 2070 1342 ,
2098 1301 2251 1347 propriae
2279 1312 2346 1349 po·

1389 1348 1513 1382 tentiae
1526 1346 1722 1394 perfectiva
1737 1374 1749 1391 ,
1779 1347 1814 1383 &
1828 1349 2006 1396 praecipue
2021 1349 2212 1386 beatitudo
2223 1378 2236 1394 ,
2259 1364 2341 1399 quae

1387 1395 1611 1434 ostomnium
1638 1397 1886 1446 perfefflffima
1909 1425 1917 1434 .
1950 1402 2031 1437 Nec
2058 1401 2189 1439 mirum
2205 1427 2217 1444 ‚
2239 1402 2343 1450 quod

1386 1448 1525 1495 aliquid
1539 1448 1748 1494 perficiatur
1761 1450 1796 1484 in
1807 1448 2010 1486 extrinseco
2024 1478 2035 1494 ,
2058 1453 2144 1500 quia
2167 1453 2348 1499 attingen-

1386 1498 1436 1534 do
1446 1498 1687 1537 extrinsecum
1701 1528 1712 1543 ,
1735 1501 1769 1537 &
1786 1502 1962 1543 maxime,
1981 1501 2004 1536 fi
2018 1501 2067 1538 est
2086 1501 2280 1550 perfeffius
2298 1504 2346 1548 se,

1386 1550 1520 1597 accipit
1531 1550 1740 1587 ulteriorem
1758 1550 2144 1600 perfe6l:ionem,quam
2159 1555 2267 1603 posset
2281 1555 2346 1591 ha.

1388 1601 1471 1637 bere
1485 1600 1519 1636 in
1533 1599 1565 1637 se
1579 1627 1591 1644 ,
1613 1603 1646 1638 8(
1663 1602 1706 1637 ad
1721 1601 1773 1638 se.
1793 1603 1919 1648 Atque
1936 1614 1976 1637 ea
1994 1605 2132 1641 ratione
2149 1607 2345 1652 ignobilio-

1387 1663 1423 1686 ra
1441 1651 1681 1698 perficiuntur
1697 1654 1733 1690 in
1749 1653 1991 1690 nobilioribus
2006 1681 2017 1696 ,
2039 1667 2110 1692 non
2136 1656 2238 1703 quod
2255 1669 2344 1693 eva-

1384 1701 1471 1736 dant
1484 1702 1542 1735 illa
1554 1703 1719 1744 retliter,
1745 1714 1808 1738 aut
1830 1705 1880 1739 eis
1903 1703 2098 1742 inhaereanr
2126 1706 2338 1749 formaliter;

1385 1749 1444 1787 sed
1459 1762 1641 1799 quatenus
1654 1754 1840 1799 attingunt
1855 1754 1910 1788 illa
1925 1765 1988 1799 per
2003 1758 2231 1801 operationes
2255 1771 2344 1804 pro-

1383 1802 1480 1845 prits
1497 1825 1506 1839 ,
1536 1812 1580 1835 ex
1596 1812 1672 1846 quo
1688 1801 1728 1836 fir
1742 1815 1781 1838 ut
1794 1804 1939 1838 illorum
1957 1805 2144 1850 potiantur
2170 1808 2279 1844 modo
2297 1808 2345 1844 fi·

1383 1848 1420 1884 bi
1436 1848 1588 1897 poliibili
1604 1851 1756 1886 habendi
1774 1878 1784 1892 ‚
1808 1853 1842 1887 8(
1859 1853 2051 1900 possidendi
2069 1879 2080 1893 ,

1484 1902 1725 1950 Quapropter
1746 1899 1853 1947 cujus
1885 1904 2067 1950 appetitus
2095 1905 2146 1942 est
2175 1908 2343 1958 respetstu

1381 1952 1610 1996 ignobilioris
1628 1979 1639 1994 ,
1667 1965 1777 2000 quam
1792 1954 1831 1988 lit
1848 1965 1971 1989 natura
1989 1956 2059 2000 ipsa
2074 1983 2084 1997 ,
2118 1958 2204 1995 illud
2220 1961 2344 2007 profe-

1383 2002 1444 2038 6ἱο
1458 2013 1530 2037 non
1546 2002 1734 2049 perficitur
1746 2007 1781 2041 in
1795 2004 2018 2048 extr-instem
2040 2007 2097 2042 nili
2113 2005 2346 2048 secundum..

1381 2053 1476 2101 quid
1501 2080 1511 2090 .
1542 2053 1582 2088 ln
1598 2056 1770 2092 nobiliori
1785 2056 1892 2092 etiam
1907 2082 1918 2097 ,
1945 2056 2027 2092 licet
2043 2057 2081 2093 lit
2095 2059 2215 2106 aliqua
2228 2061 2347 2106 perfe-

1381 2104 1456 2142 fkio
1471 2108 1673 2149 appetentis
1703 2107 1933 2154 ignobilioris
1954 2134 1963 2144 ,
1992 2120 2061 2144 non
2080 2119 2199 2147 tamen
2225 2112 2347 2153 sunte-

1382 2168 1438 2191 ma
1455 2154 1653 2192 extrinseca
1680 2185 1691 2195 .
1718 2158 1754 2194 Si
1773 2169 1891 2193 autem
1905 2159 2022 2205 aliqua
2038 2171 2168 2197 natura
2181 2163 2347 2210 perficia-

1381 2218 1442 2243 tur
1459 2209 1494 2242 in
1509 2208 1677 2244 nobiliori
1693 2207 1725 2244 se
1737 2220 1807 2244 non
1826 2207 1988 2256 suprema
2007 2236 2018 2252 ,
2049 2212 2184 2249 necesse
2199 2214 2248 2250 est
2261 2213 2346 2252 dare

1381 2259 1537 2304 aliquam
1564 2272 1730 2296 naturam
1749 2288 1758 2302 ‚
1785 2271 1865 2308 quae
1891 2260 2096 2298 immediate
2120 2263 2344 2310 perficiatur,

1380 2309 1518 2346 nonnisi
1538 2312 1573 2346 in
1591 2310 1756 2358 supremo
1779 2309 1976 2358 perfefflvo
2000 2314 2204 2351 extrinseco
2220 2342 2230 2356 ,
2256 2317 2344 2364 quia

1380 2372 1453 2398 non
1471 2360 1521 2398 est
1533 2361 1711 2407 processus
1724 2363 1758 2397 in
1790 2360 1971 2399 infinitum
1989 2363 2023 2398 in
2040 2365 2341 2411 perfefflbilibus,

1380 2412 1417 2447 8(
1434 2411 1717 2459 perfectionibus
1736 2426 1748 2454 ;
1777 2414 1952 2459 Suprema
1963 2425 2052 2461 ergo
2079 2413 2201 2451 saltem
2225 2418 2343 2463 perfe-

1379 2462 1512 2499 &ibitis
1529 2474 1655 2498 natura
1680 2476 1751 2499 non
1782 2462 1967 2509 perficitur
1980 2492 1990 2506 ,
2018 2465 2081 2501 nisi
2109 2467 2143 2501 in
2172 2464 2342 2513 supremo

1379 2514 1794 2562 perfeetivoextrinseco
1819 2539 1829 2549 .
1856 2513 1953 2550 Tota
1972 2526 2094 2551 autem
2126 2527 2256 2554 natura
2284 2519 2340 2555 in·

1375 2564 1590 2603 tellestualis
1617 2564 1666 2600 est
1694 2564 1891 2601 secundum
1915 2567 2009 2602 illam
2022 2567 2195 2603 rationem
2217 2567 2340 2616 supre-

1378 2629 1434 2653 ma
1447 2644 1458 2659 ‚
1486 2615 1567 2662 ejus
1589 2627 1677 2661 ergo
1703 2614 1753 2651 est
1771 2617 1918 2653 unicum
1935 2617 2178 2654 extrinsecum
2193 2644 2203 2660 ,
2224 2631 2265 2655 ac
2278 2619 2340 2656 su-

1376 2679 1543 2715 premum
1560 2666 1784 2716 perfectibile
1795 2694 1808 2711 ,
1830 2669 1896 2716 qui
1909 2668 1943 2704 8(
1958 2669 2088 2705 unicus
2098 2666 2147 2705 est
2160 2668 2271 2718 ipsius
2283 2671 2340 2707 ul-

1373 2719 1485 2755 timus
1499 2718 1579 2754 finis
1593 2744 1602 2753 .

1474 2770 1533 2811 Al
1550 2777 1785 2816 argumenta.
1800 2767 1860 2806 Ad
1877 2769 2035 2817 primum
2051 2770 2086 2805 8(
2101 2768 2307 2809 Secundum
2319 2798 2334 2815 ,

1371 2832 1455 2868 quae
1468 2820 1669 2862 procedunt
1683 2831 1728 2855 ex
1746 2820 1885 2856 ratione
1905 2817 1985 2857 finis
1997 2819 2136 2869 praelixi
2150 2849 2159 2863 ,
2171 2824 2205 2859 8(
2221 2835 2333 2871 appa·

1372 2872 1507 2914 rentis,
1536 2882 1634 2919 patet
1651 2869 1828 2918 responsio
1854 2884 1900 2907 ex
1917 2872 2024 2908 dietis
2043 2897 2055 2908 .
2080 2873 2268 2918 Siquidem
2286 2868 2332 2909 fi-

1371 2923 1426 2959 nis
1443 2923 1590 2958 ultimus
1603 2921 1769 2958 humanae
1783 2923 1982 2961 voluntatis
1992 2924 2048 2959 dat
2065 2925 2095 2957 ei
2113 2924 2330 2968 nltimam-0,

1372 2975 1642 3019 maximamque
1658 2971 1915 3019 perfeetionem
1934 3001 1942 3015 ,
1959 2987 1999 3010 ac
2015 2974 2163 3021 proinde
2178 2974 2330 3011 necessa-

1371 3026 1427 3061 rio
1444 3024 1491 3060 est
1509 3022 1746 3061 extrinsecum
1762 3022 1981 3070 perfefflbile
1997 3025 2102 3072 supra
2129 3035 2329 3062 naturam.»

1369 3073 1649 3111 intellectualem
1667 3101 1675 3109 .
1706 3075 1891 3126 vais
1903 3088 1989 3124 ergo
2003 3078 2171 3112 voluntas
2184 3088 2248 3122 pro
2266 3075 2327 3111 sua

1370 3127 1533 3162 libertate
1547 3126 1639 3162 velle
1653 3152 1664 3167 ,
1693 3136 1734 3160 ac
1752 3135 1916 3173 appetere
1933 3137 2041 3174 queat
2057 3126 2205 3173 aliquod
2230 3125 2327 3162 aliud

1370 3179 1507 3213 bonum
1522 3177 1610 3213 infra
1630 3175 1881 3223 illudpropter
1894 3175 1928 3212 sc
1945 3205 1954 3219 ‚
1983 3188 2054 3212 non
2086 3175 2271 3213 referendo
2283 3176 2329 3211 ad

1371 3228 1467 3265 aliud
1480 3254 1491 3269 ‚
1515 3228 1602 3263 ficut
1621 3236 1749 3262 natura
1766 3226 1863 3262 illius
1878 3227 1995 3264 referri
2029 3227 2118 3275 petit
2135 3241 2147 3268 ;
2170 3238 2328 3263 attamen

1370 3290 1435 3315 aut
1446 3279 1580 3313 nullam
1593 3278 1672 3312 inde
1688 3277 1819 3324 accipit
1832 3277 2106 3323 perfectionem,
2124 3287 2186 3312 aut
2202 3277 2234 3312 id
2248 3287 2331 3313 tan-

1371 3341 1449 3366 tum
1462 3329 1530 3364 erit
1545 3327 1741 3364 secundum
1756 3327 1847 3374 quid
1856 3338 1979 3364 contra
1994 3329 2167 3365 rationem
2181 3326 2261 3362 finis
2275 3328 2330 3364 ul.

1370 3381 1447 3417 timi
1464 3392 1475 3420 ;
1504 3381 1566 3425 qui
1583 3388 1770 3426 propterea
1786 3377 1886 3424 quod
1904 3390 1973 3414 non
1989 3379 2026 3414 lit
2039 3378 2080 3413 ad
2097 3379 2203 3413 alium
2219 3376 2328 3413 finem

1371 3431 1560 3467 referibilis
1575 3457 1583 3470 ,
1605 3428 1770 3464 ultimate
1785 3427 1924 3476 perficit
1939 3430 2179 3470 voluntatem,
2196 3428 2328 3463 adeout

1371 3481 1575 3528 simpliciter
1591 3481 1625 3513 in
1644 3478 1704 3513 illo
1717 3478 1945 3525 conquiescat
1970 3506 1979 3514 .
2011 3478 2122 3528 Qod
2139 3490 2221 3513 cum
2235 3491 2308 3525 prae
2320 3497 2329 3506 ·

1373 3532 1464 3568 stare
1483 3541 1635 3579 nequeat
1654 3528 1897 3575 ,vuodeunque
1914 3529 2008 3565 aliud
2025 3532 2174 3571 bonum,
2191 3528 2251 3564 seu
2267 3542 2328 3565 ve·

1372 3595 1452 3619 rum
1470 3607 1480 3623 ‚
1510 3581 1566 3619 seu
1582 3591 1756 3626 apparens
1771 3607 1781 3623 ‚
1807 3591 1871 3616 nec
1889 3583 2057 3615 voluntas
2072 3580 2153 3615 ferri
2168 3581 2202 3614 in
2228 3581 2327 3623 illa-t,

1371 3645 1412 3669 ut
1428 3635 1463 3668 in
1478 3634 1624 3668 ultimos
1641 3630 1728 3667 fines
1744 3657 1754 3672 ,
1779 3643 1844 3666 nec
1860 3630 2045 3678 quiescere
2058 3631 2171 3674 potest
2190 3630 2234 3665 lic
2249 3657 2258 3670 ,
2286 3641 2327 3666 ut

1370 3683 1566 3721 nihilaliud
1581 3694 1748 3728 appetat,
1777 3694 1842 3717 nec
1858 3681 1919 3717 stbi
1950 3681 2097 3728 superfit
2128 3680 2327 3717 desideran-

1372 3735 1458 3770 dum
1485 3760 1495 3771 .
1527 3733 1636 3770 Unde
1651 3730 1856 3780 Philosophi
1873 3733 2123 3779 compluribus
2151 3733 2256 3767 rebus
2273 3732 2323 3766 ul·
2359 3728 2387 3771 bt·
2404 3728 2464 3763 imi<
2484 3738 2595 3784 copm-

1372 3785 1450 3821 timi
1467 3784 1545 3820 finis
1560 3786 1732 3819 rationem
1763 3784 2003 3819 attribuentis
2015 3797 2058 3819 cx
2070 3796 2112 3819 co
2136 3782 2322 3817 evidenter
2358 3766 2595 3842 Z'JJJ'uzfil-ffig
2624 3785 2630 3797 ¹

1373 3836 1644 3873 convincuntur
1658 3845 1845 3883 perperam
1859 3860 1872 3877 ,
1889 3834 1924 3869 8(
1943 3833 2030 3871 falso
2044 3835 2212 3883 opinatos
2238 3831 2320 3890 effe,
2359 3851 2505 3881 opmantes
2517 3863 2526 3872 .

2182 3893 2271 3929 quta

2378 1057 2478 1096 aliquae
2491 1069 2546 1089 non
2566 1071 2614 1088 or·
2650 1082 2652 1086 v

2380 1135 2530 1165 trinsecum
2548 1146 2615 1176 pero
2650 1167 2653 1172 ,

2380 1173 2511 1204 feetivum
2524 1194 2533 1204 .

2377 3688 2542 3728 rtn'tosopht
2555 3691 2593 3719 fi-

2379 1029 2439 1056 quue
2451 1022 2608 1058 respiciunt,
2649 1028 2653 1047 ἰ

2379 1095 2508 1125 dinantur
2518 1098 2551 1127 ad
2563 1108 2614 1127 ex·
2649 1113 2652 1123 ·
