2592 4011
862 117 1023 166 Tomus
1039 120 1118 168 III.
1146 120 1342 170 Secunda
1374 124 1602 173 Secundael

358 234 638 469 (ἐϋ
703 237 842 341 AE
905 240 975 348 S
1038 239 1145 351 T
1210 242 1268 349 I
1327 243 1443 356 O
1564 152 2163 367 LXXVI?

600 415 1212 473 FRAUDOLENTIA
1279 422 1360 473 IN
1429 423 1937 482 EMPTlONlBUS
2003 433 2102 484 ET

620 479 1185 540 VENDITONIBUS
1249 487 1832 545 CONTINGENTE.

528 604 609 643 IN
661 608 1071 660 Q-VATVOR
1121 613 1623 656 ARTICVLOS
1675 617 2006 658 DlvlsA.

280 720 429 760 Deinde
445 722 727 768 confilerandum
749 725 800 771 est
813 725 856 761 de
863 730 1017 773 peccatis
1032 754 1044 770 ,
1074 740 1149 775 quae
1160 728 1257 774 sunt
1274 734 1365 768 circa
1389 731 1608 769 voluntarias
1637 735 1921 770 commutationes
1939 762 1945 769 .
1984 738 2031 776 Ec
2052 743 2166 787 primo
2194 742 2238 777 de

373 772 620 820 fraudolentia
635 801 647 817 ,
677 787 753 821 quae
767 779 1000 815 committitur
1017 780 1055 813 in
1071 781 1300 827 emptionibus
1313 782 1357 820 (Ὺ
1369 782 1630 821 venditionibus
1650 809 1659 818 .
1692 784 1860 819 Secundo
1872 785 1915 820 de
1938 786 2044 833 usura
2061 816 2069 829 ,
2097 802 2172 838 quae
2188 791 2238 834 fit

377 826 565 882 inmutatis
580 851 587 860 .
606 823 716 862 Circa
725 824 815 861 alias
832 828 924 861 enim
939 833 1225 869 commutationes
1239 834 1435 871 voluntatis
1449 844 1513 869 non
1522 835 1709 870 invenitur
1723 834 1849 881 aliqua
1855 833 1988 883 species
1993 842 2146 887 peccati,
2162 850 2236 886 quae

377 874 622 922 dlsttnguatur
636 888 657 912 a
673 878 796 922 rapina
810 875 870 912 vel
872 875 976 923 furto
991 904 1001 914 .

378 989 638 1032 CIRCA
692 990 1032 1030 PRIMVM
1083 998 1642 1045 QVAERVNTVR
1692 999 2128 1046 QVATVOR.

678 1106 709 1143 Ι.
812 1109 867 1144 De
889 1108 1020 1156 injusta
1037 1110 1247 1149 venditione
1258 1126 1301 1150 ex
1312 1124 1412 1162 parte
1427 1114 1559 1162 pretii,
1586 1113 1716 1150 scilicet
1727 1124 1846 1152 utrum
1862 1115 1965 1154 liceat
1985 1116 2123 1165 aliquid
2149 1130 2233 1155 ven-

853 1159 935 1195 dere
947 1159 1133 1207 plusquam
1150 1165 1268 1200 valeat
1285 1190 1296 1201 .

679 1208 726 1245 11.
815 1208 1015 1256 Deinjusta
1033 1211 1241 1250 venditione
1256 1226 1299 1250 ex
1317 1224 1416 1260 parte
1434 1214 1479 1249 rei
1497 1213 1650 1249 vendirae
1668 1238 1678 1249 .

679 1259 749 1296 ΙΙΙ.
826 1264 959 1299 Vtrum
975 1262 1139 1296 venditor
1153 1274 1318 1299 teneatur
1329 1263 1447 1300 dicere
1462 1264 1591 1299 vitium
1604 1265 1653 1299 rei
1667 1264 1820 1300 venditae
1836 1291 1845 1301 .

677 1307 755 1347 1v-
825 1312 959 1348 Vtrum
974 1311 1114 1348 licitum
1129 1313 1169 1349 {it
1185 1312 1323 1362 aliquid
1336 1313 1554 1360 negotiando
1564 1316 1643 1361 plus
1657 1315 1807 1352 vendere
1818 1342 1830 1359 ‚
1861 1329 1970 1365 quam
1989 1328 2146 1366 emptum
2163 1317 2202 1354 sit
2219 1341 2231 1353 .

319 1425 389 1651 Ιδ
461 1426 530 1653 ’.κ-Ι
588 1474 825 1517 ΑΤΡΚΙΑΜ
842 1488 1112 1514 concernentem
1134 1478 1284 1526 praesens
1296 1478 1483 1527 quaefitum
1502 1504 1513 1520 ,
1541 1479 1660 1526 quoad
1677 1490 1801 1515 omnes
1815 1492 1931 1528 partes
1960 1479 2041 1527 ejus
2055 1509 2063 1522 ‚
2081 1493 2231 1529 excepto

602 1529 747 1565 articulo
757 1532 866 1564 tertio
878 1555 887 1569 ,
904 1528 973 1563 late
987 1527 1183 1572 expressum
1197 1557 1208 1572 ‚
1229 1540 1338 1577 atque
1352 1528 1528 1564 subtiliter
1544 1528 1736 1577 expensum
1751 1529 1859 1569 habes
1875 1546 1920 1569 ex
1930 1532 2144 1577 eApendice
2156 1542 2231 1569 art.

604 1587 636 1611 2.
651 1588 680 1623 q.
696 1581 755 1616 66.
771 1580 846 1618 ubi,
865 1579 912 1614 ob
928 1579 1188 1616 connexionem
1201 1593 1282 1615 cum
1296 1580 1606 1623 antecedentibus,
1618 1579 1892 1620 exscribendum
1906 1582 2123 1624 censuimu53
2140 1583 2228 1619 inibi

561 1639 568 1645 ⁴
607 1639 695 1672 ergo
707 1630 809 1666 dietis
821 1631 878 1664 hic
895 1627 982 1664 nihil
997 1640 1164 1675 praeterea
1175 1630 1378 1666 addendum
1392 1654 1401 1664 .

587 2031 697 2083 DE
763 2030 1114 2083 PECCATO
1179 2028 1444 2081 USURAE
1510 2028 1590 2080 IN
1658 2030 1941 2085 MUTUIS

486 2159 570 2196 IN
632 2153 1043 2204 QVAVTVOR
1106 2152 1605 2191 ARTlcVLOs
1679 2157 2013 2201 DIVlSA,

514 2263 661 2306 Deinde
673 2260 957 2308 confiderandum
969 2261 1024 2298 eft
1036 2262 1079 2299 de
1089 2269 1231 2311 peccato
1244 2263 1360 2311 usurae
1371 2287 1384 2305 ,
1410 2264 1505 2308 quod
1514 2264 1747 2301 committitur
1769 2268 1805 2301 in
1817 2270 1954 2303 mutuis
1965 2291 1990 2309 ,μ

573 2376 654 2416 ET
679 2373 888 2413 ClRCA
917 2372 1050 2409 HOC
1078 2372 1528 2422 QJAERUNTVR
1556 2371 1917 2423 QATVOR„

566 2487 601 2525 1,
700 2486 832 2522 Vtrum
846 2484 885 2520 {it
906 2493 1090 2530 peccatum
1103 2477 1266 2532 accipere
1278 2482 1464 2531 pecuniam
1481 2483 1513 2517 in
1528 2482 1682 2531 pretium
1697 2493 1762 2529 pro
1777 2485 1928 2530 pecunia
1944 2485 2228 2532 mutuata,qnod

739 2535 787 2571 est
805 2536 967 2581 accipere
980 2534 1123 2571 usuram
1137 2559 1147 2569 .

569 2585 616 2622 ll.
702 2588 836 2624 Vtrum
851 2587 955 2624 liceat
971 2598 1036 2633 pro
1052 2583 1175 2623 eodem
1187 2594 1444 2632 quamcunque
1460 2583 1647 2619 utilitatem
1660 2583 1820 2630 accipere
1836 2610 1847 2626 ,
1859 2583 1956 2630 quafi
1971 2584 2006 2619 in
2022 2597 2228 2634 recompen-

737 2635 909 2674 sationem
932 2636 1071 2672 mutui.

565 2684 639 2728 111,
712 2687 847 2725 Vtrum
860 2687 988 2733 aliquis
1004 2685 1186 2726 restituere
1200 2694 1366 2725 teneatur
1379 2683 1412 2720 id
1429 2710 1439 2726 ,
1452 2684 1551 2732 quod
1567 2684 1610 2720 de
1624 2687 1772 2732 pecunia
1785 2683 1944 2719 usuraria
1954 2683 2050 2731 justo
2061 2685 2161 2722 lucro
2174 2688 2226 2723 lu-

746 2749 868 2774 cratus
891 2737 939 2773 est
956 2761 966 2773 .

562 2789 635 2828 1V.
703 2789 836 2826 Vtrum
852 2789 956 2825 liceat
968 2787 1127 2837 accipere
1153 2798 1282 2824 mutuo
1294 2785 1480 2834 pecuniam
1494 2784 1558 2821 sub
1572 2782 1675 2820 usura
1693 2811 1703 2821 .

441 2911 475 2949 A
503 2910 538 2945 R
565 2912 602 2948 T
630 2913 645 2949 1
673 2911 709 2948 C
738 2912 772 2947 U
800 2912 834 2952 L
862 2911 895 2947 U
924 2908 950 2948 S
1005 2910 1035 2945 Ι.
1279 2907 1493 2956 pecuniam,
1517 2906 1651 2941 licitum
1669 2906 1717 2943 est
1733 2907 1793 2944 fibi
1809 2903 1949 2944 servare
1962 2907 1994 2943 se
2011 2909 2231 2951 indemnem3

1279 2959 1316 2995 id
1331 2970 1416 2995 vero
1428 2959 1499 2992 alio
1529 2956 1635 2992 modo
1662 2960 1788 3005 nequit
1819 2956 1916 3000 fieri,
1941 2959 2000 2993 nii}
2025 2963 2230 3008 accipiendo

376 3012 505 3050 Vtrum
522 3015 681 3062 accipere
710 3012 854 3049 usuram
869 3021 934 3058 pro
947 3009 1097 3057 pecunia
1281 3009 1417 3052 aliquid
1434 3009 1525 3042 ultra
1545 3005 1672 3043 sortem
1690 3022 1702 3050 ;
1721 3009 1753 3044 &
1769 3008 1918 3057 quidem
1931 3021 1976 3045 ex
1991 3010 2098 3057 pafiio
2118 3037 2129 3054 ‚
2144 3012 2230 3046 ³110-

490 3076 655 3102 mutuata
670 3092 682 3107 ,
716 3063 755 3100 sit
775 3073 961 3111 peccatum
975 3087 984 3096 .
1282 3061 1371 3109 quin
1391 3072 1442 3095 res
1455 3057 1503 3095 est
1519 3058 1649 3093 incerta
1662 3083 1671 3090 .

1386 3110 1556 3145 Panem
1574 3134 1583 3150 ‚
1605 3108 1702 3143 Dans
1715 3107 1854 3145 usuram
1870 3136 1881 3152 ,
1901 3110 2107 3146 voluntarie
2122 3137 2134 3152 ‚
2147 3124 2230 3147 cum

307 3165 434 3202 Doft'or
447 3164 584 3211 4,d1·fl.
604 3175 659 3210 ις.
675 3177 709 3212 q.
728 3174 762 3198 2.
777 3165 810 3205 ὁ.
826 3163 881 3200 De
899 3162 962 3199 ult.
983 3160 1172 3197 commista
1283 3170 1390 3198 nemo
1407 3172 1489 3194 curn
1503 3158 1542 3192 ad
1561 3158 1594 3192 id
1613 3158 1815 3195 faciendum
1833 3161 2021 3205 compellat
2043 3174 2052 3196 :
2085 3162 2156 3196 imo
2169 3174 2231 3196 vo.

412 3228 448 3253 n.
467 3228 521 3264 ¹7·
539 3218 570 3252 8<
585 3224 625 3264 5,
646 3215 769 3251 Vsurae
785 3216 934 3251 crimen.
947 3224 981 3247 u.
998 3211 1059 3247 26.
1283 3212 1417 3246 luntate
1435 3209 1492 3245 sua
1510 3211 1636 3255 accipit
1659 3221 1858 3247 mutuatam
1878 3212 2081 3254 pecuniam,
2101 3212 2132 3245 ἃ*
2153 3211 2231 3246 red·

461 3268 506 3305 S·
530 3266 651 3305 Tuom.
667 3277 698 3303 2.
714 3276 746 3301 2.
763 3277 797 3315 q,
813 3266 874 3313 78.
889 3272 959 3301 art.
982 3274 1012 3297 1.
1284 3261 1335 3296 dit
1352 3262 1445 3296 ultra
1466 3259 1610 3303 sortem,
1629 3259 1745 3306 (icque
1760 3260 1874 3306 potest
1889 3262 1925 3295 in
1942 3262 2049 3297 alium
2063 3261 2230 3298 transfer·

1285 3323 1322 3347 re
1334 3311 1532 3348 dominium
1547 3309 1625 3355 ejus
1639 3310 1738 3355 quod
1752 3310 1797 3346 est
1816 3311 1905 3345 ultra
1934 3309 2062 3347 sortem
2078 3337 2087 3345 .
2111 3314 2147 3349 Si
2167 3325 2230 3347 au-

265 3367 387 3592 x
417 3367 512 3534 Τ
534 3368 731 3406 IDETUR
748 3378 818 3402 non
836 3365 902 3400 esse
919 3361 1209 3413 peccatumacci-
1285 3372 1360 3398 tem
1377 3361 1541 3397 transfert
1552 3361 1764 3401 dominium
1779 3373 1865 3408 ergo
1875 3363 1965 3399 alius
1980 3387 1991 3403 ,
2006 3374 2133 3410 nempe
2148 3362 2229 3399 usu.

544 3431 625 3462 pere
645 3417 786 3455 usuram
801 3428 864 3462 pro
876 3415 1027 3464 pecunia
1042 3423 1207 3449 mutuata
1291 3414 1404 3449 rarius
1423 3440 1433 3455 ,
1461 3424 1530 3448 non
1547 3412 1653 3447 habet
1672 3413 1821 3449 alienum
1835 3438 1845 3451 .

544 3469 733 3508 Namlicet
746 3467 947 3512 uniquique
962 3465 995 3500 in
1012 3462 1208 3502 contraffi-
1392 3464 1563 3499 Prcetcrca
1584 3489 1593 3503 ,
1622 3462 1852 3497 Mutuodans
1867 3463 1967 3497 alteri
1995 3461 2075 3497 vasa
2106 3475 2229 3510 argen.

544 3521 611 3555 bus
640 3517 671 3553 se
701 3516 841 3553 servare
862 3516 1062 3550 indemnem
1077 3539 1086 3547 .
1113 3515 1209 3549 Hinc
1283 3524 1339 3549 tea
1352 3525 1411 3548 aut
1424 3525 1530 3548 aurea
1543 3512 1654 3558 potest
1672 3514 1807 3560 protuli
1826 3513 2005 3550 locatione
2022 3514 2157 3555 aliquid
2175 3526 2229 3550 rc-

544 3570 698 3604 diximus
713 3568 814 3614 supra
831 3577 980 3614 art.z.q.
994 3565 1056 3601 66.
1073 3564 1112 3601 in
1125 3565 1210 3606 Αρ·
1281 3566 1399 3610 cipere
1413 3565 1500 3598 citra
1513 3574 1616 3598 omne
1635 3575 1820 3607 peccatum
1840 3575 1849 3598 ε
1879 3574 1967 3607 ergo
1993 3564 2125 3610 pariter
2149 3577 2227 3600 mu-

254 3618 405 3669 pendice
417 3620 628 3656 vendentem
643 3618 736 3663 posse
753 3619 870 3653 carius
889 3615 1041 3651 vendere
1057 3641 1066 3655 ‚
1099 3613 1210 3660 inspi-
1284 3624 1349 3648 tuo
1361 3615 1523 3649 tribuens
1537 3614 1636 3648 alteri
1653 3615 1838 3660 pecuniam
1856 3613 2023 3658 {ignaram
2040 3615 2170 3659 poterit
2187 3615 2227 3649 Γι-

257 3671 384 3706 ciendo
399 3671 432 3706 in
450 3670 620 3708 damnum
639 3668 739 3704 suum
759 3670 792 3703 in
808 3666 995 3702 vendendo
1013 3692 1023 3707 ,
1051 3665 1205 3700 maxime
1281 3676 1323 3700 ne
1339 3665 1442 3710 culpa
1455 3663 1589 3709 aliquid
1615 3666 1769 3710 recipcre
1794 3665 1884 3698 ultra
1912 3664 2095 3711 pecuniam
2123 3666 2226 3700 alteri

257 3723 279 3758 fi
296 3720 488 3757 inducatur
506 3721 628 3756 abillo
641 3745 650 3761 ‚
671 3719 729 3754 eui
748 3719 892 3757 vendit3
910 3728 997 3760 ergo
1013 3715 1135 3750 cadem
1149 3725 1206 3748 ra·
1280 3725 1409 3751 mutuo
1425 3714 1540 3749 datam
1558 3739 1568 3748 .

255 3773 352 3807 tione
370 3769 391 3805 fi
410 3772 492 3816 quis
506 3772 551 3807 ab
565 3772 635 3806 alio
653 3769 844 3805 inducatur
863 3778 899 3801 ut
913 3767 974 3802 fibi
1001 3776 1132 3802 mutuo
1145 3764 1206 3800 det
1378 3766 1516 3800 Contra
1535 3791 1545 3806 ‚
1572 3765 1771 3801 Ezechielis
1794 3766 1849 3802 18.
1864 3765 2029 3801 scribitur
2042 3764 2227 3810 <Adustu-

2100 3828 2175 3851 ram
