2628 4011
735 135 894 183 Tomus
910 135 993 181 III.
1022 139 1150 184 Part.
1167 135 1229 186 ΙῙ.
1252 137 1444 210 Qaestio
1462 140 1607 189 XCII.
1631 141 1735 191 Art.
1751 142 1812 189 ΙΙ.

310 214 346 243 re
363 216 456 253 opus
471 203 562 252 ejus.
580 206 837 240 Verumtamen
858 206 1011 239 vii-tutes
1024 210 1172 242 morales
1183 207 1259 241 adi-

308 255 576 303 pisciturhomo
593 253 811 290 suisaffibus
825 281 835 296 ‚
854 256 886 289 8(
905 253 1126 293 assuetudine
1140 283 1149 291 .
1177 260 1256 294 Lex

310 307 423 351 igitur
447 305 579 353 jubens
596 330 606 345 ,
635 315 674 338 ac
703 305 863 349 dirigens
885 305 1047 339 homines
1070 307 1104 340 in
1117 308 1256 345 salbus

308 357 488 393 virtutum
503 381 514 398 ,
529 353 658 390 exinde
672 355 784 389 bonos
801 355 906 391 efficit
921 356 980 390 fibi
998 355 1180 401 subjeftos
1196 384 1205 393 .

409 407 468 442 Ad
482 404 676 440 secundum
691 405 881 440 dicendum
897 432 908 447 ,
931 418 1002 440 non
1016 406 1147 453 semper
1160 410 1257 445 cives

308 455 713 504 obtemperarelegibus
738 454 781 491 de
797 455 925 492 affthu
948 458 1120 500 virtutis,
1150 458 1258 507 cujus

261 529 273 539 .
310 506 402 543 sorte
415 505 669 551 suntexpertes
686 531 695 540 .
719 505 788 541 Sed
802 509 1013 552 plerumque
1026 520 1122 544 metu
1136 523 1257 557 poena-

310 568 388 591 rum
420 569 479 603 per
505 557 615 599 legem
638 556 953 600 transgressoribus
975 558 1228 598 intentatarum
1245 586 1256 598 .,

309 607 418 643 ’Ϊυηε
437 618 523 652 ergo
545 617 590 640 ex
604 604 828 643 assuetudine
848 609 992 654 parendi
1008 610 1169 655 gignitur
1185 613 1261 648 vir·

310 667 367 692 tus
383 682 394 697 ,
410 670 490 692 cum
507 657 793 702 representemur
808 670 847 693 ea
860 683 871 698 ‚
898 670 979 704 quae
1000 660 1052 694 lex
1065 659 1169 705 jubet
1181 689 1193 704 ‚
1212 675 1256 699 eo

307 706 407 752 quod
423 709 484 742 [ηπ
500 705 731 743 consentanea
745 707 847 749 rectae
863 708 1007 750 rationi,
1025 711 1081 745 vel
1098 713 1256 756 pruden-

2116 160 2214 207 337

1338 210 1360 245 fi
1379 206 1488 253 posset
1503 209 1589 245 illud
1610 220 1742 257 ponere
1759 213 1793 247 in
1809 209 1872 258 effe
1884 237 1894 253 ,
1916 212 2010 249 illico
2024 223 2173 261 poneret
2188 239 2197 249 .
2223 213 2284 247 Sic

1337 260 1443 296 etiam
1457 258 1583 295 efficax
1596 260 1726 296 nolitio
1741 261 1791 296 est
1807 285 1820 301 ,
1836 273 1906 308 qua
1921 274 1990 297 non
2007 274 2145 298 tantum
2161 265 2283 298 nolens

1338 321 1534 356 utrumque
1548 310 1696 357 impedit
1712 311 1850 359 aliquid
1867 336 1878 351 ‚
1907 311 1967 348 sed
1978 314 2125 347 omnino
2135 313 2282 349 destruit

1335 359 1422 396 illud
1437 386 1448 402 ‚
1473 360 1582 395 modo
1605 359 1640 395 id
1652 360 1788 397 efficere
1808 372 1919 407 queat
1937 386 1945 396 .
1971 360 2021 395 At
2038 363 2172 398 remissa
2186 390 2195 404 ‚
2229 363 2283 397 vel

1337 409 1502 446 inefficax
1527 413 1695 448 voluntas
1719 412 1768 448 est
1784 439 1795 454 ‚
1816 423 1889 458 qua
1903 411 1949 448 fic
1966 412 2078 458 placet
2101 415 2252 448 volitum
2270 438 2283 454 ‚

1337 471 1378 497 ut
1403 472 1519 496 tamen
1550 462 1717 498 voluntas
1748 462 1988 498 minimeillud
2010 474 2116 508 ponat
2133 463 2168 498 in
2194 462 2284 509 effit,

1338 511 1413 547 esto
1426 510 1460 545 id
1475 509 1610 546 efficere
1627 514 1744 548 valeat
1758 538 1766 548 .
1781 513 1924 549 Nolitio
1937 513 2066 560 pariter
2078 513 2206 548 remissa
2220 513 2282 552 est,

1336 575 1406 608 qua
1435 561 1572 597 tametfi
1599 563 1750 598 nolitum
1776 562 1959 610 displiceat
1988 575 1998 603 ;
2020 574 2090 598 non
2118 562 2283 610 prohibet

1335 624 1453 648 tamen
1473 611 1559 647 illud
1574 613 1815 660 effiquamvis
1833 613 1992 648 absolute
2009 612 2119 661 posset
2140 638 2150 648 .

1441 662 1568 708 ltaque
1584 662 1785 708 Legislator
1811 663 2000 711 prudentia
2018 664 2052 699 8(
2069 663 2283 699 ευξὶονίῐεῐε

2320 223 2388 252 dem
2465 232 2520 253 non

2322 261 2396 298 posse
2409 281 2418 296 ‚
2432 271 2464 289 ex
2477 262 2519 291 le-

2322 310 2355 337 ge
2369 303 2451 328 etiam
2461 304 2520 338 pos.

2324 340 2349 366 se
2411 343 2520 375 prodire

2322 377 2488 407 Consilium.

2322 417 2373 449 Sed
2398 416 2462 454 quia
2484 420 2521 448 al.

2322 467 2405 487 terius
2447 468 2522 496 quo-

2322 507 2377 536 que
2390 493 2441 524 effe
2473 506 2522 533 po-

2320 538 2368 569 test
2377 537 2521 567 confilium

2323 583 2388 612 dare
2399 590 2407 610 ς
2420 579 2481 606 ide⁰
2494 575 2521 603 S·

2322 621 2434 652 DCROI'
2493 615 2520 641 ἃ

2320 663 2419 692 Scotus
2489 652 2522 696 ψ

2319 701 2440 738 judicant
2464 694 2518 732 1⁰3¹

24 810 33 845 li
71 809 114 838 Ex
136 808 188 840 ult.
206 811 268 848 dist.

32 853 33 860 ¹
73 846 183 886 &sento

64 3126 169 3155 videsis
190 3124 260 3155 Vas-

65 3165 189 3202 quesium
226 3173 261 3191 o-

66 3204 152 3240 ptime
217 3203 262 3230 btc

64 3249 189 3268 mentem
216 3239 262 3266 ΙΕ-

64 3278 127 3306 dori
143 3297 153 3306 .
173 3277 263 3315 expli-

64 3325 188 3346 cantem·

69 3455 95 3473 1·
124 3443 184 3473 dist·
214 3452 266 3480 ⁴70

66 3484 143 3519 Mag.
177 3482 264 3511 Alen-

66 3520 99 3549 ἧς
113 3530 139 3555 3.
151 3525 263 3558 tuq-26.

65 3569 102 3586 m.
117 3563 183 3594 4025
195 3568 263 3590 ›tn-9.

66 3597 136 3624 inter
187 3596 262 3625 astus

61 3635 132 3671 legis
144 3643 261 3662 enume-

69 3682 110 3701 rat
149 3681 262 3709 quoque

65 3709 200 3746 ecrzslaelere
212 3728 222 3743 ‚
235 3711 262 3738 δε

62 3758 95 3786 pr
108 3749 216 3782 Μηίονες
232 3757 264 3776 nc

65 3788 185 3815 damari
199 3787 262 3824 qui-

305 757 575 795 tiaeinexistenti
593 782 603 792 .

407 809 466 846 Ad
479 809 622 844 tertium
651 806 847 855 respondeo
865 835 875 850 ,
899 810 996 853 leges
1013 809 1188 847 humanas
1203 812 1255 848 cf-

303 855 407 894 ficere
421 859 568 905 quidem
603 859 716 893 bonos
739 861 835 894 cives
853 885 864 900 ,
893 859 947 893 sed
972 872 1040 895 non
1057 861 1256 899 ordinare-2

299 909 401 944 aetus
415 921 574 944 omnuim
593 910 770 955 privat053
784 909 852 944 hoc
864 912 956 945 enim
968 910 1131 958 praestare
1146 911 1256 948 solius

301 958 353 994 est
371 960 460 1005 legiS
472 959 625 997 divina:-
650 962 772 1006 Quare
793 960 876 1005 quis
903 962 970 994 esse
999 961 1109 1008 potest
1137 963 1254 999 bonus

299 1011 468 1056 politicus
493 1012 527 1047 ἃ
572 1012 659 1046 civis
675 1012 810 1057 probus
837 1010 959 1055 quoad
981 1013 1081 1047 aelus
1113 1025 1253 1060 rempu-

299 1059 428 1097 blicam
457 1072 712 1097 concernentes
726 1087 734 1101 ‚
761 1061 794 1095 &
811 1059 943 1095 subesse
959 1062 1066 1097 intem
1075 1066 1227 1112 perantie
1243 1089 1254 1099 .

300 1112 397 1149 Satis
410 1111 458 1147 est
476 1123 562 1156 ergo
578 1123 618 1148 ut
632 1111 712 1156 ejus
725 1113 990 1156 intemperant-ia
1009 1125 1080 1149 non
1099 1114 1197 1148 cedat
1217 1116 1252 1150 in

303 1161 559 1200 detrimentum
584 1163 668 1198 boni
693 1160 825 1206 publici
842 1186 852 1202 ,
883 1172 922 1195 ac
947 1166 1132 1208 perturbet
1153 1176 1252 1199 com-

304 1224 449 1249 munem
475 1209 769 1258 tranquillitatem
790 1236 798 1243 .
827 1211 1002 1256 Alioquin
1033 1211 1248 1250 severitate,

303 1264 392 1311 legis
405 1273 591 1300 coercetur
606 1288 617 1304 ,
632 1263 664 1297 8(
676 1261 920 1296 ordinabitur.
935 1262 1056 1296 Solum
1072 1265 1180 1309 igitur
1195 1276 1251 1299 ar-

303 1325 516 1361 gumentum
531 1312 713 1348 concludit
732 1338 743 1353 ‚
771 1312 866 1352 leges
884 1312 1250 1358 pofitivashominum

303 1377 349 1400 eo
363 1364 509 1411 quidem
524 1363 665 1399 tendere
678 1390 688 1405 ‚
716 1372 753 1396 ut
779 1360 932 1397 efficiant
955 1363 1117 1400 homines
1133 1364 1249 1410 justos

303 1416 340 1450 8(
357 1417 492 1463 probos
513 1412 706 1449 secundum
735 1421 775 1445 ea
793 1437 804 1452 ‚
827 1423 908 1459 quae
923 1425 982 1459 per
996 1412 1174 1450 hominem
1190 1414 1250 1460 ju-

303 1465 416 1500 dicari
457 1466 491 1500 &
524 1464 643 1511 puniri
675 1463 732 1498 vel
761 1463 868 1497 etiam
889 1464 1052 1510 premiari
1079 1465 1218 1509 possunt
1237 1480 1248 1507 3

302 1515 360 1551 sed
377 1526 446 1550 non
462 1515 580 1561 quoad
599 1514 653 1549 illa
667 1539 679 1555 ‚
702 1524 782 1558 quae
799 1511 956 1549 humano
978 1513 1120 1561 judicio
1133 1515 1249 1553 disca-³

305 1566 331 1600 ti
344 1591 356 1607 ,
370 1566 403 1602 &
421 1565 562 1602 diffiniri
581 1573 764 1610 nequeunt
783 1587 792 1597 .

466 1665 966 1703 ARTicVLUS
1028 1665 1074 1704 Π.

325 1766 459 1801 Vtrum
476 1766 564 1810 legis
583 1761 686 1801 ‘aelus
709 1765 963 1802 convenienter
983 1766 1199 1812 aflignentur
1215 1795 1225 1805 .

376 1864 507 1902 Dorlor
520 1864 599 1902 locis
613 1867 650 1902 in
663 1868 822 1913 margine
836 1867 898 1902 cit.
910 1867 952 1902 S.
963 1865 1080 1903 Thom.
1094 1879 1124 1904 1.
1141 1879 1173 1903 2.

612 1917 729 1966 quaest.
744 1927 804 1965 92.
818 1929 889 1954 art.
906 1927 939 1954 2.

417 2017 567 2058 Identur
583 2019 702 2057 minus
717 2021 974 2056 conven3emcr
986 2018 1147 2066 assignari
1161 2020 1252 2065 legis

429 2070 553 2112 aelus,
577 2071 805 2107 cumdicitur
835 2070 878 2105 ad
905 2071 1018 2112 legem
1046 2072 1221 2116 pertinere
1238 2098 1250 2113 ,

297 2125 478 2170 impurare
492 2146 500 2161 ‚
517 2130 643 2157 vetere
656 2145 668 2164 ‚
693 2124 898 2167 permittere
911 2146 921 2161 ‚
944 2117 987 2156 (θ’
999 2122 1131 2165 punire
1146 2146 1155 2155 .
1171 2123 1252 2157 Ete-

301 2174 373 2211 nim
389 2174 514 2218 inlege
532 2171 679 2220 perinde
707 2171 835 2208 statuta
854 2170 1085 2208 inveniuntur
1111 2173 1252 2217 praemia

299 2222 523 2270 rependenda
547 2223 745 2259 virtutibus
761 2250 772 2265 ,
797 2235 836 2258 ac
867 2233 977 2269 poenae
996 2247 1006 2263 ‚
1030 2224 1254 2267 quibusple-

299 2274 453 2310 &untur
465 2274 552 2309 vitia
568 2298 578 2308 .
602 2274 656 2308 Ex
670 2285 775 2319 :equo
790 2273 902 2317 igitur
927 2272 1011 2317 legis
1024 2271 1071 2305 est
1091 2274 1253 2318 praemia.

301 2337 339 2362 re
355 2351 367 2367 ,
383 2335 424 2359 ac
436 2325 564 2371 punire
583 2324 640 2363 3&
661 2335 776 2358 tar-*en
806 2322 906 2358 aelus
933 2321 1136 2369 praemiandi
1159 2324 1254 2360 inter:

298 2376 390 2423 legis
403 2374 504 2410 aetus
520 2384 591 2409 non
608 2373 833 2409 recensentur
847 2402 854 2410 .

404 2426 576 2461 Praeterea
592 2450 604 2466 ,
633 2426 733 2460 Deus
762 2423 935 2471 permittit
960 2425 1048 2459 mala
1069 2422 1141 2459 fieri
1160 2424 1253 2462 inter

304 2475 469 2512 homines
484 2503 494 2517 ‚
509 2476 592 2522 quia
600 2481 718 2523 potens
730 2476 784 2510 eft'
792 2476 836 2511 de
851 2473 924 2511 illis
938 2473 1069 2521 majora
1087 2476 1171 2511 bona
1187 2477 1254 2513 eli·

303 2539 400 2566 cere;
414 2538 452 2561 ut
466 2528 514 2562 ait
534 2524 684 2571 August.
701 2526 845 2563 Euchir.
865 2534 959 2572 calm
974 2539 1002 2561 t.
1019 2525 1074 2561 sed
1089 2524 1252 2563 homines

301 2587 486 2625 nequeunt
514 2587 557 2610 etc
575 2577 728 2621 peccatis
757 2578 787 2612 8(
817 2577 916 2612 malis
944 2589 1024 2624 quae
1043 2581 1253 2624 permittun-

300 2639 361 2663 tur
384 2627 417 2662 8(
434 2627 597 2663 sinuntur
625 2627 801 2674 impunita
818 2653 828 2668 ‚
854 2627 990 2663 efficere
1013 2627 1162 2671 aliquod
1188 2629 1252 2664 bo-

300 2689 384 2714 num
402 2690 414 2717 ;
443 2689 529 2724 ergo
546 2676 632 2721 legis
645 2674 749 2722 justae
765 2689 834 2712 non
862 2675 910 2712 est
928 2677 1028 2713 aflus
1043 2680 1252 2725 permitten-

301 2727 338 2762 di
355 2729 444 2763 mala
463 2753 475 2769 ,
489 2724 547 2762 scd
565 2726 685 2774 potius
698 2724 837 2771 injustae
851 2728 884 2763 8:
902 2728 1035 2774 iniquae
1052 2754 1061 2762 .

403 2776 577 2813 Praeterea
600 2802 608 2811 .
630 2778 681 2812 Ex
698 2777 927 2825 art.praeced.
955 2780 996 2814 ad
1014 2780 1125 2824 legem
1142 2781 1251 2827 perti·

301 2839 359 2865 net
374 2827 511 2866 efficere
526 2827 690 2862 homines
713 2830 826 2864 bonos
841 2852 850 2861 .
878 2829 943 2863 Per
960 2829 1100 2864 consilia
1128 2841 1250 2866 autem

301 2880 531 2915 deducuntur
547 2878 708 2913 homines
731 2878 772 2914 ad
785 2879 990 2914 ulteriorem
1017 2878 1167 2926 gradum
1185 2882 1249 2916 bo-

302 2931 456 2969 nitatis3
482 2940 567 2975 ergo
594 2928 681 2973 legis
704 2939 872 2975 praeterea
900 2929 1043 2966 interest
1060 2930 1246 2966 confilium

300 2981 385 3014 darc
400 2980 443 3015 de
458 2977 624 3014 seaando
640 2979 778 3014 meliori
794 2981 916 3020 hono;
939 2990 1028 3026 ergo
1045 2980 1162 3016 minus
1176 2980 1248 3018 suf-

301 3030 459 3066 ficienter
485 3029 740 3066 adscribuntur
768 3030 837 3074 legi
851 3029 950 3068 aetus
965 3030 1129 3075 praefati,
1150 3043 1244 3078 quos

298 3081 390 3115 inter
408 3092 477 3115 non
490 3091 773 3116 connumeratur
788 3079 961 3126 constlmm
972 3081 1060 3117 dare
1075 3106 1086 3118 .

397 3131 536 3166 Contra
551 3156 560 3165 .
579 3130 705 3178 Dist.3.
723 3142 829 3178 cap-4
858 3142 903 3166 cx
922 3130 1055 3166 lfidoro
1069 3131 1247 3180 ethym.r.

300 3191 438 3228 cap.i9.
454 3178 801 3216 enumerante'aetus
813 3181 899 3225 lepis
916 3207 928 3222 ‚
944 3181 1111 3217 scribitur
1125 3194 1136 3216 :
1159 3183 1247 3219 Om-

300 3233 352 3266 nis
368 3230 425 3267 lex
445 3240 509 3266 aut
530 3232 708 3279 permittit
734 3229 894 3279 aliquid,
917 3239 958 3266 ut
973 3236 1032 3267 vir
1039 3231 1147 3277 sortis
1155 3240 1247 3278 prae·

302 3283 409 3316 mium
419 3290 539 3327 petat:
556 3291 620 3316 aut
637 3290 733 3316 verat
749 3308 757 3322 ‚
781 3289 821 3317 ut
837 3281 1033 3317 sacrarum
1048 3284 1246 3328 Virginem

302 3334 442 3378 nuptias
454 3330 543 3366 nulli
558 3332 663 3367 liceat
675 3341 795 3377 petere
813 3345 823 3366 ι
839 3339 900 3368 aut
910 3335 1018 3381 punit
1031 3359 1042 3375 ‚
1057 3341 1099 3369 ut
1114 3333 1176 3380 qui
1186 3343 1248 3367 cae..

301 3377 378 3414 dem
384 3379 513 3426 fecerit
526 3407 532 3421 2
553 3382 665 3429 capite
674 3382 851 3427 plefiatur
865 3409 875 3419 .

404 3428 615 3475 Respondeo
627 3457 638 3472 ‚
652 3433 860 3469 Voluntatis
873 3433 1036 3469 humana:
1051 3434 1086 3471 in
1102 3433 1249 3470 univer-

304 3477 380 3514 sum
405 3478 478 3513 duo
507 3478 583 3515 sunt
612 3481 712 3517 aeolus
728 3506 740 3523 ,
769 3483 900 3520 scilicet
924 3483 1017 3519 velle
1031 3485 1064 3520 8(
1094 3483 1184 3519 nolle
1212 3484 1247 3519 8(

302 3539 455 3574 uterque
467 3526 514 3563 est
527 3528 627 3564 (ἕως
641 3533 815 3576 positivus
831 3547 843 3574 ;
861 3533 895 3569 8(
912 3533 932 3567 fi
948 3535 1040 3568 circa
1055 3533 1148 3569 idem
1169 3545 1250 3570 ver-

304 3575 619 3622 senturobjce'tum
648 3580 726 3616 sunt
752 3584 944 3625 contrarii,
966 3585 1029 3630 qui
1046 3586 1151 3619 etiam
1170 3584 1249 3620 aliis

303 3628 553 3674 exprimuntur
565 3631 750 3667 vocabulis
761 3658 771 3673 ,
788 3632 939 3681 suntque
950 3645 1069 3669 amare
1085 3635 1117 3670 8(
1131 3633 1249 3682 odtffe.

306 3677 419 3713 Porro
435 3677 494 3712 seu
511 3678 622 3722 velle,
647 3679 706 3715 seu
721 3681 810 3718 nolle
820 3683 886 3719 esse
904 3684 1017 3732 potest
1033 3683 1159 3719 efficax
1174 3709 1185 3724 ,
1214 3685 1250 3720 8(

306 3726 482 3764 remissurn
496 3752 506 3762 .
538 3729 694 3765 Primum
710 3731 757 3766 est
774 3758 784 3773 ,
811 3745 887 3779 quo
900 3736 1066 3771 voluntas
1089 3745 1160 3769 non
1172 3745 1252 3769 tan-

303 3789 381 3816 tum
405 3779 602 3863 thu>mleIclct
621 3780 683 3816 sibi
710 3782 743 3817 in
763 3781 826 3830 effe
840 3785 942 3820 voliti
958 3810 968 3825 ,
1002 3795 1127 3820 verum
1143 3786 1251 3820 etiam

443 3840 506 3861 om.
582 3854 590 3863 n

1334 713 1448 749 fretus
1462 739 1473 753 ,
1501 714 1533 749 8(
1553 713 1686 749 bonum
1704 714 1926 761 Reipublicae
1942 712 2102 760 speetans
2117 738 2131 758 ‚
2156 715 2188 749 8(
2205 725 2286 759 pro.

1337 776 1481 799 movere
1497 762 1660 807 satagens
1676 777 1687 805 ;
1710 765 1809 811 quod
1822 765 1955 800 bonum
1969 766 2148 812 prtecipue
2166 764 2228 799 niti
2244 763 2280 798 8(

1335 813 1497 849 constare
1510 813 1724 859 intelligitur
1740 815 1998 862 tranquillitate
2014 816 2045 852 8(
2066 826 2151 862 pace
2165 841 2176 856 ,
2200 825 2282 849 mu-

1333 874 1468 909 tuaque
1481 864 1674 899 coneordia
1690 866 1822 901 civium
1837 891 1849 908 ,
1872 876 1934 900 cos
1951 877 2077 910 regens
2102 864 2254 912 imperio
2269 889 2281 905 ,

1335 914 1526 949 efficaciter
1549 911 1653 957 jubet
1675 913 1837 955 facienda
1857 926 1869 955 3
1895 927 1935 952 ut
1960 916 2041 951 inde
2059 915 2282 963 pululavit„

1333 962 1564 998 commodum
1579 974 1754 1008 augeatur
1767 966 1798 1000 8(
1817 976 2098 1011 promoveatur3
2119 967 2152 1002 8(
2166 964 2284 1001 effica-

1333 1013 1365 1047 ci
1382 1013 1553 1048 nolitione
1568 1007 1747 1048 interdicit
1771 1026 1842 1049 non
1860 1014 2020 1051 facienda
2033 1043 2042 1057 ,
2069 1017 2117 1051 ob
2133 1027 2211 1064 qua:
2229 1016 2284 1050 in-

1333 1062 1563 1098 commodum
1585 1063 1616 1097 in
1643 1063 1914 1110 Rempublicam
1943 1066 2284 1108 redundareintelli-

1333 1114 1385 1157 git
1398 1140 1409 1155 ,
1440 1111 1605 1160 ipsosque
1624 1114 1721 1149 cives
1741 1115 1922 1162 improbos
1938 1141 1947 1156 ‚
1973 1127 2014 1150 ac
2025 1117 2216 1153 deteriores
2229 1115 2282 1151 ef*-

1332 1162 1390 1197 fici
1408 1162 1629 1211 perspechim
1649 1163 1755 1200 habet
1774 1190 1784 1199 .
1810 1166 2004 1209 Emergunt
2033 1166 2117 1202 hinc
2133 1165 2283 1202 subinde

1332 1213 1407 1249 duo
1429 1214 1640 1260 principales
1664 1213 1765 1251 aestus
1788 1215 1873 1260 legis
1898 1217 1959 1262 qui
1978 1213 2055 1251 sunt
2077 1220 2278 1264 imperare,

1331 1266 1387 1299 vel
1402 1264 1592 1311 praecipere
1607 1264 1781 1308 facienda,
1795 1278 1875 1311 quae
1887 1266 2068 1313 praecipue
2087 1267 2164 1302 sunt
2181 1265 2285 1303 astus

1330 1316 1506 1349 virtutum
1525 1316 1774 1365 politicarumss
1789 1316 1822 1351 8(
1840 1324 1987 1359 vetare,
2011 1318 2072 1354 seu
2098 1316 2286 1355 interdice-

1332 1367 1449 1412 relegi
1469 1363 1639 1410 subjeetis
1655 1378 1725 1402 non
1744 1366 1905 1403 facienda
1927 1394 1938 1404 .

1432 1419 1482 1454 At
1500 1416 1725 1461 permittendi
1742 1416 1844 1454 als-’tus
1860 1444 1870 1461 ‚
1896 1418 1937 1453 ad
1952 1417 2125 1455 remissam
2140 1419 2289 1457 nolitio·

1332 1479 1411 1502 nem
1441 1466 1597 1513 speetare
1620 1467 1788 1505 videtur.
1813 1472 1909 1507 Nam
1936 1471 2062 1505 nolitio
2087 1469 2221 1506 remissa
2236 1469 2287 1506 est

1331 1530 1403 1563 qua
1423 1519 1471 1553 ita
1498 1517 1662 1562 displicet
1687 1521 1836 1555 nolitum
1853 1546 1862 1558 .
1886 1532 1925 1554 ut
1954 1532 2024 1555 non
2049 1520 2290 1567 prohibeatur

1331 1568 1420 1603 illud
1445 1566 1511 1604 esse
1536 1595 1546 1610 ‚
1573 1567 1661 1604 ficut
1696 1569 1843 1606 excludi
1882 1570 1915 1605 8(
1948 1570 2130 1618 prohiberi
2152 1569 2289 1617 posset.

1333 1620 1482 1663 Propria
1499 1629 1584 1664 ergo
1609 1621 1783 1666 permissio
1810 1621 1846 1656 in
1868 1621 1974 1656 nobis
1988 1647 1999 1662 ,
2021 1619 2069 1656 est
2090 1622 2217 1656 nolitio
2233 1633 2290 1657 re·

1333 1669 1431 1706 missa
1447 1668 1603 1714 alicujus
1624 1671 1731 1712 mali,
1758 1672 1858 1715 quod
1883 1669 1978 1705 scio:
2007 1683 2077 1705 non
2095 1673 2189 1706 enim
2206 1682 2290 1707 vere

1333 1720 1434 1755 dicor
1455 1722 1660 1766 permittere
1690 1721 1778 1756 illud
1794 1748 1802 1761 ‚
1835 1720 1934 1769 quod
1961 1722 2103 1766 penitus
2127 1721 2256 1766 ignoro
2275 1735 2288 1762 ;

1334 1772 1394 1805 vel
1411 1770 1499 1805 illud
1517 1796 1527 1811 ‚
1550 1769 1647 1817 quod
1666 1771 1713 1805 ita
1726 1772 1770 1805 ab
1786 1773 1856 1807 alio
1872 1771 1939 1813 fit,
1968 1782 2006 1806 ut
2021 1772 2161 1818 placeat
2177 1772 2290 1813 mihi;

1334 1819 1391 1856 sed
1420 1819 1508 1854 illud
1538 1821 1682 1866 proprie
1711 1823 1879 1867 permitto
1895 1847 1906 1863 ‚
1935 1822 2035 1867 quod
2063 1820 2134 1857 scio
2160 1824 2206 1858 ab
2218 1824 2290 1858 alio

1334 1872 1424 1906 male
1437 1869 1528 1911 fieri,
1544 1871 1576 1905 8(
1596 1868 1772 1915 displicet,
1790 1872 1812 1906 fi
1831 1883 1899 1907 non
1915 1871 2088 1918 prohibeo
2104 1900 2112 1909 .
2130 1871 2199 1908 hoc
2211 1884 2291 1920 per·

1335 1922 1467 1960 mitto;
1489 1920 1596 1954 modo
1612 1920 1696 1955 adlit
1710 1921 1911 1958 deterrendi
1932 1922 2084 1962 facultas
2099 1948 2108 1957 .
2125 1924 2206 1959 Hoc
2223 1922 2291 1967 igi-

1335 1980 1396 2006 tur
1413 1972 1625 2019 permittere
1643 1969 1724 2016 jure
1749 1973 1884 2008 dicitur
1910 1973 1996 2018 legis
2011 1971 2114 2008 aflus
2128 1999 2138 2008 .
2161 1974 2293 2008 Cum-2

1334 2021 1427 2058 enim
1444 2022 1537 2066 leges
1558 2020 1622 2056 fint
1648 2022 1882 2066 prudentIum
1907 2023 1941 2058 8(
1971 2021 2157 2070 sapentum
2173 2022 2292 2057 homi·

1334 2084 1420 2108 num
1434 2070 1520 2105 scita
1539 2097 1550 2112 ,
1568 2072 1757 2117 prudentia
1774 2073 1950 2109 interdum
1965 2072 2076 2111 dietat
2093 2101 2104 2116 ,
2126 2072 2291 2120 quaedam

1335 2123 1370 2158 in
1388 2121 1551 2157 humanis
1565 2121 1704 2158 affibus
1731 2123 1805 2159 fore
1836 2123 2078 2170 permittenda
2101 2125 2135 2161 8(
2152 2119 2293 2170 reipsa,

1334 2173 1494 2221 permitti
1509 2183 1673 2219 oportere
1687 2200 1696 2213 ,
1719 2185 1863 2220 propter
1876 2172 1998 2209 causas
2016 2175 2210 2221 legislatori
2227 2186 2292 2210 no·

1335 2234 1416 2264 tas;
1441 2223 1584 2270 eoquod
1599 2223 1812 2270 potisiimum
1825 2223 2001 2272 ejusmodi
2016 2223 2201 2261 malefafita
2218 2236 2291 2260 non

1335 2275 1477 2316 punire,
1491 2276 1604 2319 magis
1620 2274 1784 2321 expedire
1799 2275 2188 2324 Reipublicaejudicet;
2203 2276 2291 2323 quia.

1337 2324 1419 2360 inde
1433 2323 1570 2371 majora
1586 2336 1805 2370 exurgerent
1821 2328 1910 2363 mala
1929 2352 1938 2363 .

1438 2374 1487 2409 At
1516 2375 1716 2412 voluntatis
1745 2375 1864 2412 aftum
1890 2388 1966 2412 non
1989 2376 2201 2420 efficaciter,
2230 2376 2289 2413 sed

1336 2425 1474 2462 remisse
1491 2426 1645 2462 volentis
1662 2425 1835 2462 indicium
1855 2426 1903 2462 est
1920 2426 2093 2474 confilium
2108 2454 2117 2469 ,
2143 2429 2197 2464 vel
2208 2437 2290 2477 per·

1322 2473 1443 2521 suafiu
1455 2500 1468 2519 ‚
1489 2475 1560 2511 five
1574 2477 1718 2512 monitio
1735 2488 1746 2516 ;
1777 2479 2039 2514 Verumtamen
2057 2482 2084 2513 is
2100 2479 2200 2515 aetus
2217 2491 2289 2514 non

1336 2528 1548 2562 attribuitur
1561 2527 1627 2573 legi
1648 2553 1658 2569 ‚
1673 2528 1758 2574 quia
1770 2527 1954 2563 confilium
1971 2530 2069 2564 alteri
2085 2529 2166 2565 dare
2182 2557 2193 2571 ‚
2216 2541 2288 2565 non
2329 2521 2363 2581 :J

1335 2577 1384 2613 est
1404 2577 1509 2612 solius
1525 2575 1761 2624 Legislatoris
1775 2590 1835 2624 per
1853 2580 1966 2623 legem
1981 2578 2215 2621 consulentis,
2231 2579 2289 2617 sed

1335 2629 1443 2663 etiam
1459 2628 1646 2675 prudentis
1664 2629 1730 2663 viri
1751 2641 1762 2668 ;
1787 2629 1918 2664 etiamsi
1933 2628 1975 2663 ad
1993 2629 2104 2677 ipsum
2124 2642 2193 2665 non
2212 2630 2291 2680 spe·

1334 2680 1406 2714 &et
1424 2680 1535 2725 legem
1549 2678 1639 2714 ferre
1653 2702 1663 2710 -
1689 2681 1767 2716 Lex
1781 2680 1872 2714 enim
1897 2679 1989 2714 dicta
2014 2679 2062 2716 est
2079 2693 2094 2715 a
2115 2681 2257 2726 ligr-«ndo
2272 2695 2289 2722 ‚·

1335 2740 1368 2765 at
1383 2741 1453 2764 non
1468 2740 1709 2774 quaecumque
1730 2728 1901 2765 sententia
1915 2728 2071 2766 hominis
2096 2733 2288 2777 prudentia

1334 2780 1472 2828 praediti
1496 2780 1582 2824 ligat
1605 2781 1899 2815 communitatem
1914 2806 1924 2822 ‚
1950 2792 2013 2816 nec
2037 2781 2195 2828 aliquem
2209 2796 2287 2821 om·

1334 2830 1422 2866 nino
1438 2855 1449 2872 ,
1476 2829 1498 2864 fi
1516 2831 1603 2865 nulli
1626 2830 1807 2876 praefideat
1821 2857 1831 2866 .
1852 2833 2032 2876 Quamvis
2060 2833 2171 2879 igitur
2186 2835 2288 2870 aelus

1334 2879 1541 2916 consulendi
1555 2892 1601 2916 ex
1617 2881 1694 2927 lege
1705 2880 1773 2917 esse
1788 2892 1897 2929 queat
1912 2907 1922 2921 ,
1945 2882 2031 2928 quia
2048 2892 2166 2919 tamen
2181 2886 2284 2921 alteri

1332 2944 1351 2966 a
1368 2930 1583 2976 Leglslatore
1613 2933 1804 2969 convenire
1822 2929 1938 2980 potest
1954 2957 1964 2973 ‚
1993 2933 2105 2979 legem
2122 2935 2261 2970 excedit
2273 2962 2286 2977 ,

1333 2982 1369 3017 &
1383 2991 1574 3028 propterea
1595 2982 1689 3017 inter
1704 2982 1793 3028 legis
1809 2982 1909 3018 aelus
1924 2993 1995 3018 non
2021 2993 2257 3029 computatur
2277 3011 2290 3020 .

1333 3032 1474 3069 Verum
1489 3043 1610 3079 poenas
1637 3033 1712 3079 lege
1726 3032 1876 3069 statutas
1893 3033 2053 3079 irrogare
2073 3033 2286 3080 delinquen-

1334 3082 1431 3117 tibus
1450 3107 1461 3123 ,
1474 3081 1615 3118 interest
1632 3083 1718 3129 legis
1747 3085 1779 3119 8(
1794 3081 1940 3128 justitiae
1957 3084 2129 3129 punitivae
2149 3097 2159 3123 ;
2190 3085 2284 3121 refile

1332 3131 1483 3178 proinde
1505 3133 1634 3179 punire
1661 3134 1755 3169 inter
1781 3133 1869 3177 legis
1897 3131 1996 3168 aetus
2022 3145 2259 3182 computatur
2276 3161 2286 3171 .

1335 3182 1448 3217 Porro
1461 3183 1625 3229 punitiva
1642 3184 1774 3229 infligit
1789 3182 1987 3230 condignas
2001 3193 2121 3231 poenas
2139 3197 2289 3231 peccan-

1334 3232 1434 3267 tibus
1458 3233 1618 3277 inlegem
1638 3259 1650 3275 ‚
1678 3235 1795 3278 gratia
1820 3233 2071 3268 conservandae
2088 3235 2201 3280 legis,
2224 3235 2285 3271 scu
2327 3243 2428 3278 mm.
2459 3258 2482 3277 ι.
2498 3260 2529 3285 ς,

1337 3284 1484 3330 punitus
1500 3284 1702 3329 corrigatur
1722 3310 1733 3326 ‚
1753 3283 1813 3323 seu
1837 3295 1930 3320 non:
1955 3283 2037 3318 finis
2050 3286 2145 3320 enim
2161 3287 2287 3332 proxi-
2329 3291 2357 3326 ²:
2391 3287 2424 3329 θη
2447 3289 2522 3332 Fls<-

1335 3342 1417 3369 mut
1441 3334 1620 3379 punientis
1637 3362 1647 3375 ‚
1668 3332 1718 3368 est
1748 3333 1978 3370 conservatio
2000 3334 2087 3379 legis
2106 3348 2118 3376 ;
2146 3338 2178 3372 8(
2196 3337 2287 3371 ulte·
2327 3330 2389 3388 ᾖξ’.
2413 3331 2525 3363 ''¹9⁹4“-

1338 3384 1408 3418 rior
1424 3383 1503 3418 finis
1515 3384 1573 3418 ille
1586 3382 1635 3419 est
1654 3410 1664 3425 ,
1678 3385 1742 3430 qui
1754 3384 1802 3419 cst
1821 3384 1902 3420 finis
1919 3386 2008 3429 legis
2025 3411 2034 3420 .
2058 3386 2154 3421 Finis
2164 3397 2284 3422 autem

1335 3431 1438 3480 justae
1454 3433 1538 3480 legis
1553 3433 1715 3470 humana:
1730 3461 1738 3471 ,
1759 3446 1828 3470 uon
1840 3435 1890 3472 est
1906 3436 1978 3483 ipse
1992 3436 2194 3481 Legislator
2206 3463 2217 3479 ‚
2231 3438 2288 3472 vel

1336 3486 1475 3521 bonum
1491 3483 1572 3530 ejus
1590 3511 1601 3526 ,
1616 3483 1670 3520 sed
1689 3487 1821 3520 bonum
1835 3497 2028 3522 commune
2045 3499 2057 3526 3
2085 3497 2232 3534 propter
2247 3488 2289 3523 il·

1337 3535 1412 3570 lum
1429 3544 1517 3579 ergo
1533 3533 1638 3570 finem
1653 3534 1701 3570 est
1718 3536 1777 3570 lex
1793 3561 1803 3576 ‚
1835 3536 1869 3571 8(
1886 3534 2091 3572 observatio
2112 3538 2227 3582 legin
2253 3538 2289 3573 &

1340 3585 1420 3619 ideo
1440 3585 1571 3630 punire
1598 3612 1608 3626 ,
1631 3586 1685 3620 vel
1710 3585 1865 3632 prestere
1887 3587 2003 3622 sontes
2029 3586 2221 3622 secundum
2243 3589 2292 3623 le-

1342 3646 1423 3680 gem
1442 3661 1452 3675 ,
1478 3633 1528 3668 est
1543 3633 1775 3681 aftusjustus
1802 3637 1835 3672 8(
1850 3637 1968 3673 reclus
1985 3664 1993 3677 ‚
2031 3638 2066 3673 in
2082 3649 2291 3684 quantum..

1340 3685 1530 3719 ordinatur
1545 3685 1587 3719 ad
1602 3684 1709 3721 finem
1727 3687 1814 3732 legis
1828 3710 1840 3729 ‚
1856 3688 1889 3722 8(
1908 3688 2143 3731 Legislatoris
2158 3713 2169 3722 .

1445 3734 1594 3770 Praemia
1623 3736 1858 3771 distribuendi
1880 3735 2006 3778 alffius,
2027 3737 2130 3772 etiam
2157 3739 2224 3782 legi
2241 3740 2295 3772 vi-

1341 3785 1445 3822 detur
1456 3785 1733 3829 attribuendus,
1758 3787 1928 3832 quamvis
1944 3786 2023 3833 ejus
2051 3789 2218 3835 explicite
2236 3789 2295 3823 lsi-

1754 3836 1790 3872 V
1807 3847 1831 3870 n
2132 3838 2246 3873 dorus

2327 739 2399 768 hunc
2420 733 2523 762 astum·
