2602 4011
119 2817 147 2845 3.
158 2809 218 2839 dist.
232 2819 279 2846 ις.
294 2820 324 2850 q.

120 2857 148 2891 1*-
169 2853 192 2878 ο.
205 2851 256 2878 -Ad
266 2857 323 2877 rer·-

118 2894 189 2915 tlum
204 2905 212 2916 ι
233 2898 262 2916 ss·
275 2894 306 2918 σο

119 3226 172 3254 Ubi
206 3225 284 3264 supra
305 3231 331 3260 §-

120 3263 221 3292 Ultimo
231 3264 329 3294 viden.

124 3303 186 3330 :lum
199 3312 227 3330 n.
244 3313 290 3332 ιο.

638 131 796 178 Tamus
816 130 902 186 III„
916 132 1044 176 Part.
1061 128 1120 173 II.
1135 128 1325 198 Qaestio
1344 124 1417 172 CI.
1436 141 1501 182 ξφ
1522 125 1642 171 CIII.
1661 127 1764 175 Art.
1780 127 1858 175 IV.

353 199 485 234 Paulus
501 199 736 235 Timotheum
761 195 988 232 circumcidit
1020 196 1188 233 Afruum
1216 197 1270 232 16.
1287 224 1298 237 ‚

347 251 381 284 ἃ
400 249 474 296 post
492 261 651 294 quatuor
678 260 814 286 annos,
845 247 978 282 Paulus
1008 245 1220 292 purificatus
1249 247 1300 282 est

348 298 541 335 secundum
561 301 672 343 legem
687 325 697 340 ,
722 299 754 334 8<
774 309 848 331 tota
866 297 1066 331 multitudo
1081 297 1248 333 conversa
1261 298 1296 332 in

341 349 468 399 Jtidaea
486 375 497 391 ‚
520 350 629 396 legem
642 348 858 384 observabat
885 373 893 385 ,
930 347 1091 383 Asinum
1119 358 1177 380 21.
1211 359 1299 392 ergo

347 399 420 446 ipsa
436 400 562 445 legalia
577 398 654 446 post
668 398 808 434 Christi
836 397 1028 445 passionem
1059 396 1194 433 servari
1218 397 1300 444 pos·

348 450 428 486 sunt
441 451 510 486 sine
522 451 625 497 culpa
643 450 783 485 mortali
802 476 807 479 .

446 501 644 542 Praeterea‚
672 503 800 537 Vitare
813 499 993 536 consortia
1018 498 1226 535 Gentilium
1257 497 1302 539 ad

344 551 434 595 legis
449 551 681 586 caeremonias
696 549 901 598 pertinuisse
918 561 1057 586 certum
1075 548 1124 584 est
1143 560 1154 584 ε
1186 547 1245 584 sed
1261 559 1302 583 ut

346 600 514 635 scribitur
528 613 562 636 2.
576 602 626 637 ad
636 603 786 638 Galatas
801 627 811 642 ‚
825 599 955 637 Petrus
969 599 1003 634 id
1017 598 1302 635 faciebanl’rius

344 652 438 685 enim
456 649 606 698 (inquit
626 654 759 689 Paulus
781 653 916 700 )quam
930 650 1100 697 veniffent
1124 649 1300 697 quidam...

343 713 365 736 a
384 699 516 747 Jacoho
532 701 658 740 edehat
672 704 806 740 Petras
817 714 893 737 cam
915 701 1090 737 Gentibus
1104 725 1113 733 .
1133 698 1227 735 Cum
1242 711 1300 734 au.

344 760 414 787 tem
426 751 597 799 venqffis’nt
610 754 867 801 ,ficbtrahebat
876 777 888 794 ,
918 750 1183 797 &figreg‹lbat
1196 750 1240 797 fi'
1255 751 1300 786 ab

344 799 443 838 illis.
465 804 824 849 Atquisentiendum
842 800 973 838 nonest
998 800 1147 835 Petrum
1173 802 1210 836 in
1237 801 1301 836 tali

344 852 616 899 faetopeccaffe
641 868 754 900 3e1-go
782 855 850 890 sine
879 862 1057 899 peccam,
1076 850 1163 894 legis
1192 863 1301 887 caere·

343 903 473 939 moniae
488 901 619 941 servari
646 898 789 954 possunt
802 903 880 953 post
894 902 1084 950 paffionem
1110 900 1250 937 Christi
1264 928 1274 937 .

448 954 623 991 Praeterea
639 956 807 1005 Apostoli
826 965 895 989 non
909 952 1131 987 inducebant
1159 952 1295 988 Genti-

344 1002 441 1040 lesin
458 1004 646 1043 Christum
673 1007 859 1044 credentes
886 1002 929 1038 ad
955 1002 1211 1051 peccandum3
1240 1002 1299 1038 sed

344 1054 407 1102 ipsi
422 1055 466 1092 de
495 1055 667 1094 sententia
698 1057 854 1095 Concilii
879 1054 1074 1089 scribentes
1101 1052 1299 1090 Decretum

348 1105 613 1144 denunciarunt
626 1109 812 1146 Gentibus
828 1133 841 1153 ,
854 1115 893 1140 ut
909 1104 1124 1140 abstinerent
1141 1117 1159 1139 a
1176 1116 1301 1140 conta-

344 1158 607 1194 minationibus
626 1159 855 1199 ldololatriae,
868 1156 901 1190 &
919 1155 1170 1196 fornicatione,
1185 1154 1230 1194 (θ’
1243 1167 1299 1190 α..,

336 1205 510 1255 suffbcam
526 1233 537 1249 ,
562 1209 607 1248 (ἓν
628 1208 830 1254 sanguine3
857 1206 1017 1244 Asinum
1043 1216 1100 1248 ¹5·
1121 1217 1203 1252 quae
1224 1205 1300 1241 duo

343 1258 543 1307 posteriora
561 1256 604 1291 ad
621 1258 710 1304 legis
725 1257 954 1293 caeremonias
971 1256 1223 1302 pertinebant.
1247 1268 1302 1292 er·

341 1321 391 1355 go
404 1309 533 1354 legalia
563 1307 658 1344 licite
690 1307 821 1345 servari
845 1305 986 1357 possunt
1011 1304 1089 1354 post
1113 1307 1302 1353 Evangelii

343 1359 674 1409 promulgationem
688 1385 698 1396 .

446 1410 612 1450 Contra,
641 1409 685 1444 ad
702 1409 826 1446 Galat.
851 1419 883 1454 ς.
917 1409 962 1444 Si
988 1408 1302 1445 circumcidamini

345 1460 519 1498 Christus
531 1461 629 1505 vobis
639 1459 905 1508 nihilproderit
926 1486 934 1494 .
959 1469 1049 1502 ergo
1069 1459 1233 1507 expresse
1262 1459 1304 1495 si-

344 1512 492 1561 gnifieat
537 1511 860 1547 Circumeifionem
880 1508 947 1546 else
978 1509 1139 1546 illicitam
1164 1521 1307 1557 atque-a

347 1563 571 1600 mortiferam
588 1587 601 1601 .,

448 1611 666 1659 Respondeo
687 1611 881 1649 dicendum
896 1639 908 1655 ,
945 1624 990 1647 ex
1012 1623 1090 1658 quo
1119 1614 1307 1654 Gentibus

347 1665 573 1714 propositum
599 1663 647 1698 est
678 1675 896 1710 praeceptum
921 1662 964 1697 de
988 1662 1170 1710 Baptismo
1196 1663 1307 1700 susci-

348 1715 483 1763 piendo
497 1740 510 1756 ,
537 1716 589 1749 eis
606 1715 788 1749 mortifera
806 1714 873 1748 fuit
886 1713 1149 1751 Circumcifioz
1168 1715 1306 1763 Judaeis

348 1777 462 1808 vero,
490 1777 536 1800 ex
554 1776 630 1809 quo
647 1765 711 1799 suit
728 1765 760 1800 id
795 1765 1070 1800 Sacramentum
1096 1766 1307 1803 authentice

349 1825 566 1853 revocatum
582 1814 602 1861 <
615 1814 826 1862 priusquam
839 1813 934 1849 enim
953 1814 1024 1849 tale
1037 1825 1182 1864 tempus
1195 1816 1307 1851 adve-

349 1869 442 1903 niret
461 1894 470 1909 ‚
488 1867 594 1902 abeis
623 1867 745 1911 legalia
768 1867 861 1901 licite
889 1862 1185 1917 servabantur).
1211 1869 1307 1914 Quae

347 1917 510 1965 exposita
528 1915 609 1953 sunt
625 1917 893 1964 hipra-cedente
909 1915 1064 1952 articulo
1083 1947 1092 1956 .
1125 1921 1307 1956 Verunta.

350 1981 430 2006 men
444 1967 623 2004 sciendum
642 1995 652 2009 ,
668 1968 899 2004 caeremonias
917 1968 1051 2002 veteris
1064 1970 1153 2018 legis
1170 1969 1305 2007 fuiffe...

347 2020 516 2062 umbras,
541 2018 727 2061 &figuras
758 2019 991 2060 futurorum,
1021 2029 1102 2065 quae
1131 2021 1166 2057 in
1197 2022 1307 2066 lege,

346 2071 566 2115 Evangelica
584 2070 794 2117 complenda
809 2079 909 2104 erant
925 2095 933 2104 .
963 2070 1153 2116 Siquidem
1183 2070 1308 2120 purifi,

346 2121 506 2156 cationes
521 2118 768 2166 significabant
783 2119 1075 2157 emundationem
1103 2136 1122 2158 a
1146 2122 1308 2169 peccatis

347 2183 428 2219 quae
440 2171 563 2209 fututa
579 2182 656 2206 erat
672 2184 735 2219 per
750 2172 986 2208 Sacramenta
1007 2171 1229 2208 instituenda
1244 2183 1308 2221 per

348 2222 535 2259 Christum
550 2223 586 2257 in
603 2234 698 2257 nova
717 2223 809 2269 lege.
821 2221 867 2259 Et
882 2223 1087 2259 oblationes
1099 2223 1307 2269 figurabant

348 2273 576 2312 Sacrificium
601 2272 934 2319 rapraesentandum
951 2272 987 2307 in
1016 2285 1076 2309 ara
1091 2275 1224 2309 Crucis
1243 2275 1311 2311 in-i·

348 2324 500 2373 persona
515 2322 652 2360 Christi
671 2337 682 2364 ς
711 2335 791 2372 quae
809 2321 859 2358 est
875 2323 1015 2358 oblatio
1030 2324 1137 2369 longe
1153 2326 1236 2360 Deo
1249 2334 1307 2360 ac-

351 2376 545 2424 ceptissima
558 2399 567 2409 .
584 2374 855 2420 figurabantur
869 2383 1039 2422 praeterea
1056 2375 1202 2423 perillas
1214 2375 1309 2422 lega-

355 2429 406 2462 les
421 2426 767 2464 caeremonias-aetus
779 2424 925 2472 quidam
941 2424 1051 2461 lattiae
1070 2453 1080 2468 ‚
1097 2424 1195 2468 fidei,
1213 2424 1309 2472 spei,

116 2467 213 2505 4.dist.
229 2476 321 2506 ¹·q·⁷·>
354 2481 389 2516 &
405 2477 595 2514 charitatis
611 2478 646 2513 in
664 2475 808 2515 Deum.
832 2477 872 2512 Et
887 2474 961 2524 ipsa
977 2476 1012 2512 in
1027 2476 1310 2514 Circumciiione

355 2529 464 2570 fiebat
477 2526 684 2575 protestatio
699 2529 798 2572 fidei,
812 2539 995 2576 perquam
1009 2527 1051 2564 ad
1066 2540 1213 2577 puerum
1230 2528 1312 2565 Cir-

356 2579 565 2616 cumeifioni
584 2576 786 2626 subjeetum
805 2605 816 2621 ‚
831 2580 994 2615 ·relatum
1011 2579 1310 2616 emundabatur&

357 2631 461 2679 culpa
474 2630 666 2676 originali,
682 2642 722 2667 ut
738 2630 888 2667 testatur
905 2630 1108 2676 Gregorius
1123 2643 1160 2673 4.
1176 2629 1309 2668 Moral.

358 2682 514 2729 cap.2.8<
531 2682 704 2729 allegatur
719 2694 736 2716 a
753 2681 977 2727 Mag-4.dist.
989 2691 1096 2726 neap,
1113 2694 1127 2712 ⁴>
1145 2684 1313 2720 uaeritur.

463 2732 632 2769 Profeffio
649 2744 768 2769 autem
790 2732 873 2768 fidei
890 2744 964 2768 erat
980 2734 1013 2769 in
1031 2732 1310 2770 Mediatorem„

359 2793 552 2820 venturum
568 2797 612 2820 ex
630 2784 733 2828 stirpe
748 2783 950 2819 Abrahami
967 2811 977 2827 ‚
1000 2787 1057 2820 cui
1076 2786 1235 2833 primum
1249 2784 1312 2819 da·

360 2847 395 2871 ta
416 2835 483 2870 fuit
499 2835 612 2870 Circu
622 2833 755 2875 incisio,
770 2835 801 2869 ἃ
821 2835 855 2869 in
872 2835 949 2879 lege
962 2835 1194 2871 confirmata!
1213 2839 1310 2872 Nam

358 2896 484 2921 omnes
509 2896 674 2921 tenentur
692 2896 756 2930 pro
779 2885 947 2930 quolibet
977 2884 1068 2921 statu
1098 2886 1142 2921 ad
1169 2885 1310 2921 fidem„

361 2935 573 2972 Mediatoris
591 2936 665 2979 post
684 2934 822 2981 lapsum
838 2935 993 2970 hominis
1013 2948 1021 2971 :
1041 2937 1173 2973 etenim
1186 2937 1308 2971 nullus

359 2987 530 3028 salvatur,
549 2987 608 3022 nisi
624 2987 662 3022 sit
681 2986 881 3023 membrum
898 2987 1062 3022 Ecclefiae
1075 2987 1150 3034 post
1167 2986 1308 3034 lapsum

357 3038 391 3073 id
410 3049 495 3073 vero
513 3050 582 3072 non
601 3038 647 3072 cst
667 3034 727 3071 nisi
744 3037 776 3070 in
792 3035 860 3071 fide
879 3036 1093 3073 Mediatoris
1107 3065 1118 3081 ‚
1145 3039 1233 3074 ficut
1246 3049 1308 3085 pa-

358 3099 408 3124 tet
424 3098 486 3135 per
504 3087 723 3134 Apostolum
740 3085 788 3120 ad
800 3084 967 3122 I-Iaebreos
985 3100 994 3122 1
1010 3099 1038 3123 t.

460 3138 642 3174 Caeterum
663 3135 712 3174 illi
727 3136 791 3171 sub
808 3136 885 3182 lege
915 3139 1026 3174 veteri
1042 3138 1310 3186 profitebantur-

364 3187 396 3224 se
410 3188 552 3224 credere
565 3191 598 3223 in
614 3187 851 3223 Mediatorem
879 3199 1072 3224 venturum
1086 3216 1096 3231 ‚
1120 3201 1228 3234 quem
1243 3199 1308 3225 nos

361 3239 492 3275 sincera
506 3238 770 3284 firmissimaque
789 3236 858 3272 fide
870 3247 1030 3275 tenemus
1044 3238 1179 3276 venisse
1192 3266 1204 3282 ,
1232 3239 1308 3287 pas·

362 3288 437 3324 sum
456 3289 522 3325 esse
536 3317 544 3330 ‚
558 3286 787 3325 resurrexisse
804 3287 905 3323 tertia
916 3288 973 3324 die
986 3316 996 3331 ,
1013 3302 1053 3325 ac
1066 3289 1169 3336 super
1184 3301 1308 3327 omnes

359 3339 479 3375 Coelos
496 3339 685 3375 ascendisse
701 3365 711 3375 .
731 3335 940 3374 Neccss‘ario
952 3351 1039 3385 ergo
1050 3341 1177 3389 umbre
1190 3367 1202 3383 ‚
1215 3343 1248 3378 8(
1268 3340 1311 3376 fi-

357 3401 447 3436 gure
464 3390 529 3425 illae
542 3389 669 3426 cessare
683 3389 887 3425 debuerunt
906 3415 916 3430 ‚
943 3390 1157 3427 adveniente
1175 3393 1308 3430 verita-2

357 3452 394 3475 te
408 3467 417 3481 ‚
444 3452 551 3485 quam
566 3439 856 3485 praesignabant.
886 3440 928 3474 Et
945 3439 1046 3475 sicuti
1064 3440 1307 3489 priusquam...

357 3491 524 3527 Salvator
545 3489 728 3525 adver-nitet
748 3514 760 3532 ‚
791 3501 917 3524 verum
934 3491 1185 3538 erarChristus
1196 3493 1308 3540 nasci-

358 3549 461 3575 turus
476 3539 548 3583 esl3
570 3539 615 3573 ita
629 3539 734 3574 modo
748 3538 795 3573 est
815 3540 871 3574 illa
888 3541 1085 3587 propositio
1101 3541 1181 3577 falsa
1196 3569 1207 3585 ‚
1223 3556 1307 3580 cum

357 3589 431 3636 jam
447 3590 634 3624 erlvcncrit
651 3610 663 3623 .
678 3589 809 3623 Eadem
825 3599 942 3625 autem
970 3593 1180 3639 complexio
1205 3593 1306 3630 esst,

357 3641 484 3684 nequit
504 3640 603 3674 simul
624 3650 706 3674 vera
726 3639 760 3674 8(
791 3638 872 3673 falsa
893 3652 903 3679 ;
930 3641 987 3676 vel
1008 3642 1243 3689 contingens,
1272 3647 1305 3681 8(

358 3688 549 3725 neceffaria
563 3715 571 3723 .
586 3690 682 3725 Ante
696 3687 894 3725 Salvatoris
920 3690 1119 3727 adventum
1147 3705 1307 3732 verum..

358 3741 573 3781 contingens
588 3751 663 3775 etat
682 3767 693 3782 ,
722 3737 836 3787 ipsum
851 3740 918 3776 css‘e
932 3740 1094 3778 futurum
1107 3755 1121 3781 ,-
1142 3743 1308 3780 delibera

359 3791 452 3826 enim
471 3791 537 3825 Dei
554 3791 739 3826 voluntate
755 3790 930 3837 pendebat
951 3805 961 3832 3
987 3804 1056 3828 non
1081 3793 1130 3829 est
1156 3796 1307 3842 proinde

2147 143 2257 189 373'

1365 193 1487 230 eadem
1501 195 1707 238 complexio
1723 196 1765 230 de
1780 196 2022 240 Redemptore
2040 223 2050 238 ‚
2070 208 2178 243 quem
2207 195 2319 230 credi·

1368 245 1498 280 derunt
1512 244 1668 290 Antiqui
1683 244 1805 278 Patres
1821 271 1832 285 ‚
1855 246 1888 280 8(
1910 245 2118 291 profitentes
2137 245 2242 281 fidem
2256 248 2319 280 irt..

1369 293 1484 342 ipsum
1504 295 1537 329 in
1555 294 1840 329 Circumcisione
1857 322 1867 336 ,
1883 296 1916 330 8(
1935 307 2041 340 quam
2058 297 2239 332 credimus
2256 305 2320 331 nos

1370 348 1405 382 8(
1422 344 1634 392 profitemur
1646 347 1682 380 in
1698 344 1869 391 Baptismi
1886 344 2124 392 susceptione.
2137 349 2190 384 Ac
2203 348 2321 391 proin.

1369 396 1414 432 de.
1446 396 1570 441 legalia
1596 407 1776 443 quoeque,
1800 406 1882 441 quae
1899 395 2160 441 portendebant
2185 396 2320 431 Christi

1370 447 1564 483 adventum
1578 471 1589 487 ,
1604 445 1686 482 falsa
1700 446 1848 482 omnino
1866 444 1930 480 sint
1946 456 2089 492 oportet
2110 460 2120 485 ;
2139 447 2222 492 quia
2236 458 2318 481 vere

1370 496 1570 542 significare
1583 507 1769 544 nequeunt
1786 496 1952 531 futurum
1967 522 1981 542 ‚
2003 496 2241 532 Mediatorem
2255 497 2320 542 qui

1368 546 1444 593 jam
1461 547 1626 582 advenit.

1468 596 1528 633 Ad
1544 608 1752 644 argumenta
1766 622 1775 631 .
1795 595 1854 632 Ad
1870 596 2025 643 primum
2040 596 2319 642 responden,eir·

1367 659 1408 684 ca
1422 648 1648 685 cessationem
1663 648 1829 693 legalium
1842 647 1990 682 celebris
2002 647 2092 682 extit
2106 657 2318 681 controver-

1369 700 1415 735 fia
1432 701 1523 736 inter
1539 699 1632 735 duos
1647 700 1850 745 praecipuos
1866 697 2029 732 Ecclefiae
2048 696 2227 733 Doaores
2241 696 2319 731 Au-

1368 751 1553 795 gustinum
1569 778 1580 793 ,
1596 751 1630 786 8(
1646 750 1915 796 Hieronymum
1930 775 1941 790 ,
1963 757 2003 782 ut
2016 758 2116 795 patet
2131 759 2175 781 ex
2188 757 2314 781 eorum

1367 800 1534 848 Epistolis
1574 828 1585 839 .
1628 801 1876 846 Hieronymus
1909 809 1995 845 ergo
2030 797 2203 833 sentiebat
2234 795 2313 843 post

1366 852 1504 887 Christi
1522 862 1672 887 mortem
1690 861 1761 885 non
1776 847 1911 885 licuisse
1935 849 2061 896 legalia
2087 847 2254 886 servare3
2281 847 2315 882 8(

1366 904 1453 949 quia
1465 902 1509 938 de
1525 902 1626 937 fastis
1646 901 1766 944 Petri,
1793 902 1826 936 8(
1841 899 1942 937 Pauli
1960 898 2145 934 constabat
2159 911 2205 934 ex
2221 897 2320 936 Scri,

1366 963 1473 999 ptura
1491 966 1503 988 t
1521 953 1612 987 dixit
1628 975 1641 996 ,
1659 951 1692 984 id
1709 962 1770 985 eos
1786 949 1902 987 fecisse
1914 948 1979 985 sub
1993 950 2147 996 quadam
2175 949 2319 984 simula-

1367 1004 1539 1047 tione,&
1557 1014 1628 1036 non
1641 1012 1687 1036 ex
1714 1001 1836 1036 animo
1852 1027 1861 1042 ‚
1885 1002 1972 1046 quia
1998 1011 2094 1036 erant
2118 998 2317 1035 mortifera.

1367 1057 1420 1093 At
1437 1052 1666 1098 Augustinus
1679 1050 1784 1087 docet
1799 1051 1921 1098 legalia
1936 1063 2008 1085 non
2020 1050 2122 1086 fuisse
2134 1049 2320 1086 mortifera

1369 1104 1429 1141 sed
1444 1115 1587 1141 mortua
1603 1101 1796 1150 praedicato
1813 1102 2028 1147 Evangelio3
2041 1103 2190 1147 quando
2202 1103 2321 1149 proin-

1371 1155 1416 1193 de
1431 1169 1471 1192 ea
1487 1152 1727 1190 observabant
1740 1151 1909 1198 Apostoli
1922 1163 2020 1187 erant
2048 1154 2143 1188 licita
2160 1179 2171 1195 ,
2200 1154 2233 1187 8(
2250 1163 2322 1189 non

1367 1207 1555 1254 prohibita
1573 1230 1583 1245 ‚
1610 1202 1810 1238 dummodo
1824 1201 1901 1250 spes
1917 1213 1987 1237 non
2004 1214 2195 1249 poneretur
2208 1205 2243 1238 in
2260 1205 2325 1245 eis,

1369 1257 1476 1295 sedin
1490 1256 1604 1305 gratia
1621 1252 1758 1290 Christi
1774 1281 1786 1296 ‚
1809 1265 1885 1301 quo
1900 1251 2002 1289 sensu
2032 1253 2261 1290 observantia
2277 1255 2326 1289 le-

1370 1311 1511 1357 galium
1526 1306 1724 1341 damnatur
1738 1306 1783 1340 ab
1795 1304 1977 1352 Apostolo
1988 1329 1997 1338 .

1476 1361 1618 1402 Verum
1644 1355 1892 1391 difficultatem
1915 1366 1987 1391 non
2019 1356 2136 1391 levem
2159 1357 2329 1404 ingerunt

1370 1414 1483 1448 verba
1505 1407 1668 1444 Pauliex
1685 1419 1765 1454 cap.
1800 1417 1837 1442 2.
1863 1405 1907 1441 ad
1930 1405 2012 1443 Gal.
2045 1407 2138 1444 Cum
2166 1405 2329 1454 veniffet‚

1371 1464 1495 1509 inquit
1513 1486 1524 1501 ‚
1555 1456 1695 1506 Cephas
1718 1457 1894 1503 infaciem
1907 1461 1940 1492 ei
1952 1456 2070 1505 restiti
2083 1485 2093 1500 ‚
2106 1459 2192 1505 quia
2211 1466 2328 1505 repre-

1371 1510 1549 1559 henfibilis
1566 1517 1663 1548 erat3
1678 1509 1712 1543 8(
1730 1509 1877 1544 reddens
1893 1509 2035 1544 causam
2054 1535 2064 1551 ‚
2082 1508 2220 1545 subdit:
2237 1508 2330 1543 enim

1366 1567 1470 1613 prius
1484 1573 1588 1610 quam
1617 1558 1792 1607 veniſjbnr
1816 1558 1962 1607 quidam
1975 1573 1995 1595 a
2021 1559 2153 1607 Jacoho
2174 1583 2187 1601 ‚
2206 1559 2334 1595 edebat

1370 1614 1503 1650 Petrus
1519 1623 1598 1646 cum
1612 1610 1801 1647 Gentibus.
1828 1608 1921 1646 Cum
1937 1619 2056 1646 autem
2074 1610 2336 1658 venislbntsich-

1372 1665 1540 1702 trahebar
1554 1688 1564 1703 ‚
1593 1660 1637 1698 (ξ’
1647 1659 1910 1708 segregabatse
1934 1661 2062 1698 abillis
2077 1689 2085 1701 ‚
2115 1664 2240 1696 timens
2253 1672 2305 1696 eos
2324 1686 2334 1701 ,

1371 1717 1441 1766 qui
1464 1725 1509 1750 ex
1524 1710 1796 1757 Circumcifione
1823 1721 2001 1749 vezeram
2022 1741 2029 1752 ,
2051 1710 2096 1750 (θ’
2116 1711 2337 1758 simulationi

1374 1767 1449 1814 ejus
1463 1761 1708 1809 corsenfi’rant
1739 1765 1856 1798 caeteri
1888 1763 2013 1812 Judaei
2028 1789 2038 1798 .
2067 1763 2160 1798 Mox
2193 1761 2337 1797 subiicit

1375 1813 1683 1866 reprehensionem
1702 1837 1711 1847 .
1741 1814 1786 1849 Si
1806 1821 1845 1849 tu
1865 1814 2017 1861 Judaeus
2041 1826 2118 1849 cum
2136 1811 2339 1859 fisgentili·

1376 1877 1434 1905 ter
1450 1894 1461 1910 ,
1485 1865 1528 1905 ξφ
1539 1876 1606 1901 non
1620 1861 1776 1910 Judaice
1789 1866 1893 1901 vimis
1912 1892 1921 1904 ‚
1945 1863 2111 1913 quamodo
2136 1864 2268 1900 Gentes
2282 1873 2337 1898 co-

1368 1913 1661 1966 gisjudaizare?
1689 1915 1736 1950 Ea
1752 1927 1874 1952 autem
1894 1917 1992 1964 gesta
2023 1915 2101 1951 sunt
2131 1914 2339 1950 Antiochiae

1378 1982 1449 2006 non
1464 1968 1526 2004 diu
1544 1964 1622 2013 post
1637 1966 1786 2002 tertium
1801 1964 2262 2014 ConciliumJerosolymis
2275 1966 2342 2000 ha-

1375 2022 1493 2057 bitum
1510 2046 1522 2063 ,
1538 2015 1734 2054 secundum
1752 2015 1978 2064 Magistrum
2001 2017 2266 2054 Historiarum.

1477 2074 1614 2116 Neque
1628 2068 1700 2103 ulla
1715 2068 1772 2103 hic
1792 2069 1900 2105 habet
1923 2070 2046 2105 locum
2064 2067 2247 2103 simulatio
2262 2093 2274 2110 ,
2302 2076 2343 2102 ut

1378 2123 1572 2159 videbatur
1590 2119 1822 2167 Hieronymo
1838 2147 1847 2161 ‚
1876 2120 1976 2166 quasi
1992 2116 2158 2165 Apostoli
2174 2129 2221 2154 ex
2250 2128 2339 2154 con-

1376 2173 1477 2209 dieto
1518 2170 1734 2207 certaverint
1767 2196 1779 2213 ‚
1822 2171 1936 2207 Paulo
1957 2168 2102 2206 causam
2133 2170 2344 2206 Gentilium

1375 2235 1503 2271 agente
1521 2247 1533 2266 ‚
1550 2223 1661 2258 Petro
1673 2222 1939 2270 autemJudaeis
1965 2221 2213 2268 patrocinante
2230 2233 2240 2253 ε
2257 2220 2345 2266 quia

1379 2285 1422 2311 ut
1438 2276 1486 2311 ait
1503 2270 1663 2317 August.
1681 2271 1716 2306 3<
1736 2271 1892 2309 habetur
1905 2274 1939 2307 in
1953 2273 2109 2309 Canone
2127 2271 2213 2320 dist.
2231 2284 2267 2318 9.
2297 2269 2342 2305 Si

1379 2325 1429 2367 ad
1443 2325 1653 2370 Scripturas
1675 2321 1820 2359 divinas
1848 2322 2035 2369 admiffiaem
2053 2321 2175 2367 fuerit
2200 2319 2345 2369 aliquod

1376 2374 1601 2413 mendacium
1614 2398 1626 2413 ‚
1652 2382 1978 2420 quantumcumque
1990 2382 2151 2421 parvum
2169 2401 2178 2416 ‚
2194 2372 2262 2420 fi’u
2276 2370 2344 2419 offi-

1378 2425 1505 2473 ciosum
1533 2451 1545 2466 ,
1587 2421 1688 2459 nihil
1711 2432 1868 2460 remanet
1891 2426 1928 2459 in
1953 2436 1992 2459 ea
2003 2421 2125 2470 solid?
2148 2426 2342 2466 veritatis,

1377 2490 1447 2528 qua
1473 2475 1710 2513 convincatur
1734 2474 1993 2523 adversarius.
2020 2474 2224 2522 Qudquid
2252 2477 2345 2510 enim

1378 2536 1497 2566 contra
1515 2524 1628 2573 ipsum
1640 2523 1959 2574 alae'egatumsuerit
1972 2554 1981 2568 ‚
1995 2524 2236 2572 respondebit,
2249 2523 2343 2561 illud

1378 2578 1601 2616 mendaciter
1612 2575 1674 2624 effe
1698 2577 1831 2614 dii-*lum
1843 2577 1955 2625 iocosi²
1966 2604 1976 2619 ,
2005 2577 2067 2612 vel
2077 2574 2216 2624 officiose
2227 2584 2270 2612 ut
2285 2574 2343 2610 ef?

1378 2631 1471 2668 illud
1480 2629 1595 2670 aliud,
1609 2628 1704 2675 quod
1717 2628 1919 2665 conceditur
1932 2631 1985 2663 ita
2002 2627 2068 2676 effi
2080 2626 2221 2663 dicrum.
2242 2627 2340 2662 Cum

1378 2695 1463 2730 ergo
1478 2681 1611 2717 Paulus
1628 2678 1676 2714 ad
1688 2679 1776 2716 Gal.
1795 2692 1829 2716 2.
1855 2693 1935 2727 quoe
1946 2679 1995 2714 est
2027 2689 2110 2727 pars
2137 2678 2338 2724 Scripturae

1379 2731 1576 2770 Canonicae
1600 2757 1608 2770 ‚
1635 2727 1711 2765 iia-c
1746 2731 1900 2774 seri'at,
1932 2729 2115 2776 infaciem
2135 2731 2168 2764 ei
2195 2729 2338 2776 restiti,

1377 2787 1465 2833 quia
1498 2780 1781 2830 rejrchensibilts
1805 2792 1885 2817 erar
1913 2809 1921 2818 .
1949 2780 1996 2818 Su
2005 2782 2191 2826 biciatque
2206 2807 2216 2822 ,
2243 2780 2338 2816 Cum

1377 2845 1497 2872 aurem
1524 2832 1687 2879 eidtffem
1710 2860 1718 2874 ‚
1746 2834 1840 2880 quod
1868 2845 1934 2869 non
1956 2833 2047 2867 refie
2069 2831 2268 2868 ambularet
2291 2829 2340 2865 ad

1377 2886 1568 2922 veritatem
1587 2883 1778 2929 evangeli
1796 2912 1803 2924 ‚
1821 2883 1958 2920 neccsse
1981 2882 2029 2918 est
2051 2881 2178 2917 sentire
2196 2909 2206 2924 ‚
2236 2882 2268 2917 8(
2286 2880 2336 2916 fa-

1377 2937 1473 2978 teri,
1499 2947 1537 2971 ea
1554 2937 1661 2969 verba
1678 2935 1745 2970 esse
1774 2935 1980 2982 simpliciter
2008 2945 2091 2968 vera
2124 2947 2135 2974 3
2171 2933 2334 2979 alioquin

1379 2987 1495 3023 omnis
1515 2985 1712 3031 Scriptura:
1729 2986 1932 3022 authoritas
1948 2985 2140 3032 deperiret,
2164 2995 2200 3018 ut
2215 2984 2334 3028 arguit

1381 3037 1613 3084 Augustinus
1631 3062 1640 3071 .

1476 3087 1569 3123 illud
1595 3087 1743 3132 proinde
1773 3085 2027 3122 declarandum
2066 3082 2222 3130 superest
2239 3110 2248 3125 ‚
2282 3084 2330 3118 ob

1373 3150 1480 3185 quam
1508 3137 1652 3173 causam
1692 3137 1820 3173 Petrus
1854 3133 2138 3183 reprehensibilis
2175 3133 2330 3168 dicatur.

1376 3189 1461 3224 Dici
1477 3199 1546 3223 non
1561 3187 1675 3235 potest
1691 3215 1700 3229 ,
1716 3188 1869 3233 dignum
1887 3184 2039 3222 extitifl‘e
2056 3184 2326 3229 reprehensione

1374 3239 1462 3287 quia
1475 3249 1563 3274 tunc
1578 3241 1693 3284 legem
1708 3237 1986 3275 servabat.Nam
2001 3234 2077 3282 post
2091 3238 2159 3270 tale
2177 3235 2324 3276 fanum,

1375 3288 1496 3337 &ipse
1514 3289 1648 3325 Paulus
1663 3289 1889 3325 circumcidit
1923 3286 2162 3322 Timotheum
2181 3314 2191 3329 ‚
2222 3282 2325 3331 juxta

1375 3340 1594 3386 Magistrum
1611 3339 1855 3376 Historiarum
1873 3365 1880 3373 .
1898 3339 1941 3374 Et
1955 3337 2031 3384 post
2042 3348 2199 3384 quatuor
2213 3348 2325 3371 annos

1374 3391 1468 3427 idem
1487 3390 1622 3427 Paulus
1638 3390 1851 3438 purificatus
1867 3388 2061 3424 secundum
2078 3387 2329 3434 legem‚asccn-

1373 3442 1427 3477 dit
1441 3443 1486 3479 in.
1499 3442 1693 3489 Templum
1707 3465 1719 3484 ‚
1744 3442 1778 3477 8<
1795 3452 1872 3478 tota
1888 3439 2082 3476 multitudo
2106 3438 2330 3474 credentium

1378 3492 1548 3542 injudaea
1561 3492 1778 3528 observabat
1795 3494 1909 3538 legem
1930 3517 1940 3531 ‚
1969 3491 2153 3526 vlfittum
2169 3499 2228 3523 zi.

1477 3545 1659 3580 Necitem
1683 3544 1810 3579 Petrus
1837 3539 2127 3590 reprehensibilis
2139 3550 2213 3574 crat
2243 3542 2331 3587 quia

1376 3594 1421 3629 sic
1445 3593 1661 3629 observabat
1687 3595 1825 3639 legem,
1843 3593 1974 3628 scilicet
1991 3593 2025 3627 in
2050 3588 2264 3627 discretione
2283 3595 2333 3627 ci·

1380 3646 1506 3680 borum
1523 3657 1534 3685 ;
1560 3656 1640 3679 nam
1670 3645 1703 3680 id
1719 3656 1791 3679 non
1819 3644 1932 3688 magis
1960 3641 2028 3676 fuit
2055 3640 2332 3684 mortiferum,

1378 3706 1489 3742 quam
1509 3706 1636 3731 caetera
1653 3695 1782 3742 legalia
1802 3721 1812 3736 ‚
1828 3705 1865 3729 ut
1883 3692 2105 3742 purificatio,
2124 3693 2158 3727 8(
2178 3690 2334 3737 ejusmo-

1381 3745 1416 3781 di
1431 3773 1441 3784 .

1485 3795 1562 3830 Aut
1581 3796 1692 3842 igitur
1716 3793 1878 3836 dicetur,
1908 3792 2191 3841 reprehensibilis
2216 3793 2335 3839 fuisse,

2199 3855 2286 3890 quia

2355 681 2401 711 De
2414 683 2564 712 cessatione

2354 719 2489 760 legalium
2511 730 2562 748 ex·

2351 760 2408 788 titit
2451 768 2565 788 contro.

2353 798 2438 827 versia
2493 799 2563 826 inter

2352 836 2529 874 Hieronymi}
2554 856 2565 870 ‚

2355 875 2383 902 8(
2412 875 2567 914 Augustini)

2359 1014 2392 1042 In
2407 1014 2477 1043 hanc
2496 1015 2564 1044 Sen-

2359 1054 2478 1081 tentiam
2489 1063 2562 1082 tran-

2358 1089 2568 1129 siissel-Iierony·

2359 1141 2438 1160 mum
2454 1149 2464 1164 ‚
2477 1131 2569 1160 scribit

2359 1170 2526 1209 Augustinus

2360 1208 2446 1248 Epist.
2459 1210 2572 1237 ’.σω-,τά

2360 1248 2498 1278 Οόῖαυαησ
2524 1265 2533 1274 .

2361 1387 2434 1416 Vide
2446 1387 2573 1425 vasque-

2363 1426 2431 1455 fium
2474 1428 2575 1464 disput.

2368 1467 2432 1493 182.
2451 1465 2572 1495 ae'turate

2364 1503 2420 1532 hoec
2467 1513 2576 1541 pertra-

2365 1543 2488 1571 stantem
2508 1562 2517 1571 .

2373 3103 2474 3131 Exacta
2487 3103 2564 3133 decla

2363 3142 2436 3169 ratio
2477 3143 2575 3171 verbo-

2363 3189 2425 3206 rum
2440 3180 2516 3207 Paul.
2545 3192 2576 3210 ι.

2363 3217 2397 3245 :td
2410 3219 2475 3245 Gal.
2488 3220 2573 3254 infiz-

2363 3255 2432 3283 ciem
2444 3258 2469 3284 ei
2494 3253 2573 3290 relli-

2363 3293 2389 3321 Ιί
2399 3314 2407 3327 ,
2432 3295 2498 3330 qula
2526 3307 2571 3323 rc-

2360 3333 2549 3370 prelreefibilis

2367 3378 2427 3399 erat
2436 3389 2446 3400 .
