2653 4057
42 1765 91 1796 D.
105 1773 132 1801 4.
146 1765 177 1795 d.
194 1774 284 1804 49.q.

50 1813 86 1870 ἴα
97 1808 126 1870 ’ψ
138 1806 283 1845 Desecun-

48 1882 153 1919 Qtaere
167 1883 286 1913 1·Etb1‘¹.

0 1933 1 1958 3
47 1918 83 1947 de
106 1919 285 1958 significatio-

0 1965 1 1990 i
47 1965 83 1986 ne
100 1959 291 1990 beatitudinis.

47 2113 190 2147 videndus
228 2118 288 2147 Au.

46 2153 166 2193 guitinus
180 2166 208 2191 5.
219 2156 288 2189 de...

47 2192 139 2221 Civit-
151 2203 167 2222 a
175 2203 292 2235 cap-13.

48 2229 165 2271 eflm-

43 2805 254 2837 sufficientia-⁴
271 2823 285 2840 ,

43 2845 190 2884 pcrfeffio,
203 2855 287 2873 com-

43 2884 133 2923 pletio
147 2903 157 2917 ,
169 2885 196 2911 δι
211 2883 283 2912 bene

42 2922 119 2955 elle,
141 2930 171 2950 ut
195 2922 284 2951 beati.

43 2961 168 2990 tudinem
179 2964 281 3000 ἰατροτ-

42 3007 123 3032 tant,
136 3000 196 3030 sunt
218 3009 282 3039 per-

41 3036 174 3069 sectiones
185 3043 281 3071 iecuu.

44 3076 84 3105 de
97 3096 107 3108 .

44 3350 153 3382 Doekor
163 3354 209 3384 ubi
231 3355 275 3386 su-

40 3399 90 3429 pra
110 3395 133 3424 §-
147 3395 276 3425 Tertia-³

44 3430 168 3470 concltfio
179 3450 189 3462 .

830 165 994 215 Tamus
1023 163 1108 210 III.
1141 163 1268 211 Part.
1286 158 1532 233 LQaestio
1562 158 1626 205 ΙΙ.
1657 124 1760 209 Art.
1781 164 1834 211 V.

331 241 440 278 minis
466 237 654 285 appetitu,
685 245 761 280 quo
776 235 912 282 appetit
927 260 938 275 ,
953 234 989 269 8<
1005 232 1120 269 fertur
1145 232 1181 268 in
1192 231 1288 268 sum-

330 304 429 328 mum
457 288 653 333 diligibsse,
679 286 712 320 81
743 285 880 321 bonum
915 284 1058 319 unitive
1096 283 1287 320 continens

325 342 488 377 omnium
508 336 759 385 appetibilium
776 334 1079 382 perfeffionesfit
1098 332 1119 367 fi
1133 343 1219 379 ergo
1232 331 1288 367 di-

327 391 426 426 vitiae
452 389 610 435 aliquam
640 386 806 422 auferant
835 385 1103 430 indigentiam,
1127 394 1209 429 quae
1238 379 1289 418 est

326 438 471 486 sequela
498 441 586 475 vitae
608 437 770 474 mortalis
786 463 796 478 ,
821 437 854 473 8<
884 434 1049 474 animalis
1063 460 1073 475 ‚
1095 432 1290 471 tribuere,

323 500 444 526 tamen
469 503 540 526 non
554 489 698 536 possunt
726 487 849 524 animo
860 486 1080 533 completam
1096 481 1291 531 perfeetio-

321 551 406 576 nem
420 567 431 583 ,
450 542 485 577 8(
502 542 659 589 quietern
674 567 685 582 ,
710 550 792 586 quae
805 537 867 574 {ita
884 537 932 574 est
945 538 981 572 in
999 533 1287 582 conjunaionm

320 591 434 636 ipfius
455 603 537 629 cum
567 593 683 641 prima
716 590 896 632 veritate,
923 597 963 625 ut
986 587 1036 624 ait
1069 585 1292 622 Avicenna...

327 639 546 682 lococitato.

496 739 1016 786 ARTIGULUS
1067 738 1122 779 Il.

424 848 565 888 Utrum
578 846 771 888 beatitudo
782 844 943 883 hominis
970 843 1139 884 consistat
1155 840 1192 881 in

683 898 889 941 honoribus
915 921 927 934 .
947 930 951 933 ,

487 968 1008 1044 A-RTICULUS
1062 996 1136 1035 ΠΙ.

434 1103 572 1142 Utrum
583 1103 778 1152 beatitudo
789 1100 950 1137 hominis
963 1099 1133 1139 consistat
1147 1100 1187 1140 itt

625 1156 720 1193 fama
736 1181 750 1199 ,
763 1154 835 1191 five
846 1152 963 1198 gloria
979 1180 992 1191 .

481 1254 1000 1299 ARTICULUS
1054 1254 1124 1292 lV.

455 1360 600 1399 Utrum
612 1358 804 1397 beatitudo
817 1357 978 1395 hominis
990 1355 1084 1393 confi
1091 1354 1160 1393 stat

682 1412 719 1448 in
730 1408 905 1459 potestate
918 1434 932 1445 .

483 1510 1007 1556 ARTICULUS
1063 1508 1115 1545 V.

423 1613 565 1648 Utrum
584 1611 779 1646 beatitudo
792 1611 950 1648 hominis
962 1611 1129 1648 consistat
1142 1611 1180 1647 in

578 1662 707 1708 aliquo
718 1663 880 1708 corporis
897 1663 995 1701 bono
1010 1685 1021 1698 .

402 1761 475 1799 Ro
507 1761 637 1795 horum
656 1751 843 1797 solutione'
867 1762 1102 1802 cultrfitorum
1133 1762 1297 1797 statuen-

415 1813 501 1848 dum
518 1811 591 1851 est,
611 1810 700 1855 quid
728 1814 873 1848 nomine
897 1809 1138 1848 beatitudinis
1161 1811 1292 1843 inteni-

321 1861 478 1903 ezendum
493 1863 615 1897 veniat
641 1886 650 1894 .
685 1860 892 1909 Philosophi
910 1865 1034 1910 itaque
1062 1860 1105 1894 de
1132 1857 1294 1894 bominis

323 1914 492 1952 felicitate
504 1913 703 1950 sermonem
723 1911 950 1948 instituentes
966 1941 975 1955 ‚
998 1922 1038 1948 ut
1049 1921 1180 1945 notum
1209 1907 1292 1957 sup-

322 1967 505 2015 ponebant
537 1992 546 2000 .
587 1962 851 2000 beatitudinem
868 1964 937 2000 effe
953 1958 1289 2006 bonumfufficiens,

326 2028 469 2053 omnem
496 2015 648 2052 subinde
667 2024 791 2051 arcens
805 2014 984 2051 defetstnm
1002 2038 1014 2055 ,
1039 2014 1096 2050 vel
1127 2011 1292 2058 indigen-

328 2069 416 2105 tiam
445 2093 456 2104 .
478 2065 556 2103 Effe
587 2064 710 2102 rursus
732 2065 1076 2113 honumperstflum
1092 2090 1104 2106 ,
1126 2063 1180 2098 vel
1206 2075 1290 2099 com.

321 2119 484 2169 pletura,
505 2116 702 2155 excludens
726 2115 1035 2162 imperfet‘iionem
1052 2143 1061 2158 ‚
1094 2113 1153 2149 seu
1183 2112 1292 2149 dimi-

324 2170 539 2209 nutionem3
568 2169 652 2204 item
665 2177 788 2203 extare
802 2167 936 2203 bonum
951 2169 1160 2203 ultimatum
1188 2164 1291 2200 aufe-

325 2230 407 2259 rens
419 2219 642 2256 tendentiam
651 2229 794 2255 omnem
813 2243 822 2257 ‚
837 2228 946 2264 atque
959 2217 1122 2254 ordinem
1135 2215 1178 2250 ad
1191 2215 1289 2251 aliud

324 2271 545 2318 completius
556 2270 691 2305 bonum
719 2279 729 2289 ·
761 2267 839 2303 Esse
861 2268 1017 2316 denique
1042 2267 1194 2310 bonum,
1220 2278 1292 2314 quo

323 2322 454 2367 adepto
465 2319 732 2366 cumulateffime
746 2318 833 2356 bene
845 2319 892 2368 est
902 2318 1049 2356 habenta·
1068 2345 1077 2353 .
1104 2321 1156 2354 Ex
1173 2329 1291 2364 oppo-

323 2374 388 2410 sna
411 2383 534 2408 antem
560 2371 700 2406 ratione
727 2370 825 2417 pofl'e
837 2372 1029 2416 concipere
1054 2380 1119 2405 nos
1132 2369 1290 2415 comple-

324 2433 398 2460 tam
411 2421 587 2459 miseriam
604 2420 671 2457 effe
685 2421 921 2465 indigentiam
933 2422 1078 2456 decreto
1090 2418 1222 2454 divinae
1236 2418 1270 2454 sa

326 2474 473 2522 pientiae
484 2473 575 2509 adeo
585 2471 696 2507 fixam
711 2495 725 2514 ‚
742 2482 783 2506 ut
807 2483 995 2517 nunquam
1010 2470 1184 2507 sarciatur
1201 2480 1290 2513 ,aut

325 2526 436 2562 ‘ullam
451 2524 579 2561 subeat
589 2523 870 2559 diminutionem
891 2522 1121 2559 :carentiam
1136 2532 1291 2567 quoque

324 2574 559 2623 perfeetionis
571 2573 730 2610 secundae
744 2600 757 2616 ‚
769 2574 801 2609 8<
818 2585 1028 2622 perpetuam
1040 2570 1288 2610 exclulionem

324 2627 422 2663 iuius
434 2651 447 2667 ,
459 2626 560 2673 quod
576 2636 726 2672 propter
743 2623 776 2660 se
785 2635 981 2666 amaretur,
997 2624 1018 2660 si
1037 2621 1287 2671 possideretur,

325 2688 368 2712 ac
381 2676 541 2721 denique
557 2688 618 2723 per
631 2675 726 2711 hanc
741 2674 921 2711 miseriam
945 2675 1173 2722 concipimus
1185 2672 1290 2709 mise-

327 2739 371 2764 ro
387 2726 566 2773 complete
579 2726 670 2761 male
686 2725 757 2765 effe
769 2750 779 2761 .

427 2775 611 2826 Qamvis
625 2786 742 2811 autem
761 2774 1184 2824 Sufficientiffiperfhfflio,
1199 2785 1286 2811 com.

319 2829 430 2879 pletio
444 2855 457 2871 ‚
477 2827 512 2862 8<
528 2828 666 2863 bonitas
683 2827 807 2872 posiint
821 2828 1003 2870 ⁴pet-tinere
1024 2827 1068 2862 ad
1093 2826 1284 2861 entitatem

324 2882 477 2928 primam
494 2879 551 2913 vel
565 2876 757 2914 secundam
776 2905 787 2921 ,
810 2877 1046 2914 nihilominus
1060 2905 1070 2920 ‚
1092 2877 1180 2923 quia
1210 2875 1286 2911 suf-

324 2933 452 2970 ficiens
468 2927 518 2966 est
534 2929 634 2964 alteri
649 2926 828 2965 sufficiens
842 2955 853 2970 ‚
878 2927 913 2963 id
929 2927 1282 2976 praesupponenscui

324 2983 473 3020 sufficiat
499 2993 512 3015 z
534 2978 713 3025 completio
727 2981 835 3014 etiam
851 2979 1010 3025 complet
1036 2978 1124 3015 illud
1139 3005 1150 3022 ,
1179 2979 1282 3023 quod

319 3034 391 3081 jam
405 3029 740 3080 praeceffit,quodve
752 3030 823 3066 {ine
838 3041 881 3064 eo
896 3028 1096 3075 foretquafi
1111 3041 1284 3072 vacuum,

321 3086 380 3122 seu
400 3095 470 3120 non
489 3083 650 3129 plenum.
666 3080 716 3115 lta
731 3092 882 3127 quoque
891 3079 1083 3126 perfhffum
1096 3080 1277 3117 defeetum

319 3133 479 3173 excludit
494 3160 503 3170 ,
532 3133 594 3179 qui
613 3130 775 3166 descetus
788 3131 944 3166 carenti-2·
959 3129 1040 3177 ejus
1071 3130 1120 3166 est
1136 3157 1147 3173 ‚
1176 3129 1281 3177 quod

317 3196 442 3223 natum
459 3184 508 3219 est
522 3181 627 3218 inesse
639 3207 648 3217 .
681 3181 775 3217 Bene
788 3181 855 3217 eise
868 3182 1002 3228 pariter
1014 3194 1084 3218 non
1107 3184 1278 3220 convenit

317 3237 455 3277 alicui,
478 3234 539 3270 nin
554 3231 626 3280 jam
645 3231 812 3268 existenti
837 3244 899 3278 per
911 3231 1048 3277 aliquid
1063 3258 1072 3273 ‚
1108 3232 1206 3278 quan
1223 3231 1280 3268 su-

315 3285 544 3335 peradditum
569 3309 579 3319 .
610 3285 698 3320 Haec
722 3283 839 3329 igitur
860 3281 981 3318 omnia
1018 3281 1278 3330 perfeStionem

317 3336 508 3376 secundam
526 3335 640 3380 magis
657 3342 882 3370 concernunt
901 3358 912 3374 ‚
936 3345 1047 3380 quam
1077 3332 1276 3379 primam.

315 3387 502 3439 Qoniam
519 3397 638 3421 autem
652 3383 869 3426 ultimate,&
886 3384 1063 3432 complete
1077 3395 1147 3418 non
1171 3384 1278 3431 perfi-

316 3443 413 3477 citur
427 3436 563 3484 aliquid
582 3435 669 3477 misi
683 3436 715 3470 in
733 3434 937 3471 extrinseco
954 3434 1276 3484 perfetflivO,quod

314 3501 439 3529 natum
457 3488 506 3524 est
520 3487 564 3523 fic
582 3484 706 3534 perfici
724 3486 832 3528 ,hinc
846 3486 906 3522 illa
920 3484 1278 3535 importantquizlem

313 3536 572 3590 perfeffionem
587 3535 777 3573 fecundam
794 3560 807 3580 ,
837 3535 894 3572 sed
909 3547 1092 3584 quatenus
1123 3533 1280 3582 conjun-

311 3601 402 3639 gunt
417 3602 498 3626 curn
512 3587 718 3625 extrinseco
730 3587 930 3635 perfec'iivo
944 3614 954 3622 .
978 3590 1060 3624 Nec
1075 3586 1278 3623 mirandum

313 3640 451 3688 aliquid
475 3638 601 3688 perfici
630 3638 666 3674 in
693 3637 895 3675 extrinseco
912 3652 923 3680 ;
940 3639 1026 3685 quia
1061 3637 1279 3682 attingendo

314 3692 555 3727 extrinlecum
571 3715 582 3732 ,
612 3689 646 3724 8<
663 3689 821 3725 maxime
837 3689 858 3725 st
873 3688 923 3725 est
936 3687 1131 3737 perfeelius
1145 3686 1177 3722 se
1198 3713 1208 3728 ,
1226 3691 1282 3724 ul.-

314 3742 483 3777 teriorem
499 3739 708 3787 adipiscitur
719 3739 990 3788 perfeetionem,
1002 3751 1111 3786 quam
1127 3737 1278 3785 posside-

314 3801 352 3825 re
365 3802 472 3835 queat
490 3793 524 3827 in
544 3791 597 3833 se,
626 3788 661 3824 8:
677 3791 718 3825 ad
734 3791 768 3826 se
793 3817 803 3826 .
835 3793 1076 3837 Quapropter
1092 3801 1140 3825 επ
1154 3785 1281 3824 fecim-

315 3839 367 3876 dae
382 3841 620 3890 perfec-tiones
634 3867 646 3884 ‚
672 3852 782 3889 prout
802 3840 1006 3890 ferfeffloti
1032 3839 1281 3891 impetfcaius

1369 237 1601 273 conjungunt
1617 253 1628 268 ,
1655 226 1735 264 sunt
1748 231 1870 275 primis
1886 230 2166 277 perit-&tionibus
2183 182 2324 282 ap3peti-

1372 279 1519 314 biliores
1543 300 1553 311 .
1578 276 1765 324 lpsaeenim
1779 278 2076 317 suntimmediate
2089 283 2133 317 ad
2151 285 2324 320 exn-inse,

1372 339 1455 364 cum
1469 326 1678 375 appetibile,
1689 328 1791 375 quod
1807 330 1919 377 magis
1931 333 2125 378 appetitur,
2140 345 2248 378 quam
2262 334 2325 380 effe

1372 379 1561 426 proprium
1578 377 1809 417 intrinsecum
1824 390 1959 416 naturae
1970 381 2203 420 desiderantis
2221 383 2325 426 illud,

1372 427 1483 474 idque
1499 426 1699 476 specialiter
1712 429 1762 466 est
1781 442 1905 466 verum
1917 430 1961 466 de
1975 433 2162 470 voluntate
2187 459 2196 469 .
2226 437 2326 470 Nam

1371 480 1584 526 quicunque
1599 479 1690 516 alius
1704 482 1887 529 appetitus
1903 480 2015 516 fertur
2033 483 2066 517 in
2081 483 2326 520 extrinsecum

1372 531 1565 577 appetibile
1582 555 1592 571 ,
1614 542 1762 579 propter
1778 542 1941 568 naturam
1957 557 1968 572 ,
1993 530 2100 576 cujus
2126 535 2174 570 est
2187 534 2326 581 appeti·

1370 590 1436 617 tus.
1449 606 1457 622 ‚
1480 591 1520 615 ac
1533 591 1726 629 propterea
1738 594 1810 618 non
1823 580 2016 628 conjungit
2029 583 2136 618 alicui
2157 584 2179 620 si
2189 585 2328 631 mplici-

1348 660 1351 663 .
1370 641 1425 666 ter
1440 631 1700 677 appedbiiiori,
1716 645 1827 680 quam
1842 635 1878 670 fit
1895 631 1960 680 effi
1972 643 2108 670 naturae
2121 661 2133 676 ,
2145 633 2251 679 cujus
2263 635 2327 670 est.

1370 681 1423 718 At
1449 682 1626 721 voluntas,
1642 695 1735 721 amat
1760 684 1897 732 aliquid
1916 683 2073 721 nobilius
2086 684 2118 720 se
2129 711 2141 728 ,
2168 685 2203 720 &
2228 684 2326 731 plus.

1369 743 1480 778 quam
1504 744 1668 773 naturam
1696 733 1805 781 cujus
1818 735 1867 773 est
1882 762 1894 777 ,
1920 735 2166 771 intelieffivus
2189 737 2327 782 appeti-

1368 793 1429 820 tus
1446 810 1457 827 ‚
1483 783 1618 822 &ideo
1630 785 1821 835 conjungit
1834 786 2077 835 appetibiliori
2091 813 2103 829 ‚
2119 787 2154 822 8<
2170 786 2206 823 in
2222 785 2271 829 se,
2288 787 2324 824 Sc

1371 833 1436 873 sibi
1450 862 1462 879 ,
1475 849 1585 884 quarn
1597 837 1638 873 fit
1651 849 1780 875 natura
1791 864 1804 881 ‚
1823 836 1932 884 cujus
1943 835 1992 873 est
2005 864 2015 874 .

1472 891 1525 926 Ex
1540 889 1674 934 regulis
1689 912 1703 931 ‚
1716 900 1808 935 quas
1822 887 2031 935 Philosophi
2045 887 2090 924 de
2105 887 2264 927 hominis
2275 890 2327 929 fe.

1368 938 1504 976 licitate
1514 941 1705 985 loquentes
1718 965 1731 981 ,
1761 952 1802 976 ut
1818 952 1921 977 notas
1932 940 2068 978 lumine
2080 943 2263 984 naturali,
2275 953 2328 978 at.

1366 1000 1441 1036 que
1454 990 1622 1029 indubias
1640 991 1890 1039 supponebant
1904 1019 1913 1032 ,
1942 989 2170 1027 manifestum
2186 992 2251 1034 est,
2264 995 2325 1031 ho.

1367 1042 1502 1078 minem
1518 1043 1664 1079 beatum
1675 1042 1743 1078 effe
1756 1055 1825 1079 non
1840 1041 1938 1091 poffe
1953 1069 1965 1085 ,
1989 1042 2051 1078 etii
2066 1043 2237 1079 omnibus
2264 1056 2327 1081 cu-

1367 1092 1527 1129 muletur
1540 1093 1748 1130 honoribus
1764 1122 1773 1135 ,
1789 1105 1884 1143 quos
1897 1094 2063 1128 homines
2078 1093 2136 1129 vel
2148 1095 2332 1131 excellen-

1366 1142 1495 1179 tisiima
1508 1145 1646 1180 virtute
1660 1145 1819 1192 praeditis
1836 1144 2032 1193 rependere
2046 1146 2166 1181 valent
2182 1172 2192 1186 ‚
2211 1158 2328 1192 neque

1365 1194 1405 1230 in
1419 1195 1490 1230 ulla
1505 1196 1561 1231 vel
1574 1195 1781 1243 ampliffima
1794 1195 1884 1231 fama
1901 1222 1911 1237 ‚
1926 1206 1987 1231 aut
2000 1196 2118 1240 gloria
2133 1223 2143 1238 ‚
2160 1208 2277 1241 neque
2290 1199 2328 1234 in

1365 1256 1496 1292 magna
1512 1246 1686 1294 p0testate
1704 1273 1715 1289 ,
1740 1258 1822 1293 quae
1837 1246 1880 1282 ad
1893 1247 2038 1294 imperia
2054 1259 2193 1283 terrena
2208 1246 2328 1294 sequi-

1365 1305 1428 1332 tur
1442 1320 1455 1338 ‚
1483 1310 1548 1334 nec
1559 1298 1762 1345 deniquein
1779 1298 1904 1344 aliquo
1916 1300 2077 1344 corporis
2102 1300 2201 1334 bono
2229 1325 2240 1336 .
2270 1300 2328 1336 Si·

1364 1347 1515 1394 quidem
1539 1351 1748 1396 cuicunque
1777 1349 1920 1392 exitis,
1946 1349 1981 1385 8<
1998 1350 2106 1385 etiam
2136 1351 2327 1390 colleStive

1365 1401 1524 1440 accentiS
1537 1412 1607 1436 non
1624 1410 1834 1445 congruunt
1851 1411 2064 1438 communes
2076 1402 2183 1436 animi
2197 1413 2327 1440 conce-

1365 1451 1510 1498 ptiones
1529 1478 1540 1493 ,
1571 1463 1665 1498 quas
1689 1450 1732 1486 de
1757 1452 1914 1487 humana
1940 1450 2110 1488 felicitate
2131 1451 2323 1491 habemus.

1365 1504 1464 1539 Nam
1483 1507 1547 1550 per'
1564 1516 1604 1540 ea
1619 1503 1742 1538 omnia
1772 1515 1844 1538 non
1861 1502 2074 1539 excluditur
2096 1503 2323 1551 indigentia„

1365 1554 1491 1589 animae
1507 1554 1713 1602 supremum
1728 1553 1923 1601 appetibile
1947 1552 2120 1601 possidere
2151 1556 2324 1592 anhelan-

1363 1605 1425 1640 tis.
1438 1604 1478 1642 Si
1491 1607 1586 1640 enim
1604 1607 1767 1641 omnium
1779 1616 1905 1641 eorum
1919 1616 1992 1639 una
2002 1604 2321 1651 potiretur,adhuc

1362 1655 1702 1700 longiffimeabeffet
1716 1658 1763 1691 ab
1778 1669 1818 1691 ea
1834 1654 2074 1703 perfeffiene,
2102 1667 2211 1701 quam
2237 1670 2321 1696 nata

1364 1705 1415 1741 est
1434 1705 1583 1749 adipisci
1596 1718 1659 1751 per
1671 1707 1841 1741 unionem
1860 1705 1903 1740 ad
1918 1704 2126 1750 supremum
2139 1709 2321 1754 appetibi-

1363 1756 1397 1792 le
1413 1783 1422 1798 ‚
1448 1756 1482 1790 in
1500 1767 1576 1801 quo
1593 1755 1826 1791 suntunitive
1839 1756 1961 1790 omnia
1974 1755 2021 1790 fic
2036 1782 2046 1797 ‚
2069 1767 2109 1792 ut
2122 1770 2168 1792 eo
2192 1759 2319 1796 habito

1363 1805 1607 1849 poffideanrur
1621 1808 1743 1840 omnia
1765 1831 1774 1840 .
1802 1806 1958 1842 Nullum
1972 1806 2080 1841 etiam
2095 1819 2220 1845 eorum
2234 1837 2246 1852 ‚
2271 1811 2316 1848 de

1362 1854 1497 1900 quibus
1510 1855 1689 1897 quaeritur
1703 1881 1712 1895 ‚
1738 1855 1784 1890 est
1800 1856 1935 1890 bonum
1959 1856 2163 1892 ultimarum
2188 1862 2317 1898 exclu-

1361 1905 1448 1941 dens
1459 1904 1625 1940 ordinem
1643 1903 1685 1940 ad
1704 1905 1801 1940 aitud
1815 1905 2028 1951 completius
2044 1907 2182 1943 bonum
2201 1937 2211 1950 ‚
2226 1912 2318 1948 adeo

1361 1966 1400 1992 nt
1413 1954 1602 2004 peripsum
1618 1955 1890 1993 cumul:ttiffime
1901 1956 1990 1991 bene
2002 1956 2040 1991 fit
2053 1956 2199 1996 habenti
2216 1975 2227 2002 3
2242 1964 2318 1998 imo

1359 2007 1525 2054 corporis
1553 2008 1644 2042 bona
1671 2008 1800 2042 cunt‘la
1826 2006 1869 2041 ad
1902 2008 2056 2041 animam
2088 2011 2316 2051 ordinamur,

1360 2057 1524 2095 Potestas
1535 2057 1620 2093 data
1633 2057 1861 2104 Principibus
1873 2058 1906 2091 in
1923 2059 2057 2092 bonum
2072 2058 2318 2108 subditorum,

1360 2111 1394 2146 8<
1416 2109 1639 2156 Reipublicae
1656 2108 1783 2144 cedere
1796 2108 1904 2144 debet
1917 2135 1930 2152 ‚
1958 2107 1977 2142 ii
1993 2109 2100 2145 alium
2127 2111 2234 2148 finem
2252 2116 2319 2152 fibi

1361 2160 1584 2206 praestituant
1599 2160 1719 2207 Reges
1734 2185 1744 2201 ‚
1758 2161 1790 2196 8<
1811 2159 2000 2195 mundanae
2018 2159 2231 2206 potestates,
2243 2178 2316 2202 tion

1357 2211 1492 2261 justam
1507 2210 1792 2246 dominationem
1811 2221 1978 2246 exercere
2002 2213 2203 2258 probantur
2219 2241 2229 2257 ‚
2259 2216 2318 2253 sed

1358 2263 1474 2308 magis
1486 2274 1548 2307 per
1561 2261 1788 2309 tyrannidem
1806 2261 1850 2298 de
1876 2263 2015 2297 baccari
2030 2263 2064 2298 in
2082 2263 2247 2302 subditos
2262 2269 2319 2303 di-

1358 2313 1463 2349 cendi
1479 2311 1560 2348 sunt
1586 2338 1596 2347 .
1627 2312 1687 2351 Ad
1706 2314 1853 2356 gloriam
1873 2340 1883 2354 ‚
1904 2314 1962 2348 vel
1978 2313 2106 2349 famam
2123 2317 2223 2361 quod
2236 2320 2318 2355 atti-

1359 2375 1421 2400 net
1439 2391 1449 2405 ‚
1479 2363 1654 2399 vaniffimi
1673 2363 1807 2398 censeri
1822 2363 1954 2399 debent
1970 2390 1980 2405 ‚
2007 2366 2070 2410 qui
2084 2366 2118 2401 in
2138 2367 2205 2402 hac
2219 2371 2319 2405 vani-

1357 2425 1430 2450 tate
1441 2414 1506 2450 fibi
1522 2415 1688 2450 ultimum
1707 2414 1935 2460 praestituunt
1951 2413 2059 2450 finem
2076 2442 2084 2451 .
2115 2420 2250 2456 Bonam
2267 2421 2319 2456 fa-

1356 2478 1449 2501 mam
1465 2491 1477 2507 ,
1507 2467 1674 2511 beneque
1690 2467 1782 2501 inter
1797 2464 1961 2501 homines
1973 2466 2096 2503 audire
2123 2469 2167 2504 ad
2193 2473 2313 2515 proxi-

1357 2527 1498 2552 morum
1511 2515 1786 2552 :edificationem
1802 2542 1812 2557 ,
1834 2515 1989 2562 quisque
2003 2520 2124 2563 magni
2147 2520 2317 2559 aestimare

1357 2566 1463 2602 debet
1477 2593 1488 2608 ‚
1502 2566 1728 2613 utjubemur
1743 2579 1809 2612 per
1821 2565 1936 2602 sacras
1954 2568 2091 2609 literas,
2108 2571 2239 2617 Eccles:
2251 2585 2315 2618 4¹·

1358 2617 1544 2655 Proverb.
1559 2629 1620 2654 22.
1637 2618 1671 2652 8<
1691 2618 1801 2658 alibi,
1825 2617 1881 2654 sed
1896 2617 2222 2667 quantumcunque
2247 2623 2314 2658 ho-

1356 2669 1478 2704 mines
1488 2670 1606 2715 magni
1620 2667 1750 2704 faciant
1762 2668 1850 2704 alios
1863 2696 1872 2711 ‚
1884 2670 2068 2705 celebrent
2080 2697 2092 2712 ‚
2108 2683 2218 2718 atque
2235 2675 2313 2709 lau·

1356 2719 1462 2755 dibus
1477 2721 1685 2766 ingentibus
1702 2719 1908 2762 extollant,
1941 2733 2012 2756 non
2026 2721 2106 2758 sunt
2120 2722 2195 2759 haec
2225 2725 2312 2760 ulti.

1356 2780 1436 2805 mus
1453 2769 1534 2806 finis
1547 2798 1558 2813 ,
1587 2771 1621 2806 in
1651 2781 1727 2816 quo
1737 2779 1877 2806 tantum
1909 2770 1977 2807 effe
2006 2771 2124 2810 felices
2152 2773 2309 2822 possunt,

1356 2819 1413 2856 sed
1429 2821 1633 2858 testimonia
1653 2832 1794 2857 tantum
1809 2824 1967 2869 probatae
1992 2823 2136 2859 virtutis
2154 2851 2161 2865 ‚
2187 2826 2220 2861 8<
2248 2837 2311 2865 ex.

1355 2873 1532 2910 cellentiae
1550 2884 1559 2907 τ
1578 2874 1734 2908 virtutes
1748 2883 1950 2908 autemnon
1966 2875 2117 2911 reddunt
2143 2874 2308 2912 homines

1353 2923 1397 2957 iis
1413 2925 1581 2971 praeditos
1600 2925 1725 2960 beatos
1738 2948 1747 2963 ,
1765 2924 1799 2959 8<
1818 2924 1938 2960 felices
1954 2953 1963 2967 ‚
1989 2926 2046 2961 scd
2070 2927 2308 2972 proemium,

1351 2974 1453 3020 quod
1467 2974 1516 3010 est
1533 2975 1600 3009 illis
1626 2973 1895 3022 rependendum
1910 2977 1959 3013 est
1981 2977 2169 3012 beatitudo
2194 3002 2203 3011 .

1353 3037 1460 3061 nores
1477 3025 1652 3071 denique,
1670 3026 1805 3070 quibus
1819 3026 1933 3071 aliqui
1963 3028 2061 3075 digni
2091 3026 2310 3064 aestimantur

1350 3088 1499 3124 propter
1516 3078 1760 3116 virtutes‚non
1776 3075 1854 3112 funt
1870 3079 1962 3114 bona
1978 3079 2117 3125 propria
2131 3089 2307 3122 eorum,

1350 3129 1414 3173 qui
1429 3128 1482 3164 eis
1492 3127 1688 3173 dignantur
1705 3153 1716 3168 ,
1730 3125 1785 3161 sed
1800 3126 1925 3164 suntin
1939 3129 2115 3176 potestate
2130 3128 2307 3164 honorem

1349 3177 1615 3215 deferentium:
1637 3178 1760 3223 nequit
1774 3190 1861 3224 ergo
1876 3179 2063 3215 beatitudo
2076 3179 2261 3216 consistere
2273 3181 2308 3214 in

1349 3229 1578 3269 honoribu83
1607 3227 1744 3275 quippe
1756 3228 1888 3273 quaesit
1916 3231 2100 3278 proprium
2122 3231 2308 3267 ultimum·

1350 3291 1422 3326 que
1446 3279 1604 3314 hominis
1630 3279 1765 3313 bonum
1788 3303 1797 3312 .
1827 3280 2023 3316 Fatendum
2045 3280 2094 3316 cst
2110 3307 2121 3322 ‚
2150 3280 2306 3316 honores

1348 3330 1417 3366 effe
1429 3327 1694 3376 computandos
1723 3328 1814 3364 inter
1828 3332 1943 3377 prima
1965 3330 2283 3379 concupiscibilia..
2296 3360 2308 3375 ‚

1351 3380 1407 3418 sed
1420 3381 1554 3422 delati,
1575 3391 1636 3416 aut
1658 3378 1783 3425 rejici,
1809 3391 1869 3415 aut
1887 3381 2062 3417 moderari
2089 3383 2219 3417 debent
2243 3394 2305 3430 per

1351 3431 1594 3468 humilitatem
1619 3457 1628 3466 .
1655 3429 1842 3475 Siquidem
1868 3430 2013 3467 humilis
2050 3431 2237 3478 dignifi'cat
2271 3432 2304 3470 se

1350 3484 1473 3529 parvis
1487 3482 1688 3518 honoribus
1701 3507 1711 3523 ‚
1734 3482 1818 3527 quia
1836 3492 1976 3528 reputat
1993 3481 2024 3517 sc
2042 3494 2168 3529 parum
2188 3483 2306 3521 valere

1351 3535 1384 3568 in
1399 3534 1517 3570 oculis
1532 3532 1600 3568 suis
1614 3558 1623 3567 .
1646 3533 1808 3569 Tantum
1822 3543 1908 3577 ergo
1925 3532 2021 3569 abest
2033 3559 2044 3575 ,
2069 3545 2104 3569 ut
2121 3533 2155 3568 in
2170 3531 2226 3568 his
2242 3533 2302 3571 sta.

1348 3584 1484 3621 tuenda
1508 3584 1548 3619 fit
1574 3583 1732 3618 humana
1761 3582 1940 3626 felicitas,
1966 3594 2005 3618 ut
2024 3585 2139 3626 magis
2164 3584 2305 3620 homini

1350 3636 1551 3671 virtutibus
1576 3633 1727 3681 praedito
1749 3645 1841 3681 opus
1869 3633 1908 3668 iit
1949 3633 2150 3670 honoribus
2176 3634 2305 3670 delatis

1349 3687 1533 3722 moderate
1547 3686 1600 3720 uti
1613 3684 1773 3731 praesidio
1787 3686 1962 3719 virtutum
1980 3711 1989 3725 ‚
2015 3685 2149 3720 nedum
2168 3685 2209 3719 ad
2224 3685 2305 3720 fcli-

1348 3737 1495 3773 citatem
1515 3734 1806 3781 consequendam
1832 3734 1944 3770 inhiat
1969 3737 2129 3771 externis
2155 3735 2304 3770 honori-

1348 3789 1439 3834 bus,
1456 3786 1628 3826 excidens
1640 3786 2003 3836 virtutibus‘repente
2016 3785 2076 3822 fiat
2096 3786 2143 3821 mi
2158 3783 2225 3819 ier.

2107 3883 2254 3922 ARTi-

2626 757 2643 811 J

2358 865 2469 897 Solutio
2498 866 2596 905 quasit-
2625 803 2645 907 i}

2360 915 2456 936 torum
2465 915 2596 946 quatuor·
2626 911 2640 974 ἑ

2627 1046 2653 1115 ³⁴.

2626 1119 2628 1126 i

2627 1137 2630 1152 Ι
2641 1151 2643 1154 .

2229 2979 2309 3012 Ηο-
2345 2997 2352 3006 =

2347 3320 2585 3366 3.<i.34.§.‹t'l.‘
2627 3311 2653 3359 i<

2348 3367 2435 3388 terius·
2471 3363 2508 3389 ati
2532 3362 2581 3392 vi·
2619 3367 2622 3377 '

2345 3398 2486 3430 dendum.
