2617 3991
5 508 54 539 [Ex
73 508 136 539 data
156 509 211 539 do·

11 549 99 577 &rina
115 548 212 577 subicit

4 586 124 616 ἸΒοξὲοι·
136 597 213 626 quae-

3 624 75 653 <dam
88 626 214 655 Corola-

2 665 52 692 ,ria
62 664 88 692 in
99 673 177 693 textu

11 702 132 731 videnda
145 711 161 731 a
182 712 214 733 n.

15 750 62 773 ¹7·

12 779 155 808 videndus

12 816 115 846 Aleuas
138 828 167 846 a.
183 826 215 856 p.

12 862 88 895 9096.
98 863 197 893 uem-3
205 874 216 887 ο

12 902 70 926 075·
80 902 109 932 3·

717 63 878 108 Tomzts
896 58 983 109 ΙΙΙ.
996 60 1126 107 Part.
1143 60 1181 108 Ι.
1198 58 1392 129 Qaestio
1408 63 1515 110 XX.
1542 65 1647 112 Art.¹
1664 66 1711 112 V
1707 73 1722 116 ζ

345 133 404 171 Ad
418 133 563 168 tertium
580 129 830 170 dic0,Averfi0
842 142 859 163 a
873 126 941 164 fine
955 128 1104 174 intelligi
1120 142 1186 177 po-

241 183 308 219 test
321 178 735 225 afflualismolitioipiius
750 177 834 213 finis
846 204 853 212 .
871 180 962 225 Quo
985 180 1093 213 modo
1115 190 1187 216 non

239 234 394 280 quilibet
408 242 561 282 peccans
573 229 750 264 avertitur
764 241 781 262 a
800 228 897 264 fine:
915 239 996 263 nam
1021 227 1188 276 frequen-

240 296 295 319 ter
306 285 428 323 evenit
442 293 480 318 ut
492 290 643 329 peccans
656 290 726 314 non
744 279 921 325 recogitet
933 277 1017 314 aftu
1028 278 1072 314 de
1102 278 1188 322 fine,

241 336 278 372 8(
297 331 666 373 ίῑὶΙΙυωοοῃίῑάετεῑ,
687 341 760 366 non
772 341 854 367 eum
875 341 999 366 tamen
1021 329 1057 365 in
1084 328 1118 366 se
1142 343 1190 368 ex

243 388 379 423 malitia
392 381 533 430 respicit
547 407 557 417 .

342 432 510 472 Secundo
526 431 676 477 inteuigi
688 431 807 480 potest
815 431 956 468 aven-fio
966 441 1040 468 non
1055 429 1192 466 forma·

243 486 286 522 lis
304 512 314 528 ,
335 484 394 521 sed
410 482 509 530 quasi
540 483 704 519 virtualis
719 510 730 526 ,
755 494 838 519 cum
865 494 994 529 nempe
1020 481 1190 518 voluntas

244 537 322 572 vult
334 533 470 582 aliquid
487 533 770 579 incomposlibile
782 534 951 570 volitioni
969 532 1090 569 saltem
1116 532 1191 567 effi-

245 587 318 622 caci
335 584 416 620 finis
431 611 442 626 ‚
465 583 812 632 velconsequutioni
829 585 912 622 finis
937 609 946 620 .
968 583 1094 630 Atque
1121 582 1190 617 hoc

246 647 373 682 genere
399 635 598 671 aversionis
623 634 756 672 recedit
781 649 798 670 a
822 636 918 679 fine,
943 634 1088 683 quoties
1111 634 1190 669 vult

245 685 378 733 aliquid
392 696 514 721 contra
531 697 749 735 praeceptum
764 687 957 730 divinum3
982 686 1016 722 8(
1032 685 1191 721 ficaver-

244 738 271 772 ti
286 735 335 771 est
350 737 481 784 pariter
498 737 607 774 solius
621 738 822 775 voluntatis
840 762 849 772 .

343 788 595 825 Tertiomodo
611 789 719 826 latius
736 786 1031 838 appellaripotest
1059 783 1193 822 averfio

245 848 476 886 quaecunque
498 841 633 876 malitia
665 840 830 890 separans
855 850 874 873 a
901 837 971 874 fine
1005 837 1196 874 efficaciter

245 888 404 925 volendo
422 916 431 932 ,
456 890 511 926 vel
529 891 810 939 consequendot
827 889 955 926 &talis
969 889 1104 926 malitia
1127 887 1197 924 effe

243 939 362 987 potest
380 941 414 975 in
433 940 514 976 aetu
532 944 709 990 imperato
723 939 923 980 voluntatis
943 954 954 982 ;
980 950 1020 975 ut
1034 951 1117 976 cum
1131 940 1198 977 im·

243 1001 344 1038 perat
358 990 475 1026 aetum
494 991 834 1031 fornicandicontra
859 990 1023 1029 divinum
1051 991 1198 1027 manda·

246 1051 325 1076 tum
345 1067 355 1076 .
372 1043 694 1091 Qmadmodum
711 1045 824 1092 igitur
833 1041 1087 1078 ordinabilitas
1101 1042 1144 1078 ad
1157 1041 1200 1079 fi·

245 1104 327 1128 nem
345 1091 415 1128 diei
430 1093 546 1141 potest
559 1094 745 1132 conversio
760 1122 770 1137 ‚
795 1096 844 1132 ita
862 1093 895 1130 St
912 1093 1201 1129 inordinabilitas

245 1142 384 1179 aversio
398 1171 405 1178 .
421 1145 518 1181 Cum
536 1158 623 1192 ergo
638 1146 815 1193 accipitur
832 1159 842 1186 3
859 1147 946 1181 Non
961 1143 1011 1180 est
1041 1143 1104 1181 nist
1129 1157 1202 1181 una

245 1193 384 1229 avarfio
396 1194 433 1230 in
446 1195 528 1231 astu
544 1195 688 1233 interno
702 1197 736 1233 8(
752 1205 906 1232 externo
922 1221 934 1238 ,
959 1205 1050 1241 ergo
1072 1196 1106 1232 8(
1130 1206 1204 1232 una

247 1245 407 1281 malitia.
423 1244 623 1291 Responsio
639 1276 648 1284 .
668 1247 802 1283 Verum
818 1246 867 1282 est
883 1272 895 1289 ,
922 1258 1004 1282 cum
1020 1247 1199 1296 accipitur

248 1294 388 1331 aversio
402 1295 546 1332 duobus
561 1299 746 1345 prioribus
760 1298 876 1333 modis
892 1309 903 1337 ;
929 1297 1002 1333 imo
1017 1308 1089 1334 non
1102 1309 1202 1345 repe-

249 1348 341 1381 ritur
357 1345 536 1391 ejusmodi
551 1349 689 1385 aversio
702 1348 763 1385 nifi
780 1349 813 1383 in
827 1347 908 1383 aStu
923 1348 1084 1384 interiori
1115 1350 1148 1385 8(
1176 1346 1201 1385 fi

251 1396 297 1433 fic
309 1397 557 1443 intelligatur,
585 1399 684 1448 quod
700 1399 837 1436 aversio
861 1399 900 1434 stt
923 1398 1084 1434 formalis
1111 1400 1203 1436 ratio

253 1448 289 1483 in
316 1458 493 1494 peccato,
518 1452 722 1496 negandum
747 1449 825 1487 est:
847 1451 922 1486 imo
953 1447 1082 1485 sufficit
1109 1452 1206 1493 illa,

253 1498 545 1534 inordinabilitas
563 1500 664 1535 aetus
681 1500 874 1547 imperati,
894 1511 976 1546 quae
991 1499 1063 1537 dici
1088 1502 1205 1550 potest

256 1547 396 1583 averfio
410 1573 419 1587 ,
442 1546 549 1593 juxta
563 1551 707 1583 tertiam
722 1550 973 1594 acceptionem
1003 1574 1014 1583 .

361 1597 474 1641 Quod
493 1597 599 1632 etiam
620 1598 764 1633 additur
791 1597 834 1631 de
858 1596 1033 1640 libidine,
1055 1597 1078 1633 fi
1103 1601 1220 1638 libIdo

240 1646 487 1691 >intelligatur
502 1648 666 1693 improba
685 1648 854 1683 voluntas
876 1673 887 1688 ‚
913 1647 1044 1683 hocest
1062 1671 1076 1691 ‚
1092 1649 1219 1688 immo-

260 1697 428 1733 deratum
441 1695 549 1737 velle,
564 1697 676 1731 libido
694 1708 765 1730 non
778 1695 826 1730 est
846 1697 1050 1741 formaliter
1065 1699 1099 1734 in
1116 1703 1222 1740 omni

259 1757 409 1796 peccato
423 1769 436 1787 ‚
456 1746 513 1781 sed
526 1747 585 1780 vel
602 1745 800 1781 formaliter
811 1769 822 1786 ‚
852 1745 911 1780 vel
926 1745 1119 1783 causaliter
1133 1764 1224 1786 con-

261 1797 375 1833 currit
386 1796 428 1831 ad
442 1807 630 1844 peccatum
646 1821 654 1830 .
673 1796 701 1830 lt
715 1807 810 1842 aque
823 1806 899 1841 quo
915 1794 1028 1831 libido
1040 1819 1053 1836 ,
1074 1798 1129 1832 vel
1155 1808 1219 1832 cu·

259 1846 397 1896 piditas
413 1846 554 1883 dicatur
565 1846 611 1884 ad
623 1848 913 1882 convertentiam
937 1856 1022 1881 cum
1050 1856 1218 1891 peccato,

261 1908 410 1944 oportet
423 1898 617 1934 extendere
631 1896 695 1932 ista
709 1908 780 1932 non
797 1907 936 1932 tanturn
953 1894 995 1930 ad
1020 1896 1140 1934 aetum
1168 1899 1224 1935 in-

262 1947 435 1986 teriorem
460 1948 662 1984 voluntatis
684 1947 992 1989 immoderatum,
1024 1944 1079 1985 sed
1115 1951 1224 1987 etiam

264 1998 311 2035 ad
324 1998 442 2035 aetum
456 2001 670 2047 imperatum
687 2025 697 2040 ,
725 2010 809 2035 cum
826 1999 934 2037 ambo
961 1996 1029 2035 sub
1053 1998 1225 2040 distinaa

263 2061 443 2101 praecepta
454 2050 625 2097 negativa
639 2049 769 2087 cadant
781 2075 794 2086 .

430 2148 945 2192 ART1CULUS
1009 2152 1060 2190 V.

268 2253 406 2293 Utrum
419 2263 572 2290 eventus
591 2253 741 2300 sequens
757 2251 896 2300 aliquid
913 2250 1021 2290 addat
1046 2252 1091 2290 de
1116 2252 1231 2292 boni-

343 2315 418 2344 tate
449 2305 507 2341 vel
533 2306 670 2345 malitia
683 2306 727 2342 ad
750 2305 974 2342 exteriorem
1006 2304 1127 2342 aetum
1143 2330 1155 2344 .

368 2407 429 2446 Ex
437 2417 510 2443 art.
527 2417 561 2442 2.
575 2408 701 2456 qua-H.
719 2421 732 2446 ι
742 2407 774 2446 8.
792 2403 928 2457 Qodl.
943 2404 1104 2446 Dofforis
1119 2430 1130 2443 .

471 2461 511 2497 8.
532 2460 655 2498 Thom.
671 2472 703 2498 1.
720 2471 752 2497 2.
768 2472 806 2510 q.
821 2470 882 2496 zo.
897 2467 971 2495 art.
990 2466 1027 2504 5.

275 2560 568 2651 REspondeo
585 2590 594 2602 ‚
615 2564 804 2610 Qniam
817 2562 966 2598 bonitas
997 2557 1033 2595 8e
1062 2557 1232 2595 malitia..

400 2614 542 2649 moralis
553 2612 655 2648 aetus
671 2614 818 2649 humani
832 2612 963 2658 pendet
979 2620 1025 2647 ex
1051 2606 1235 2645 concursu

273 2662 626 2700 circumstantiarum
640 2665 721 2706 ‚vel
734 2662 878 2700 defefitu
894 2671 1018 2697 earum
1036 2656 1233 2695 secundum

273 2714 375 2760 quod
387 2725 524 2751 rectum
541 2714 689 2750 rationis
703 2712 883 2752 dictamen
899 2708 1054 2748 ostendit
1071 2735 1082 2752 ‚
1109 2711 1234 2758 proin·

274 2763 322 2800 de
335 2767 422 2802 nihil
439 2764 508 2803 esse
518 2763 631 2814 potest
647 2764 692 2800 ad
705 2765 892 2812 praemium
925 2764 982 2798 vel
1016 2758 1062 2795 ad
1094 2771 1235 2808 poenam

275 2813 487 2868 imputabile
501 2822 623 2868 agenti
637 2840 652 2861 ,
674 2816 736 2852 nili
748 2814 848 2865 quod
861 2825 880 2850 a
898 2814 1012 2851 libera
1031 2811 1236 2849 voluntatis

2070 85 2089 118 1
2104 89 2129 119 2

1260 128 1433 177 potestate
1449 130 1558 178 ipfius
1571 134 1720 179 pendet,
1749 133 1874 176 previo
1887 133 2078 173 dictamine
2107 89 2206 176 rezto

1259 180 1482 217 intellectus.
1496 181 1549 216 Ut
1565 194 1653 227 ergo
1668 193 1822 218 eventus
1840 181 1988 229 sequens
2005 198 2123 223 actum
2139 202 2206 224 vo-

1260 230 1411 267 luntatis
1425 233 1610 277 operantis
1624 233 1658 269 8<
1675 231 1836 278 jubentis
1855 258 1865 273 ‚
1897 239 2092 280 potentiam
2107 238 2206 273 hunc

1260 292 1324 317 aut
1340 280 1442 316 illum
1456 291 1578 316 actum
1593 294 1791 326 exercere,
1819 283 1859 318 lit
1889 286 1950 332 lpsl
1980 288 2205 335 imputabilis

1260 332 1306 368 ad
1320 330 1487 374 laudem,
1509 333 1800 382 velvituperium
1817 359 1827 376 ‚
1854 346 1898 370 ex
1913 348 1956 371 eo
1982 340 2082 385 quod
2105 341 2210 376 boni-

1261 393 1318 418 tas
1329 406 1343 424 ,
1371 382 1428 418 vel
1440 382 1573 418 malitia
1587 397 1649 431 per
1665 385 1771 420 talem
1785 397 1955 421 eventum
1979 388 2207 435 importetur,

1260 442 1406 480 oportet
1418 432 1569 472 omnino
1583 436 1690 470 talem
1707 446 1879 471 eventum
1897 435 1996 472 fuisse
2012 439 2131 484 aliqua
2154 453 2208 474 ra·

1260 485 1360 519 tione
1373 486 1636 529 praecognitum
1649 486 1696 521 fic
1712 512 1723 528 ‚
1745 497 1784 522 ut
1803 487 1983 522 voluntati
2007 488 2209 524 ostendere-

1262 545 1323 570 tur
1351 531 1429 570 fore
1458 535 1582 572 saltem
1611 548 1651 572 ut
1679 540 1716 571 in
1745 537 1938 584 pluribus,
1964 548 2006 572 ut
2032 537 2211 584 ejusmodi

1262 594 1415 621 eventus
1427 585 1469 621 de
1481 586 1561 627 talis
1576 598 1678 623 actus
1692 587 1919 624 exhibitione
1930 585 2212 633 sequatur.Nam

1263 635 1376 672 sthaec
1398 637 1561 672 conditio
1587 637 1700 680 abiit,
1723 638 1819 674 nulla
1849 638 1985 674 ratione
2013 637 2062 676 est
2090 639 2212 683 agenti

1262 696 1414 723 eventus
1436 686 1611 724 fortuitus
1637 687 1859 736 imputabilis
1886 715 1898 731 ,
1931 700 1996 724 nec
2039 688 2215 727 subinde,

1264 736 1485 774 sentiendum
1501 762 1514 782 ‚
1541 751 1587 775 ex
1600 751 1645 776 eo
1656 740 1792 788 aliquid
1807 740 1972 776 additum
1987 738 2088 776 fuisse
2113 738 2216 788 supet

1266 789 1434 824 malitiam
1454 789 1488 824 8(
1517 790 1714 826 bonitatem
1733 816 1741 830 ,
1769 801 1882 839 quam
1907 789 1995 827 alias
2020 788 2220 839 praesefere.

1269 841 1329 876 bat
1341 867 1349 876 .
1366 840 1515 876 Summa
1527 839 1601 876 haec
1613 840 1662 876 est
1681 841 1919 879 :Sieventus
1933 837 2000 877 fuit
2015 843 2221 888 praecogni-

1268 901 1329 927 tus
1345 917 1355 932 ‚
1382 901 1444 927 aut
1459 890 1581 928 saltem
1596 892 1840 939 praecognosci
1869 891 2020 934 debuit,
2043 891 2144 928 addit
2175 891 2221 927 ad

1266 942 1439 979 malitiam
1454 943 1510 978 vel
1527 943 1724 978 bonitatem
1753 954 1881 987 actus,
1907 940 1957 979 fin
1983 942 2085 980 nullo
2112 942 2223 979 modo

1269 993 1321 1032 est
1333 994 1454 1040 agenti
1471 993 1698 1041 imputabilis
1711 1021 1721 1032 .

1423 1089 1947 1134 ARTlCULUS
2001 1094 2073 1132 vl.

1276 1195 1416 1232 Utrum
1433 1195 1526 1233 idem
1539 1193 1640 1232 astus
1655 1195 1802 1281 interlior
1825 1194 1930 1244 poffit
1946 1193 2016 1234 effe
2041 1195 2161 1235 bonus
2191 1193 2229 1232 ἃ

1684 1257 1740 1282 ma
1760 1259 1802 1283 DS
1819 1272 1829 1284 ο

1325 1345 1460 1384 Βοὲἶον
1478 1345 1614 1399 le.
1633 1358 1666 1395 q.
1688 1346 1786 1392 184.
1804 1350 1859 1385 De
1870 1349 1981 1385 tet-tio
1997 1347 2190 1396 principali

1382 1400 1437 1437 V·
1456 1401 1550 1435 lllud
1566 1399 1806 1435 autemn.16‚
1824 1401 1871 1435 S.
1888 1399 2038 1437 Thomas
2058 1408 2088 1435 ἰ.
2103 1409 2140 1437 2·

1635 1461 1669 1497 q.
1686 1459 1743 1486 20.
1758 1458 1833 1486 art.
1849 1450 1884 1488 6.

1291 1552 1378 1643 R
1393 1550 1605 1597 ¹:spondem
1636 1548 1713 1586 fieri
1729 1563 1802 1587 non
1828 1550 1926 1600 posse
1948 1562 1993 1588 ⁴ut
2021 1550 2115 1587 idem
2136 1548 2240 1587 astus

1407 1602 1556 1636 interior
1570 1601 1609 1636 fit
1626 1603 1745 1638 bonus
1772 1603 1806 1637 8(
1839 1605 1955 1638 malua
1971 1629 1983 1644 ,
2003 1602 2243 1649 quemadmoe

1295 1661 1382 1690 dum
1401 1661 1523 1687 metus
1540 1661 1691 1685 movens
1705 1650 1799 1686 idem
1815 1663 1970 1688 numero
1991 1653 2025 1688 8<
2049 1651 2165 1701 specie
2177 1664 2244 1700 pro

1298 1706 1416 1753 prima
1436 1700 1489 1737 sui
1503 1711 1600 1747 parte
1619 1700 1686 1736 effe
1701 1699 1815 1747 potest
1842 1704 1976 1747 velox,
2002 1709 2068 1751 pro
2089 1700 2246 1740 secund&

1297 1767 1386 1790 vero
1398 1751 1521 1787 tardus
1535 1773 1544 1782 -
1573 1752 1661 1787 Non
1677 1775 1688 1790 ‚
1711 1751 1860 1795 inquam
1873 1779 1886 1795 ,
1906 1754 1955 1789 ita
1966 1754 2114 1790 evenire
2126 1751 2245 1801 potest

1297 1802 1397 1834 circa
1428 1799 1583 1831 eundem
1611 1798 1734 1832 aetum
1761 1801 1984 1839 voluntatis:
2012 1807 2108 1842 Nam
2122 1804 2244 1841 dum..

1298 1850 1376 1885 haec
1403 1847 1499 1882 elicit
1523 1847 1647 1883 aetum
1673 1856 1835 1891 rectum,
1861 1863 1990 1898 nempe
2016 1855 2149 1900 regulae
2175 1853 2246 1890 sue

1298 1898 1520 1938 conformem
1537 1924 1547 1940 ‚
1571 1896 1736 1943 quandiu
1749 1911 1867 1937 manet
1884 1928 1895 1944 ,
1919 1902 1985 1939 stat
2011 1913 2095 1940 cum
2122 1914 2166 1940 eo
2186 1901 2248 1940 sua

1304 1951 1415 2000 ipfius
1428 1947 1612 1985 reftitudo
1626 1974 1637 1990 ,
1670 1951 1727 1985 vel
1744 1954 1982 1991 conformitas
1998 1954 2042 1991 ad
2071 1953 2250 1990 dietamen

1301 2002 1443 2039 reGium
1461 2024 1472 2035 .
1500 2000 1640 2047 Nequit
1658 2012 1744 2047 ergo
1759 2000 1838 2039 fieri
1852 2031 1862 2046 ‚
1883 2006 1940 2043 vel
1955 2005 2109 2050 intelligi
2137 2007 2252 2043 maius

1302 2052 1367 2090 nifi
1403 2060 1586 2099 quatenus
1613 2051 1703 2087 foret
1732 2051 1803 2089 suae
1830 2058 1961 2101 regulae
1993 2054 2253 2095 diffentaneus.

1304 2107 1395 2144 Non
1410 2101 1589 2139 discordat
1601 2114 1723 2139 autem
1738 2116 1758 2138 a
1776 2104 1836 2141 lua
1854 2109 1976 2153 regula
1988 2109 2160 2145 voluntas
2173 2136 2184 2152 ,
2201 2111 2256 2144 ni-

1302 2156 1327 2193 fi
1345 2165 1409 2203 per
1427 2154 1534 2189 alium
1548 2153 1669 2190 abiam
1686 2154 1737 2189 illi
1751 2154 1950 2194 difformem
1971 2171 1984 2201 ς
2010 2170 2081 2195 non
2099 2160 2149 2196 est
2166 2171 2257 2207 ergo

1304 2206 1409 2244 actus
1424 2228 1438 2249 ,
1459 2203 1526 2252 qui
1544 2205 1609 2241 fuit
1637 2203 1759 2242 reatus
1777 2230 1787 2246 ‚
1814 2208 1970 2246 efficiens
1993 2212 2257 2249 voluntatem..

1305 2257 1437 2294 malam
1463 2281 1476 2297 ,
1511 2252 1568 2292 sed
1595 2256 1712 2297 alius,
1736 2260 1800 2302 qui
1827 2260 1936 2305 priori
1959 2261 2059 2298 reflo
2083 2260 2257 2300 successit.

1306 2306 1553 2354 Exemplum:
1579 2308 1689 2344 Ratio
1706 2305 1800 2345 reeta
1811 2310 1921 2347 dietat
1938 2338 1953 2358 ,
1967 2310 2258 2351 sublevandam..

1307 2357 1378 2395 effe
1394 2355 1576 2394 miseriam
1589 2358 1757 2406 pauperis
1770 2363 1816 2398 ab
1831 2375 1875 2399 eo
1890 2389 1901 2405 ,
1927 2364 1991 2411 qui
2009 2363 2045 2399 id
2071 2365 2259 2410 praestandi

1306 2409 1419 2447 habet
1437 2407 1672 2446 facultatem:
1694 2411 1856 2455 quandiu
1870 2417 2042 2451 volunt-ts
2053 2415 2178 2451 divitis
2193 2417 2260 2452 ha-

1305 2461 1365 2498 bet
1384 2459 1481 2494 hunc
1513 2459 1631 2496 aftum
1658 2458 1897 2500 subveniendi
1927 2467 2149 2514 pauperibus
2172 2491 2182 2506 ‚
2208 2466 2260 2505 est

1304 2513 1336 2549 is
1353 2510 1454 2546 aetus
1472 2508 1542 2545 suar
1561 2511 1692 2558 regula:
1705 2513 1926 2560 conformis,
1954 2516 1989 2552 8(
2019 2517 2171 2563 proinde
2201 2530 2256 2554 re.

1307 2561 1388 2599 ἕως
1407 2587 1418 2597 .
1444 2561 1557 2608 Quod
1575 2561 1599 2598 fi
1614 2561 1670 2597 ille
1685 2560 1778 2601 idem
1794 2592 1805 2608 ,
1825 2566 1890 2612 qui
1920 2566 2081 2604 abundat
2102 2567 2258 2616 divitiis,

1307 2615 1398 2650 nolit
1423 2609 1685 2661 eleemosynam
1715 2615 1858 2664 elargiri
1883 2619 2132 2666 pauperibus,
2157 2629 2259 2661 non„

1309 2662 1446 2702 transiit
1465 2662 1677 2709 prioraaus
1707 2675 1725 2697 a
1750 2667 1967 2705 reEiitudine
1993 2670 2028 2703 in
2056 2668 2262 2715 obliquita-

1309 2727 1380 2753 tem
1395 2735 1409 2756 ⁵
1439 2711 1496 2748 sed
1509 2713 1680 2749 desinenti
1694 2714 1745 2751 illi
1759 2716 1917 2755 successit
1935 2719 2026 2757 alius
2038 2718 2140 2757 aetus
2154 2725 2260 2763 refiae

1307 2765 1456 2805 rationis
1468 2762 1656 2801 dietamini
1672 2762 1850 2806 difformis
1864 2792 1876 2805 .

2074 3824 2221 3879 ομ-

2276 1863 2404 1897 videnda
2412 1861 2485 1903 glos.

2279 1906 2306 1937 sa
2327 1913 2399 1944 mag·
2422 1903 2481 1940 Ly·

2282 1944 2356 1976 theti
2366 1959 2378 1973 ο
