2628 4011
38 3698 67 3725 4.
80 3688 139 3718 dist.
157 3695 202 3723 ¹⁴·

40 3736 64 3764 q.
82 3736 108 3755 t.
130 3733 187 3756 are.
213 3733 243 3755 ι.

580 128 743 179 somus
769 125 865 193 μη.
900 129 1026 174 Part.
1067 122 1129 171 η.
1163 123 1332 196 Qaest.
1363 125 1624 177 Lxxxrx.
1657 128 1761 173 Are.
1792 128 1829 175 1.

2057 137 2158 190 '323

324 241 1410 400 QUAESTIO
1531 244 2175 367 LXXXIX*

526 428 639 483 DE
677 424 1039 483 PECCATO
1075 423 1398 480 VENIALI
1430 424 1859 483 SECUNDUM
1894 427 1975 483 SE

628 560 714 603 ΙΝ
766 559 914 600 SEX
968 557 1476 598 Aarlcuzos
1531 553 1864 597 DIVISA.

669 676 824 715 Deinde
838 674 1124 722 considerandum
1133 675 1191 711 eft
1207 672 1251 710 de
1260 681 1404 722 peccato
1425 672 1564 717 veniali
1572 672 1765 719 secundum
1775 673 1818 722 fi·
1829 700 1840 711 .

517 792 614 833 ET
665 789 931 833 ClRCA.
985 790 1147 833 HOC
1197 789 1761 839 QUAERUNTUR
1812 790 1979 829 SEX.

571 909 606 946 1.
707 909 845 944 Utrum
861 918 1049 954 peccatum
1067 905 1204 942 veniale
1219 904 1342 943 causet
1354 906 1530 942 maculam
1546 905 1581 939 in
1598 906 1714 941 anima
1727 930 1738 942 .

577 959 626 996 ΙΙ.

572 1058 645 1096 tn.

706 957 762 995 De
776 956 1005 995 distinetione
1019 957 1158 1003 peccati
1169 957 1343 998 venialis,
1369 966 1477 1002 prout
1494 954 1674 1000 figuratur
1687 968 1748 1004 per
1771 955 1907 1002 lignum
1923 985 1935 1001 ,
1948 958 2081 995 foenum
2094 984 2107 1001 ,
2124 959 2158 995 8(
2174 958 2235 995 stin.

819 1008 938 1056 pulam
952 1034 962 1042 .
986 1018 1015 1042 t.
1034 1004 1205 1044 Corinth.
1223 1016 1257 1052 3.

711 1060 847 1095 Utrum
865 1057 973 1093 homo
986 1059 1021 1093 in
1038 1056 1130 1094 statu
1142 1056 1358 1093 innocentiae
1371 1056 1530 1103 potuerit
1545 1064 1691 1101 peccare
1706 1056 1897 1094 venialiter
1909 1084 1919 1095 .

564 1108 638 1147 lv.
702 1109 840 1146 Utrum
856 1107 1020 1153 Angelus
1035 1109 1153 1144 bonus
1169 1134 1180 1147 ‚
1208 1107 1267 1142 vel
1281 1106 1393 1142 malus
1407 1105 1510 1154 poffit
1523 1116 1670 1153 peccare
1682 1106 1868 1144 venialiter
1884 1131 1894 1143 .

576 1160 634 1196 V.

571 1207 643 1246 Vl.

451 1350 961 1395 ARTICVLVS
1015 1354 1046 1392 1.

326 1453 464 1493 Vtrum
475 1467 664 1507 peccatum
682 1456 825 1514 veniale
852 1453 974 1491 causet
995 1455 1172 1493 maculam

644 1519 680 1544 ΙΠ
708 1517 825 1543 anlma
841 1532 852 1543 ο

352 1601 487 1649 „0on
502 1617 540 1649 4.
558 1607 644 1645 diff.
661 1621 714 1645 21.
727 1620 749 1655 q
769 1621 798 1645 t.
816 1616 888 1644 art.
905 1620 938 1645 2.
955 1604 1147 1656 utriusque

459 1651 598 1709 fin‘pta'
610 1660 651 1700 S.
675 1658 796 1696 Thom.
817 1670 847 1693 1.
862 1667 896 1694 2.
914 1672 949 1708 q.
967 1661 1027 1708 89.

690 1719 761 1746 arr.
781 1721 810 1744 r.

368 1806 424 2033 ι
554 1959 627 2011 ipse
638 1961 703 2008 fibi
715 1959 911 2008 G'lort'ofiim
928 1961 959 1998 E
962 1959 1111 2005 'cleliam
1126 1970 1226 1997 non...

551 2010 735 2048 habentem
752 2010 926 2048 macula-m
942 2037 951 2053 ‚
981 2021 1043 2047 cat
1074 2020 1224 2057 rugamt

270 2059 365 2102 dIcit
381 2060 510 2098 Gloffa
526 2085 537 2102 ‚
558 2061 644 2099 idest
663 2062 812 2111 aliquod
831 2073 1018 2108 pctcatum
1038 2059 1222 2097 criminale

271 2123 361 2158 ergo
377 2113 561 2159 proprium
580 2116 717 2160 peccati
736 2113 894 2152 mortalis
907 2110 974 2151 effe
990 2112 1134 2149 videtur
1148 2121 1222 2146 ma-

270 2164 390 2201 culam
407 2162 442 2197 in
455 2164 572 2199 anima
587 2163 732 2201 causare

377 2212 550 2250 Praeterea
571 2240 582 2255 ,
613 2214 653 2248 ln
684 2214 824 2251 mortali
842 2222 988 2257 necczto
1002 2214 1119 2248 anima
1150 2221 1216 2258 per

270 2274 431 2300 amorem
446 2264 625 2308 contingit
645 2275 716 2300 rem
728 2264 1075 2309 temporalem,0ua{i
1091 2262 1215 2301 finem3

272 2315 309 2352 ei
344 2315 480 2362 quippe
516 2314 662 2349 inhaeret
696 2315 728 2349 8<
769 2314 803 2348 in
838 2325 875 2348 ea
914 2312 1064 2354 quiescit
1086 2339 1096 2354 ,
1141 2322 1218 2358 qno

275 2376 322 2401 ex
350 2364 445 2399 fauo
466 2362 611 2411 penitus
633 2364 828 2410 impeditur
858 2363 1019 2399 influxus
1045 2362 1208 2409 splendo-

274 2415 324 2450 ris
344 2413 476 2450 divinae
500 2415 624 2459 gratie
647 2440 657 2456 ,
696 2414 750 2450 sed
776 2424 838 2460 per
868 2424 1054 2460 peccatum
1072 2412 1212 2449 veniale

277 2463 538 2512 aqueinhaerct
552 2465 661 2501 homo
676 2475 847 2500 creaturae
863 2475 1033 2513 tanquam
1048 2463 1109 2499 fini
1129 2463 1215 2498 ulti-

276 2526 335 2551 mo
351 2540 360 2555 ‚
388 2526 453 2550 nec
478 2515 672 2562 impeditur
695 2513 841 2562 proinde
859 2515 1018 2550 influxus
1051 2512 1211 2560 splendo-

278 2565 325 2600 ris
339 2564 466 2600 divinae
479 2566 596 2612 gratiae
615 2577 723 2610 3ergo
737 2576 797 2613 pet
813 2566 883 2600 tale
901 2577 1088 2612 peccatum
1113 2565 1213 2604 nulla

277 2615 416 2651 macula
433 2613 601 2651 causatur
615 2616 648 2650 in
661 2616 777 2650 anima
797 2638 807 2648 .

378 2665 518 2701 Contra
534 2690 545 2707 ,
585 2664 813 2710 Augustinus
839 2664 902 2700 W».
920 2665 962 2701 de
986 2667 1210 2704 wistri-entia

274 2715 428 2763 loquens
438 2715 482 2751 de
493 2716 692 2751 venialibus
706 2715 874 2762 peccatis:
900 2717 1031 2753 Omnia
1048 2718 1119 2753 h.ec
1137 2743 1144 2754 ,
1161 2716 1219 2750 in-

276 2765 360 2811 quit
374 2791 385 2807 ,
402 2764 511 2810 simul
519 2775 710 2813 aggregata
727 2765 1002 2811 decoremfaciei
1021 2767 1142 2813 nestrae
1154 2778 1217 2802 ex·

275 2815 493 2855 terminant.
518 2816 731 2854 Sidecorem
751 2817 853 2852 faciei
870 2817 995 2854 animae
1023 2818 1216 2859 inficiunt,

276 2866 311 2902 8(
328 2868 547 2908 exturbantg
566 2878 651 2913 ergo
663 2868 838 2903 maculam
855 2867 888 2902 in
904 2865 975 2913 ipsa
991 2870 1218 2915 relinquunt,

278 2927 351 2963 qua
377 2918 516 2953 macula
529 2918 676 2964 pellitur
690 2919 813 2953 animae
829 2917 935 2952 decor
949 2945 961 2955 .

382 2966 599 3013 Respondeo
617 2993 629 3009 ,
647 2967 868 3014 Aliquorum
883 2967 932 3002 est
948 2969 1006 3004 hic
1024 2967 1227 3005 sententias

277 3018 358 3054 talis
371 3044 381 3054 .
413 3018 527 3056 Nitor
543 3019 577 3055 8(
602 3017 859 3066 pulchritudo,
883 3030 992 3063 quam
1011 3020 1147 3055 macula
1164 3017 1224 3051 dc·

278 3065 408 3104 format
428 3094 439 3110 ‚
474 3069 522 3105 est
552 3068 713 3116 duplex,
747 3068 943 3105 habitualis
970 3072 1135 3106 nimirum
1157 3095 1164 3105 ,
1187 3068 1219 3102 S<

279 3118 453 3155 actualis.
476 3119 825 3165 Etanimusquidem
843 3118 959 3155 noster
985 3119 1033 3157 est
1057 3120 1223 3154 habitua-

280 3168 359 3204 liter
372 3168 509 3205 nitidus
522 3179 585 3216 per
601 3170 750 3213 gratiam
765 3196 774 3209 ,
798 3168 831 3204 8:
849 3169 1001 3206 virtutes
1019 3172 1154 3216 quibus
1166 3180 1226 3201 or-

281 3228 387 3254 natur
407 3231 418 3259 ;
436 3219 518 3255 aetu
533 3230 617 3256 vero
632 3218 787 3265 splendet
806 3218 908 3254 bonis
923 3222 1093 3265 operibus
1110 3245 1123 3264 ‚
1139 3219 1225 3265 quia

282 3278 369 3302 vero
385 3270 517 3306 veniale
531 3281 602 3305 non
616 3269 777 3305 excludit
792 3270 836 3304 ab
851 3271 967 3305 anima
982 3271 1225 3305 charitatem„

283 3314 319 3351 8(
338 3320 489 3354 virtutes
503 3345 512 3360 ‚
541 3320 711 3368 quamvis
740 3321 874 3355 minuat
892 3320 1226 3365 pulchritudinem.»

284 3366 386 3402 astus
401 3394 413 3409 ,
438 3367 516 3403 ideo
537 3381 619 3407 cum
636 3371 776 3406 macula
795 3370 964 3417 importet
980 3371 1068 3417 quid
1081 3380 1225 3407 manens

283 3415 321 3451 in
334 3428 369 3452 re
382 3419 555 3454 maculata
572 3423 732 3462 ,veniale
751 3432 820 3455 non
838 3420 945 3456 infert
962 3422 1134 3457 maculam
1149 3420 1229 3454 ani-

282 3477 374 3507 mae3
400 3478 509 3513 quare
526 3471 666 3516 proprie
690 3470 873 3517 loquendo
899 3473 1034 3507 veniale
1052 3483 1122 3506 non
1141 3482 1227 3505 cnu-

284 3513 336 3550 sat
352 3517 524 3553 maculam
539 3518 573 3553 in
590 3521 703 3554 anima
723 3533 734 3560 3
760 3522 794 3555 in
812 3533 989 3566 quantum
1011 3534 1097 3557 vero
1117 3522 1228 3567 impe·

284 3564 338 3606 dit
351 3568 504 3604 nitorem
522 3594 533 3610 ‚
566 3569 630 3614 qui
647 3570 692 3605 est
706 3582 749 3606 ex
764 3569 905 3606 aflibus
924 3575 1100 3608 virtutum
1118 3597 1129 3612 ,
1158 3570 1227 3606 dici

286 3615 402 3664 potest
417 3617 611 3653 secundum
629 3619 716 3665 quid
733 3622 905 3656 maculam
920 3622 1090 3657 inducere
1105 3645 1114 3655 .

386 3667 469 3703 Nos
489 3666 591 3715 supra
608 3669 705 3716 q.86.
720 3678 792 3706 art.
804 3681 838 3707 2.
851 3669 1008 3718 Conclus
1025 3672 1112 3706 item
1128 3681 1162 3705 2.
1178 3671 1227 3710 la,

286 3727 321 3758 te
335 3715 595 3757 declaravimus
611 3746 620 3761 ,
645 3716 819 3756 maculam
836 3747 846 3762 ,
875 3734 981 3767 quam
1005 3734 1050 3757 ex
1106 3732 1227 3757 cecato

287 3766 467 3804 contrahit
480 3768 600 3805 anima
618 3769 801 3806 consistere
818 3783 887 3807 non
918 3771 1012 3818 posse
1029 3773 1064 3820 ip
1085 3772 1150 3807 ain
1163 3784 1226 3815 ex-

392 3816 486 3852 Tom.
501 3815 571 3854 111.

546 1809 745 1848 {DETUR
772 1808 912 1844 veniale
932 1819 1122 1854 peccatum
1152 1817 1225 1841 non

556 1860 698 1897 causare
714 1861 890 1896 maculam
909 1860 942 1895 in
957 1859 1072 1896 anima
1091 1885 1101 1892 .
1127 1858 1227 1894 Nam

559 1912 662 1948 super
680 1912 768 1946 illud
786 1912 829 1954 Et
841 1909 955 1947 lies-v.
969 1911 1026 1947 Vt
1040 1909 1228 1946 exhiberet

711 1160 847 1195 Utrum
861 1158 966 1205 primi
981 1167 1102 1192 motus
1116 1156 1313 1194 infidelium
1331 1156 1397 1193 lint
1414 1166 1561 1204 peccata
1577 1156 1732 1193 venialia
1750 1181 1761 1193 .

710 1208 848 1245 Utrum
863 1209 1002 1245 veniale
1015 1207 1115 1256 poffit
1131 1208 1200 1246 effe
1212 1208 1248 1244 in
1263 1207 1389 1256 aliquo
1402 1207 1504 1245 simul
1516 1217 1599 1243 cum
1617 1205 1693 1242 solo
1704 1215 1853 1255 peccato
1865 1208 2053 1256 originali.

1299 1356 1457 1393 clufione
1485 1353 1630 1402 justitiae
1654 1353 1849 1392 habitualis
1865 1381 1878 1400 ‚
1913 1352 1973 1391 seu
2003 1353 2153 1400 gratiae,
2171 1365 2233 1400 per

1295 1419 1407 1454 quam
1422 1409 1539 1443 anima
1553 1406 1603 1442 est
1622 1406 1771 1454 pulchra
1785 1434 1796 1449 ,
1828 1408 1984 1453 Deoque
1997 1414 2163 1446 accepta:
2180 1404 2237 1440 sed

1293 1460 1407 1501 magis
1444 1458 1658 1493 maculatam
1688 1455 1754 1492 dici
1781 1483 1793 1500 ,
1833 1459 1866 1494 8(
1888 1456 1954 1494 effe
1980 1455 2131 1490 animam
2156 1456 2239 1492 sub-

1293 1506 1502 1555 jthamque
1514 1519 1664 1555 peccato
1679 1533 1692 1548 ,
1717 1509 1801 1554 quia
1822 1535 1829 1549 ,
1853 1507 1927 1543 esto
1942 1504 2085 1553 phvsice
2112 1516 2239 1552 praete·

1294 1560 1391 1594 tierit
1409 1559 1510 1595 aetus
1527 1585 1537 1601 ,
1560 1570 1636 1605 quo
1651 1559 1731 1594 Deo
1744 1556 1875 1594 offensa
1888 1560 1982 1593 illata
2000 1555 2065 1591 fuit
2085 1582 2095 1595 ‚
2122 1567 2241 1592 manet

1296 1609 1530 1645 nibilominus
1553 1608 1733 1644 moraliter
1754 1609 1786 1644 8(
1805 1608 2008 1644 virtualiter
2025 1606 2055 1641 8(
2072 1607 2244 1655 interpre-

1295 1661 1410 1696 tative
1427 1685 1436 1695 .
1504 1657 1714 1705 uoadusque
1727 1659 1821 1695 enim
1841 1671 1911 1695 non
1929 1655 2139 1694 tetrastetur
2153 1658 2243 1693 male

1299 1709 1435 1746 fae‘tum
1453 1736 1464 1751 ,
1490 1710 1672 1755 digneque
1685 1719 1812 1753 agatur
1826 1708 2030 1754 poenitentia
2047 1733 2057 1748 ,
2082 1707 2175 1743 reete
2190 1708 2242 1742 in-

1299 1761 1474 1807 telligitur
1487 1759 1603 1793 anima
1619 1757 1682 1794 {ibi
1698 1758 1741 1793 de
1755 1770 1902 1803 peccato
1914 1760 2148 1804 complacere.
2162 1761 2243 1795 Hoc

1299 1822 1388 1856 ergo
1403 1807 1604 1854 supposito,
1621 1808 1883 1855 quodcumque
1895 1818 2082 1855 peccatum
2101 1834 2113 1850 ‚
2128 1808 2244 1844 donec

1300 1863 1345 1896 ab
1359 1861 1473 1896 anima
1489 1858 1651 1893 deleatur
1666 1885 1676 1899 ,
1703 1869 1821 1894 manet
1851 1861 1887 1894 in
1915 1857 1989 1906 ipsa
2016 1859 2245 1902 virtualiter,

1304 1922 1415 1958 atque
1431 1921 1477 1943 ex
1495 1909 1763 1955 cointelligitur
1778 1909 1956 1946 maculata
1972 1933 1981 1943 .
2006 1907 2156 1944 Ver-iaie
2184 1920 2247 1944 au-

1300 1972 1371 1997 tem
1385 1984 1398 2004 ,
1422 1958 1481 1995 etsi
1503 1971 1574 1995 non
1589 1960 1696 2007 pellat
1710 1960 1756 1996 eb
1769 1961 1884 2002 anima
1901 1957 1947 1996 fic
1957 1960 2137 2008 peccantis
2163 1959 2249 1995 cha-

1300 2014 1442 2049 ritatem
1460 2035 1469 2049 ‚
1492 2010 1578 2057 quia
1592 2022 1712 2046 tamen
1725 2009 1773 2046 est
1796 2020 1918 2046 contra
1949 2011 2062 2055 legem
2085 2011 2142 2046 vel
2160 2021 2248 2054 prte-

1295 2073 1439 2110 ceptum
1455 2059 1617 2098 divinum
1643 2072 1712 2097 non
1725 2059 1951 2097 necessarium
1967 2061 2007 2095 ad
2032 2059 2177 2096 salutem
2194 2058 2253 2095 sed

1294 2113 1385 2150 utile
1401 2108 1679 2159 consequutioni
1694 2110 1774 2146 finis
1790 2136 1802 2152 ,
1823 2121 1866 2146 eo
1882 2110 1974 2146 safto
1990 2110 2090 2148 Deus
2101 2108 2253 2145 offendi-

2270 1330 2390 1361 Veniale
2408 1340 2470 1360 ma-

2271 1371 2365 1400 culam
2411 1372 2473 1400 in...-

2272 1411 2365 1437 anima
2388 1409 2476 1437 relin-

2274 1457 2360 1484 quere
2387 1457 2412 1475 in
2427 1447 2476 1475 suo

2273 1487 2369 1515 ordine
2379 1504 2389 1513 .
2403 1485 2480 1522 idip-

2275 1524 2333 1553 sum
2370 1525 2479 1552 videtur

2274 1563 2373 1592 sentire
2384 1563 2410 1590 S.
2419 1564 2479 1590 Do-

2278 1603 2339 1630 &or
2354 1621 2363 1630 .
2377 1603 2405 1629 3<
2431 1600 2478 1629 sibi

2277 1642 2302 1669 ἃ
2326 1639 2441 1668 Οοᾱοτὶ

2278 1679 2374 1707 nostro
2396 1681 2479 1706 (ἰηπ-

2279 1719 2345 1746 cula
2373 1725 2478 1745 nomen

2279 1756 2315 1784 est
2352 1765 2480 1794 &quivo-

2278 1803 2342 1823 tum
2357 1813 2367 1824 .

1292 2174 1444 2204 tutgnon
1455 2172 1574 2198 tamen
1586 2165 1631 2199 ita
1645 2161 1808 2209 peccanti
1819 2160 2040 2205 irascitur,ut
2050 2161 2257 2196 ordinatum

1285 2215 1461 2257 intelligat
1486 2212 1530 2247 ad
1547 2211 1715 2250 luendum
1740 2223 1890 2248 aeternas
1905 2223 2024 2260 poenas
2041 2211 2252 2248 s-:dinterim

1286 2264 1464 2312 quandam
1479 2262 1754 2300 satisfastionem
1767 2263 1930 2308 exigin&
1943 2262 2098 2311 quisque
2107 2273 2251 2299 tenenat

1288 2328 1356 2362 pro
1369 2325 1488 2350 eorum
1517 2314 1697 2350 deletione
1713 2314 1880 2358 paenitere
1894 2339 1908 2355 ,
1934 2323 1996 2350 aut
2012 2326 2051 2350 ea
2062 2313 2251 2360 repraesen·

1286 2363 1556 2409 taremuoediffla
1569 2364 1649 2400 sunt
1666 2363 1992 2411 3.p.q.b7.art.3.&
2003 2375 2185 2407 4.manent
2200 2373 2252 2398 er.

1286 2429 1334 2462 go
1352 2417 1385 2450 in
1404 2417 1516 2451 anima
1532 2417 1646 2451 donec
1664 2415 2151 2462 remittantur‚quocumque
2169 2424 2249 2449 tan-

1286 2468 1369 2503 dem
1388 2465 1496 2501 modo
1516 2466 1548 2501 id
1575 2465 1650 2502 fieri
1675 2465 1834 2504 dicatur,·
1857 2465 1891 2498 in
1906 2464 1970 2501 suo
1985 2467 2107 2511 itaque
2120 2464 2248 2508 ordine

1283 2518 1435 2553 animam
1452 2516 1746 2553 maculant.Hinc
1759 2513 1850 2550 reete
1864 2511 1983 2554 Sanffl
2001 2514 2179 2551 Doclores
2195 2515 2249 2550 di.

1286 2568 1480 2612 stinguunt
1498 2568 1592 2603 inter
1607 2565 1839 2602 remiffionem
1852 2567 1965 2613 culpae
1978 2565 2244 2613 cujuscumque

1286 2619 1320 2654 8(
1340 2617 1565 2654 solutionem
1586 2617 1771 2663 ptenaetali
1785 2617 1899 2663 culpae
1919 2617 2238 2663 correspondentis.

1286 2671 1384 2706 Nam
1401 2679 1461 2707 uer
1479 2680 1598 2703 verit-n
1619 2668 1864 2711 poenitentiam
1884 2666 2087 2712 detergitur
2106 2668 2151 2703 ab
2165 2668 2242 2704 ani·

1287 2718 1468 2764 m.1ciilpa
1487 2720 1625 2763 peccati
1641 2718 1802 2752 mortalis
1823 2730 1834 2757 3
1853 2716 1910 2753 sed
1932 2730 2000 2754 non
2021 2719 2118 2753 illico
2140 2718 2241 2754 abso-

1288 2771 1363 2804 luta
1378 2767 1425 2804 est
1446 2769 1489 2803 ab
1501 2770 1597 2803 omni
1615 2780 1714 2815 prena
1734 2793 1744 2809 ‚
1771 2768 1842 2802 imo
1860 2780 1922 2815 pro
1954 2781 1993 2803 ea
2021 2766 2242 2805 satisfacien-

1287 2820 1372 2856 dum
1389 2818 1436 2854 est
1453 2821 1662 2865 poenitenti,
1679 2819 1732 2852 vel
1751 2817 1785 2852 in
1807 2817 1970 2863 praesenti
1985 2821 2041 2855 vel
2059 2819 2096 2855 in
2111 2819 2244 2856 futuro

1289 2870 1444 2909 secul03
1472 2881 1509 2903 ut
1528 2870 1560 2904 S<
1582 2869 1625 2905 de
1651 2869 1777 2903 veniali
1800 2870 1834 2904 in
1859 2867 1921 2903 suo
1948 2868 2075 2904 ordine
2105 2869 2151 2905 est
2167 2871 2243 2905 sen-

1293 2919 1456 2956 tiendum
1477 2946 1484 2954 .
1501 2920 1554 2955 Ut
1568 2919 1669 2954 sicuti
1686 2921 1833 2954 mortale
1849 2918 1922 2965 post
1938 2920 2055 2954 aestum
2071 2918 2242 2967 elapsum,

1297 2971 1480 3007 moraliter
1499 2982 1643 3006 manens
1658 2972 1811 3005 maculat
1840 2971 1989 3004 animam
2007 2995 2016 3010 ‚
2041 2971 2085 3004 ita
2113 2970 2147 3005 ἃ
2180 2982 2242 3004 ve-

1294 3021 1386 3057 niale
1410 3021 1523 3055 donec
1547 3024 1771 3062 remittatur,
1811 3020 1914 3054 infert
1951 3019 2240 3055 detrimentum,

1295 3069 1475 3118 quoddam
1493 3071 1799 3116 pulchritudini&
1824 3069 1931 3103 nitori
1949 3070 2044 3104 illius
2062 3083 2073 3110 3
2091 3072 2176 3114 quia
2200 3069 2238 3104 st.

1297 3133 1361 3156 cut
1378 3131 1505 3158 contra
1524 3122 1636 3165 legem
1663 3122 1729 3155 Dei
1756 3119 1970 3160 committit,
2003 3121 2239 3166 praecipientis

1300 3171 1549 3207 nihilomnino
1567 3171 1609 3205 de
1622 3183 1656 3205 re
1671 3172 1783 3205 aliena
1796 3170 2042 3214 attingendum
2059 3193 2070 3209 ‚
2091 3172 2154 3215 qui
2181 3171 2238 3206 vei

1298 3234 1424 3267 pirum
1439 3223 1487 3256 rei
1505 3222 1625 3256 aliena:
1645 3221 1786 3256 furatus
1803 3219 1910 3256 fuerit
1924 3246 1935 3262 ,
1969 3221 2013 3260 ita
2027 3219 2074 3254 eli
2089 3220 2167 3254 Deo
2181 3220 2239 3253 di·

1299 3271 1521 3317 splicensille
1546 3271 1646 3306 afrus
1663 3299 1672 3313 ,
1706 3270 1839 3306 tametsi
1864 3271 2059 3309 amicitiam
2085 3282 2154 3306 non
2181 3272 2240 3305 ab,

1300 3333 1441 3367 rumpat
1460 3348 1468 3362 ,
1491 3323 1575 3368 quia
1594 3321 1655 3356 stat
1675 3333 1758 3356 cum
1771 3321 1946 3356 charitate
1964 3333 1974 3363 ς
2003 3320 2162 3367 quandiu
2186 3332 2241 3355 er-

1300 3384 1348 3418 go
1361 3373 1563 3407 virtualiter
1576 3381 1692 3407 manet
1709 3397 1720 3412 ‚
1735 3372 1862 3406 tandiu
1877 3370 1926 3413 cst
1945 3371 2059 3413 anima
2088 3372 2242 3407 macula.

1300 3433 1335 3457 ta
1350 3421 1539 3468 peripsum
1560 3449 1569 3464 ‚
1599 3423 1684 3469 quiri
1700 3422 1745 3458 el}
1760 3433 1887 3457 contra
1907 3431 2070 3458 naturam
2089 3422 2240 3456 ratione.

1302 3474 1369 3509 lem
1387 3499 1396 3514 ‚
1423 3471 1510 3508 idest
1522 3472 1701 3508 ‹lieiamen
1717 3473 1866 3507 rationis
1883 3470 2008 3513 teche.

1399 3522 1456 3559 Ad
1473 3534 1679 3568 argumenta
1695 3552 1702 3556 .
1733 3522 1791 3560 Ad
1810 3524 1962 3570 primum
1980 3518 2173 3570 respondeo
2194 3536 2241 3563 ex

1297 3571 1405 3608 dietis
1423 3599 1432 3613 ,
1452 3573 1594 3608 veniale
1613 3586 1682 3608 nnn
1697 3572 1826 3613 inferre
1843 3572 2017 3613 maculam
2033 3572 2158 3608 animae
2188 3579 2237 3610 in-

1301 3622 1367 3660 star
1383 3624 1542 3667 mortalis
1559 3649 1569 3663 ,
1595 3623 1649 3658 sed
1667 3622 1860 3662 secundum
1877 3620 2006 3669 offense
2020 3622 2146 3658 divina:
2158 3637 2224 3671 pro

1301 3673 1515 3718 portionem.
1555 3675 1681 3718 Quare
1706 3675 1786 3711 licet
1823 3673 2067 3721 principaliter
2104 3674 2242 3712 dietum

1300 3721 1466 3781 Apostoll
1493 3723 1761 3769 intelligendum
1789 3723 1827 3758 iit
1849 3722 1892 3756 de
1934 3722 2075 3758 mortali
2101 3738 2168 3771 pen
2186 3739 2244 3762 trs

1299 3783 1451 3807 animam
1469 3773 1690 3808 deformante
1704 3800 1714 3815 ,
1731 3772 1885 3809 subinde
1910 3785 2027 3808 tamen
2051 3775 2097 3810 cst
2116 3788 2242 3813 verum

1768 3825 1792 3860 S
1806 3834 1823 3857 s
1852 3835 1870 3857 2
2150 3825 2193 3861 de

2301 2435 2480 2476 Distinguen-

2277 2476 2314 2504 dt'i
2326 2475 2379 2504 elle
2392 2485 2463 2503 inter

2277 2513 2471 2543 renuilionem

2273 2553 2363 2589 culpe
2391 2550 2482 2581 cuius-

2276 2601 2384 2631 cunque
2401 2596 2426 2620 &
2439 2592 2484 2620 so·

2274 2633 2478 2673 lurionempce·

2277 2681 2316 2701 ns:
2326 2683 2379 2713 pro
2392 2677 2472 2716 culpa

2268 3519 2384 3550 Veniale
2393 3530 2472 3551 mncu

2273 3559 2330 3588 lare
2351 3562 2471 3589 animam

2273 3602 2299 3630 in
2310 3599 2357 3628 suo
2372 3609 2494 3639 genere„

2270 3644 2297 3669 δ(
2312 3639 2454 3669 ordine-2·
