2628 4011
14 866 29 907 i]
72 864 122 896 ne
131 865 208 896 fad·
214 876 271 899 uon

13 918 18 928 ι
28 917 29 924 1
74 904 160 947 datur
167 914 270 936 natura

73 951 107 971 ιιι
133 945 212 987 piu-4¹5
230 955 270 977 ω

11 973 27 999 ·’
71 979 210 1015 tatalibus
219 1001 230 1015 .

58 2995 87 3022 4.
98 2982 159 3025 dist.
173 2995 260 3025 ¹44·

59 3025 87 3053 α
100 3024 167 3055 dist·
183 3030 259 3067 'seq’

61 3064 119 3093 n&
133 3062 196 3094 dm.
212 3067 260 3098 ¹7·

681 45 839 93 Tomus
856 46 940 92 III.
962 48 1088 92 Part.
1105 45 1163 91 Il.
1182 45 1372 114 Qaestio
1393 49 1666 96 LXXXVII.
1683 53 1784 98 Art.
1817 57 1860 99 V
1857 52 1891 100 I.

309 114 450 150 Contra
472 124 558 149 vero
584 125 664 149 eum
681 141 693 156 ,
720 116 777 149 cui
789 126 828 149 ea
842 112 981 159 justitia
996 115 1077 148 data
1093 125 1163 149 non
1180 114 1248 149 fuit

306 166 424 211 puniri
438 176 506 199 non
520 165 615 208 posse
636 165 699 199 tali
715 175 831 209 pena3
858 165 890 199 8(
906 164 1076 210 quamvis
1102 164 1249 210 perinde

304 216 538 251 inveniantur
559 213 781 250 beatitudine
796 214 940 259 privati,
957 215 1058 249 alteri
1073 225 1191 249 tamen
1207 226 1248 249 ea

302 266 462 314 privatio
486 262 635 310 ceditgin
651 275 777 309 penam
804 263 1064 311 supponentem
1088 265 1249 312 culpam,

305 316 407 353 alteri
431 326 517 350 vero
541 325 614 351 non
631 312 686 349 ‘est
703 324 816 360 pena.
840 315 1047 362 Exemplum
1064 341 1072 349 .
1104 314 1249 350 Siduo‘s

305 367 426 414 primo
442 376 488 401 ex
505 374 610 411 aequo
625 364 784 409 gratuito
804 375 1023 412 acceptarem
1041 364 1083 399 ad
1100 364 1248 410 aliquod

303 417 440 453 donum
463 413 712 462 accipiendum
743 441 753 455 ‚
777 413 897 461 postea
917 417 1006 451 alter
1034 413 1248 456 offenderet,

300 480 347 504 ex
359 477 436 514 quo
453 463 589 501 donum
605 463 749 510 adipisci
761 464 990 501 demereatur
1005 491 1016 507 ,
1043 467 1182 513 reliquo
1195 465 1249 500 ni·

302 517 355 554 hil
379 515 610 559 delinquente
626 540 638 556 ‚
665 513 751 551 huic
777 514 1010 553 nihilominus
1036 516 1248 552 honorem...

303 579 374 603 non
404 563 588 601 exhibeam
611 592 622 608 ,
648 576 718 601 non
744 577 894 615 propter
922 566 1136 604 demeritum
1153 593 1164 609 ,
1187 564 1245 601 sed

303 617 391 665 quia
413 626 482 650 non
496 616 611 662 placet
633 615 720 653 mihi
737 617 800 653 tali
826 617 963 653 honore
978 630 1059 654 eum
1087 617 1244 663 dignari3

300 664 465 716 proscem
478 665 514 700 hi
528 665 648 704 forent
670 668 856 715 inequales
874 693 883 708 ,
908 668 994 713 quia
1018 670 1109 704 alter
1125 669 1246 715 priva-

301 728 363 754 tur
382 727 562 761 vtanquam
594 719 796 755 immeritus
813 744 824 760 ,
852 716 887 752 8(
916 729 1022 759 reu·s;
1047 719 1135 754 alter
1157 727 1245 752 vero

302 777 429 815 expers
452 765 503 802 est
517 766 689 812 honoris,
714 770 800 817 quia
829 769 914 804 nolo
927 770 957 804 ei
973 768 1082 804 dare.
1114 770 1169 804 De
1195 767 1246 802 fa-

301 817 362 854 &to
375 816 614 856 nihilominus
635 832 708 858 non
723 818 773 855 est
790 819 950 854 invenire
962 819 1118 866 aliquem
1130 819 1166 852 in
1179 829 1246 864 pu-

302 869 347 904 ris
371 869 627 911 naturalibus;
657 871 745 917 quia
772 868 874 905 Deus
899 878 1066 905 naturam
1089 868 1247 904 rationa-

302 920 370 955 lem
396 931 506 965 quam
520 919 605 956 fecit
620 946 635 963 .,
661 920 798 968 semper
811 919 977 967 perducit
991 921 1034 955 ad
1045 919 1152 955 finem
1169 945 1180 960 ‚
1194 918 1248 954 ni·

302 970 324 1006 si
340 982 386 1007 ex
401 980 502 1016 parte
517 970 613 1008 illius
642 972 800 1009 inveniat
825 970 1007 1007 defeftum
1024 997 1036 1013 ‚
1061 971 1120 1007 vel
1135 972 1248 1017 impe-

299 1020 504 1058 elimentum
520 1046 530 1057 .

525 1120 935 1163 ARTICULUS
963 1121 1034 1158 Vl.

398 1224 540 1261 Utrum
572 1231 694 1260 reatus
732 1234 822 1271 pene
862 1232 1043 1259 remaneat
1071 1218 1150 1269 post

675 1286 861 1323 peccatum
879 1298 888 1307 .

382 1375 538 1414 ,Doflor
551 1386 577 1421 4
591 1372 747 1421 diffir4.
762 1387 837 1423 q01.
853 1371 991 1419 &dist-
1017 1371 1149 1418 16.q.2.

447 1427 492 1468 ὁ·
508 1424 599 1460 diff.
615 1433 673 1460 21.
687 1437 723 1473 q.
745 1438 775 1463 r.
791 1422 979 1470 utrtufilue
1004 1424 1101 1460 Scri.

495 1475 576 1522 pti.
599 1474 642 1510 S.
669 1476 844 1564 letgrzr.
869 1486 901 1509 2.
923 1485 959 1521 q.
989 1474 1048 1521 87.

298 1623 543 1715 Videtur
556 1637 647 1676 pene
657 1639 779 1665 reatus
796 1637 869 1662 non
881 1622 1053 1671 superesse
1069 1624 1148 1673 post
1164 1639 1250 1673 pec·

430 1687 553 1713 catum
571 1701 584 1714 .
607 1683 702 1717 Nam
722 1689 760 1714 ut
783 1677 866 1723 quis
879 1674 921 1709 ad
948 1688 1076 1723 penam
1094 1675 1252 1713 subeun-

295 1726 380 1763 dam
405 1728 615 1770 ordinetur,
642 1741 661 1764 a
687 1737 842 1776 peccato
855 1725 905 1761 est
924 1749 934 1765 ‚
960 1728 1077 1762 veluti
1100 1726 1250 1764 effecius

294 1789 315 1813 a
337 1775 444 1814 causa
469 1805 479 1815 .
508 1776 578 1812 Sed
609 1779 816 1815 transeunte
837 1786 989 1822 peccato
1017 1802 1026 1816 ‚
1052 1787 1090 1811 ea
1115 1775 1251 1814 causa„,

294 1828 451 1875 amplius
477 1838 547 1865 non
561 1827 611 1864 est
628 1842 641 1870 3
667 1832 757 1875 ergo
775 1837 841 1862 nec
864 1824 944 1872 ejus
960 1824 1111 1862 effeetus
1134 1827 1250 1876 potest

293 1876 430 1915 adeffe.

395 1929 562 1973 Preterea
581 1955 593 1971 ‚
615 1933 812 1968 Peccatum
834 1926 964 1963 exinde
988 1925 1117 1964 cessare
1145 1929 1249 1964 inteb

294 1979 421 2026 ligitur
436 2005 447 2021 ,
470 1979 570 2024 quod
587 1979 698 2016 homo
714 1978 756 2015 ad
772 1979 943 2013 virtutem
966 1976 1166 2014 scetandam
1183 1976 1250 2015 st,

293 2040 536 2070 convertenS,
562 2030 683 2067 evadit
711 2028 848 2067 virtute
872 2028 1035 2076 preditus
1060 2029 1095 2064 &
1114 2029 1245 2068 laude)

293 2079 450 2125 dignus:
475 2078 609 2117 virtute
621 2091 741 2116 autem
768 2077 907 2126 predito
926 2090 996 2113 non
1017 2079 1174 2115 debetur
1189 2094 1251 2129 pe-

294 2137 340 2166 na
355 2156 366 2172 ‚
386 2127 445 2165 sed
463 2129 540 2165 laus
554 2131 584 2166 8(
606 2132 786 2178 premium
806 2141 818 2170 ;
838 2139 927 2174 ergo
943 2127 1083 2168 sublato
1101 2142 1251 2179 peccato

295 2192 368 2218 non
385 2178 547 2228 superest
563 2192 666 2228 penae
678 2182 786 2218 ullius
799 2189 917 2214 reatus
933 2204 943 2214 .

399 2230 569 2278 Prtgterea
594 2254 604 2266 .
634 2232 736 2279 Pente
759 2229 932 2277 medicine
957 2230 1112 2277 quedam
1137 2235 1249 2277 sunt3

293 2291 340 2319 ex
355 2281 470 2318 Arist.
484 2290 517 2326 3.
541 2280 663 2318 Echic.
688 2289 764 2329 cap.
785 2291 818 2327 3.
835 2278 903 2316 Sed
917 2280 1105 2327 postquam
1119 2287 1250 2332 aliquis

295 2333 346 2369 est
361 2331 508 2380 pristine
521 2329 664 2367 sanitati
685 2332 870 2367 restitutus
892 2354 903 2368 ‚
934 2330 997 2366 sibi
1012 2337 1166 2379 amplius
1179 2349 1251 2374 non

294 2384 517 2420 adhibemur
543 2381 781 2418 medicamina
801 2394 813 2421 ;
838 2390 925 2425 ergo
942 2380 1112 2420 submoto
1126 2399 1253 2434 pecca-

298 2442 371 2476 to,
395 2445 467 2469 non
481 2430 637 2480 superest
661 2433 827 2469 debitum
857 2427 1084 2478 persolvendi
1109 2448 1251 2484 penam.

398 2485 542 2521 Contra
561 2507 571 2516 .
586 2484 686 2531 Mag.
698 2494 736 2529 4.
751 2482 834 2518 dist.
853 2482 912 2517 16.
936 2493 1013 2531 cap.
1046 2487 1189 2523 ultimo,
1207 2501 1251 2524 ex

297 2533 458 2582 August.
491 2531 613 2568 scribit
631 2560 639 2568 .
669 2533 760 2570 cA'd
786 2530 958 2578 agendam
982 2535 1220 2582 penitentiam
1237 2564 1249 2580 ,

295 2593 363 2620 uon
370 2584 506 2632 sufficit
522 2593 630 2618 mores
644 2586 682 2618 in
693 2584 819 2618 metius
833 2592 1047 2620 commutare
1059 2612 1070 2628 ,
1083 2587 1127 2627 ὠ·
1143 2602 1162 2625 a
1173 2603 1252 2626 ma-

291 2634 431 2682 ,lefaflis
446 2633 611 2670 recedere
627 2659 640 2675 ‚
668 2636 728 2679 m'sz
741 2634 785 2669 de
800 2633 855 2668 his
865 2644 943 2679 quae
951 2635 1145 2683 factasunt
1161 2667 1172 2683 ‚
1189 2641 1252 2688 sa-

296 2686 460 2732 tis-faciat
488 2684 642 2721 Domino
661 2691 727 2730 per
750 2686 958 2732 pfm'temtae
985 2685 1138 2726 dolorem
1158 2719 1166 2733 ‚
1186 2699 1252 2740 per

296 2736 516 2774 humilimus
523 2735 702 2780 gemitum
719 2759 731 2776 ‚
750 2743 818 2782 per
833 2736 983 2770 contriti
1009 2740 1124 2777 cordis
1128 2741 1251 2788 sacri-

280 2787 416 2831 ficium
434 2799 444 2823 ς
458 2785 717 2834 cooperantibus
730 2783 947 2834 eleemosynis
961 2811 972 2821 .
999 2787 1117 2833 igitur
1130 2795 1249 2830 deleto

301 2850 467 2886 peccato,
484 2838 635 2883 vitaque
648 2836 683 2871 in
698 2838 826 2872 melius
838 2849 1080 2885 commutata,
1092 2841 1249 2892 superest

290 2890 463 2926 debitum
494 2886 724 2934 persolvendi
751 2897 861 2935 penas
896 2888 1035 2925 debitas
1059 2897 1251 2935 commistis

294 2942 454 2991 peccatis
470 2963 479 2972 ·

397 2987 615 3036 Respondeo
628 3011 641 3029 ‚
671 2987 847 3024 Doctrina
868 2987 919 3024 est
949 2989 1148 3030 Catholicoe
1180 3000 1248 3035 Ec.

290 3040 495 3089 clesiire,per
512 3039 785 3075 Sacramentum
805 3039 1012 3086 Penitentiae
1022 3054 1168 3089 peccata
1194 3049 1250 3084 di..

296 3094 391 3131 mitti
408 3120 421 3135 ,
446 3091 551 3138 juxta
567 3090 733 3137 symboli
759 3091 950 3125 articulum
966 3114 979 3133 ‚
1005 3094 1246 3142 Remiffionem

295 3153 519 3194 peccatorum
532 3165 541 3175 .
558 3139 628 3176 Etsi
643 3151 730 3176 vero
746 3139 955 3188 penitentia:
968 3142 1244 3188 Sacramentum

299 3194 496 3231 formaliter
510 3190 706 3238 repositum
722 3191 762 3227 sit
780 3204 814 3226 in
830 3192 1086 3231 Sacramentali
1102 3197 1247 3238 absolu.

294 3247 399 3281 tione
414 3245 519 3279 certis
539 3243 659 3278 verbis
672 3242 814 3289 peraeta
829 3266 844 3286 ‚
858 3243 891 3278 8(
907 3242 994 3278 nihil
1006 3244 1106 3284 aliud
1133 3252 1246 3297 perse,

299 3297 337 3332 8(
357 3295 473 3342 primo
504 3294 547 3329 ad
572 3291 688 3340 ipsum
711 3295 888 3341 pertinere
913 3293 1106 3340 videatur3
1135 3299 1245 3350 aigne

298 3345 539 3383 nihilominus
560 3344 670 3391 recipi
692 3343 790 3380 haud
816 3344 957 3392 potest,
986 3346 1047 3382 nisi
1076 3351 1245 3390 confeffio

296 3403 530 3445 peccatorum
547 3396 811 3442 praemittatur,
833 3407 906 3443 qua
919 3395 1136 3437 confeffione
1156 3416 1246 3440 con-

303 3447 411 3482 fitens
425 3456 523 3480 reum
538 3447 618 3480 sein
632 3445 711 3480 soro
725 3448 787 3482 illo
799 3446 941 3482 accusat
958 3472 969 3490 ,
999 3448 1164 3497 &judex
1177 3456 1246 3492 rite

303 3494 443 3532 causam
455 3492 638 3542 cognoscit
651 3496 684 3530 in
700 3497 825 3533 ordine
840 3498 883 3532 ad
903 3497 1082 3535 serendam
1106 3501 1245 3541 senten-

300 3547 386 3582 tiam
402 3543 640 3582 absolutionis
654 3571 663 3582 .
680 3545 846 3595 Amplius
862 3574 872 3590 ‚
901 3559 964 3584 nec
986 3550 1084 3587 utilis
1095 3565 1134 3588 ca
1159 3567 1245 3593 con-

302 3596 403 3632 feffiu
423 3594 490 3632 effe
512 3596 650 3643 potest,
673 3598 734 3633 nist
762 3600 795 3633 in
825 3610 890 3640 e0‚
920 3600 983 3645 qui
1007 3598 1066 3636 sua
1093 3615 1243 3651 peccata

299 3647 465 3682 clavibus
484 3645 626 3692 subjicit
639 3673 652 3690 ,
674 3649 793 3695 aliqua
808 3650 978 3685 contritio
991 3677 1001 3692 ‚
1028 3653 1081 3687 vel
1104 3658 1244 3694 attritio

297 3697 475 3746 praecedat
494 3710 505 3738 ς
523 3700 644 3734 utlate
661 3700 908 3747 explicuimus
925 3727 936 3742 ,
955 3711 1037 3737 cum
1063 3702 1106 3739 de
1133 3703 1241 3751 qu‘-

2099 70 2121 112 3
2140 72 2155 101 1
2169 71 2195 113 7

1326 118 1453 151 teutiae
1465 118 1694 152 Sacramenta
1709 145 1718 159 ‚
1731 122 1764 154 in
1782 119 1959 167 supplem.
1973 122 2020 155 (ια’
2038 134 2068 167 3.
2080 132 2114 166 p.
2143 135 2264 166 agere·

1327 177 1435 206 mus3
1464 168 1496 201 8(
1514 166 1669 213 denique
1692 167 1881 204 satisfaffio
1902 169 1970 203 hoc
1995 173 2261 208 Sacramentum

1326 216 1432 251 debet
1446 215 1575 263 sequi,
1600 229 1640 252 ut
1654 216 1751 252 suam
1767 219 1958 254 efficaciam
1985 220 2154 256 sortiatur
2169 248 2180 263 ‚
2211 225 2261 257 id-

1327 267 1445 312 quein
1459 278 1495 301 re
1514 294 1525 309 ,
1551 267 1605 302 vel
1621 269 1654 301 in
1680 279 1790 310 voto,
1816 269 1878 303 nisi
1895 267 2019 314 Judex
2043 274 2235 318 perpendat
2248 301 2260 315 ,

1326 318 1428 364 penis
1441 316 1570 353 debitis
1587 316 1666 352 satis
1676 317 1806 354 facium
1819 317 1886 353 effe
1899 342 1910 360 ‚
1935 330 1996 363 per
2011 332 2050 354 ea
2074 333 2152 367 quae
2172 335 2260 369 prae-

1325 366 1502 402 cefferunt
1519 392 1531 400 .
1548 368 1727 414 Alioquin
1745 368 1794 404 ita
1810 367 2094 413 absolvitJudex
2110 397 2121 412 ‚
2135 383 2175 406 ut
2206 384 2258 407 ta-

1325 428 1407 452 men
1422 417 1505 463 liget
1521 444 1531 457 .
1551 417 1714 453 Absolvit
1725 419 1819 454 enim
1832 430 1850 453 a
1865 418 1988 454 debito
2005 432 2104 466 pente
2116 432 2257 467 eternae,

1325 465 1382 502 sed
1400 466 1490 509 ligat
1505 468 1547 503 ad
1562 467 1771 504 solutionem
1786 481 1875 516 pene
1898 471 2104 516 temporalis
2119 494 2130 507 .

1421 515 1477 555 Ex
1491 517 1548 555 his
1565 520 1677 563 igitur
1688 519 1834 554 evidens
1845 518 1895 555 est
1910 545 1922 560 ‚
1952 519 2100 567 depulso
2119 524 2164 558 ab
2187 524 2259 558 ani·

1316 578 1372 602 ma
1389 578 1540 613 peccato
1554 581 1617 616 per
1632 569 1904 606 Sacramentum
1923 595 1933 610 ,
1966 569 2140 617 superesse
2163 573 2262 608 debi-

1317 626 1394 653 tum
1408 617 1636 666 persolvendi
1646 630 1780 668 :penam
1797 645 1808 664 ‚
1833 619 2052 657 illidebitam
2083 634 2257 669 peccat03

1315 679 1382 703 nec
1395 669 1507 705 deleri
1525 682 1627 718 penoe
1644 679 1780 706 reatum
1796 697 1807 713 ‚
1823 671 1884 707 nifi
1900 668 1973 718 ipsa
1998 672 2175 718 persoluta
2198 686 2259 720 pe-

1316 729 1360 752 na
1379 744 1387 754 .
1405 722 1501 757 Hinc
1520 721 1612 757 reete
1628 718 1753 758 saneti
1770 721 1948 758 noetores
1963 721 2190 769 distinguunt
2205 725 2257 759 in-

1315 778 1370 803 ter
1387 770 1747 821 remiffionemculpae
1760 770 2046 819 cujuscumque,
2072 773 2134 810 seu
2163 786 2258 812 mor-0

1314 820 1396 856 talis
1411 820 1469 858 seu
1490 823 1638 860 venialis
1653 823 1693 859 sit
1707 849 1720 865 ,
1736 822 1770 858 8(
1786 821 2004 860 solutionem
2033 837 2132 872 pena:
2155 825 2257 861 debi-

1314 879 1359 904 tae
1378 871 1556 920 illiculpae
1570 886 1586 914 ,ς
1613 875 1646 910 8(
1671 874 1820 908 mortale
1833 874 1978 921 quidem
1996 875 2134 912 inducit
2158 876 2258 911 debi-

1314 928 1391 956 tum
1409 923 1775 970 persolvendiptgnam
1789 934 1954 960 :eternam
1970 951 1983 967 ‚
2007 938 2089 974 quae
2104 927 2140 962 in
2169 937 2259 962 tem·

1313 971 1474 1016 poi-alem
1500 982 1568 1019 per
1588 973 1861 1010 Sacramentum
1883 983 2155 1019 commutatur,
2179 988 2258 1024 per.-

1315 1019 1483 1057 solvenda
1500 1022 1776 1070 velinpraesenti
1790 1049 1803 1064 ,
1823 1025 1880 1060 vel
1905 1026 1942 1061 in
1965 1025 2091 1062 futuro
2106 1026 2261 1065 soeculo.

1316 1070 1389 1107 Sed
1404 1073 1629 1109 veni-alemn
1644 1072 1893 1121 sequitui-‘tale
1919 1076 2083 1112 debitum
2108 1084 2172 1113 nec
2198 1091 2258 1125 per

1318 1120 1351 1156 se
1367 1148 1375 1156 .
1389 1134 1453 1159 nec
1471 1135 1534 1171 per
1550 1124 1739 1168 accidens,
1754 1123 1995 1171 utsupravart.
2010 1128 2260 1173 3-expolitum

1319 1170 1387 1207 fuit
1407 1196 1414 1204 .
1432 1174 1522 1219 Ejus
1534 1174 1969 1224 nihilominus'per'soluta
1985 1189 2075 1224 pena
2103 1179 2137 1213 in
2153 1178 2262 1215 inser-

1318 1234 1367 1258 no
1389 1250 1398 1264 ,
1412 1224 1531 1262 adhuc
1548 1224 1701 1273 superest
1713 1227 1828 1275 culpae
1843 1235 1963 1262 reatus
1976 1253 1988 1269 ‚
2011 1228 2097 1274 quia
2111 1239 2194 1264 cum
2208 1239 2262 1265 ta,

1317 1273 1340 1308 li
1351 1287 1567 1321 perventum
1581 1278 1649 1313 fuit
1660 1278 1695 1312 in
1709 1279 1864 1313 termino
1878 1303 1887 1312 .
1899 1275 1942 1316 In
1959 1289 2035 1324 quo
2045 1289 2164 1314 autem
2177 1291 2263 1315 con-

1318 1324 1413 1362 sistat
1426 1338 1547 1363 reatus
1558 1329 1674 1375 culpae
1689 1328 1851 1364 mortalis
1864 1354 1875 1371 ,
1892 1326 2030 1364 dicium
2042 1328 2112 1364 fuit
2128 1341 2161 1376 q.
2173 1340 2262 1377 prce·

1318 1375 1395 1411 ced.
1407 1386 1480 1413 art.
1500 1390 1533 1414 2.
1552 1377 1609 1414 sed
1624 1378 1722 1414 aliud
1739 1380 1862 1415 abillo
1874 1377 1923 1414 est
1944 1390 2041 1425 pqnae
2069 1381 2232 1417 debiturn
2247 1410 2259 1424 2

1315 1427 1403 1471 quia
1416 1428 1475 1464 etfi
1491 1440 1613 1476 eterna
1627 1441 1717 1477 pena
1729 1430 1849 1467 extitit
1862 1430 1896 1465 in
1907 1430 2141 1477 temporalem
2164 1442 2262 1470 corn.

1317 1488 1455 1515 mutata
1473 1506 1485 1521 ,
1506 1491 1588 1515 curn
1608 1480 1746 1516 macula
1759 1481 1865 1528 culpe
1880 1481 1925 1515 ab
1936 1482 2052 1515 anima
2068 1493 2130 1528 per
2141 1483 2263 1521 Sacra-

1317 1539 1481 1566 mentum
1497 1530 1677 1567 deleretur
1693 1543 1705 1572 ς
1719 1532 1771 1566 ita
1787 1542 1857 1566 non
1871 1529 2073 1567 absolvitur
2095 1533 2204 1569 horno
2216 1537 2263 1571 ab

1316 1576 1432 1625 hujus
1443 1582 1654 1628 temporalis
1669 1607 1678 1620 ,
1697 1591 1942 1628 poene-reatu,
1967 1582 2029 1617 nifi
2056 1594 2117 1629 per
2141 1586 2263 1625 condi,

1316 1641 1423 1674 gnam
1449 1632 1742 1667 Santisfationem
1755 1658 1768 1674 ‚
1794 1632 1853 1668 seu
1873 1632 1908 1666 in
1947 1631 2013 1668 hac
2037 1633 2112 1669 vita
2146 1647 2261 1682 repre.

1317 1679 1524 1717 sentandam
1543 1705 1557 1725 ‚
1582 1681 1642 1718 seu
1656 1682 1924 1728 inPurgatorio
1946 1681 2185 1721 sustinendam
2201 1711 2211 1721 .

1420 1732 1479 1771 Ad
1497 1743 1710 1778 argumenta
1728 1733 1811 1771 ,Ad
1829 1733 1987 1780 primum
2012 1734 2261 1783 respondetur:

1316 1783 1419 1820 Sicut
1435 1781 1689 1818 ceffanreaetu
1708 1785 1847 1831 peccati
1869 1794 2027 1819 remanet
2050 1787 2189 1823 macula
2213 1787 2264 1824 i'ta.

1314 1835 1420 1870 etiam
1447 1832 1562 1879 potest
1593 1843 1771 1870 remanere
1796 1844 1913 1872 reatus
1939 1859 1951 1866 -
1983 1833 2156 1873 Cessante
2177 1850 2264 1875 vero

1317 1883 1457 1921 macula
1484 1894 1557 1921 non
1586 1895 1745 1921 remanet
1762 1896 1882 1922 reatus
1893 1883 2089 1923 secundum
2113 1889 2264 1927 eandem

1316 1936 1492 1971 rationem
1510 1959 1520 1970 .

1422 1986 1503 2022 Nos
1517 1984 1672 2023 dicimus
1685 1998 1806 2022 revera
1815 1986 2084 2034 preterlabente
2095 1989 2176 2026 nau
2189 2003 2267 2038 quo

1318 2045 1492 2079 peccatur
1512 2062 1522 2076 ‚
1536 2035 1707 2084 superesse
1719 2039 1754 2072 in
1769 2040 1948 2074 animama
1956 2039 2070 2074 culam
2083 2067 2095 2082 ,
2108 2040 2156 2077 est
2168 2041 2264 2077 enim

1317 2086 1379 2122 sibi
1398 2085 1672 2122 disconveniens
1687 2112 1700 2129 ,
1726 2088 1760 2124 8(
1791 2099 1916 2123 contra
1943 2090 2142 2127 naturalem
2167 2093 2263 2129 incli.

1317 2137 1500 2174 nationem
1527 2137 1638 2186 ipsius
1653 2164 1663 2179 ‚
1691 2136 1849 2186 ideoque
1872 2139 1935 2174 tali
1959 2138 2043 2174 αξὶιι
2065 2145 2267 2180 maculatur

1317 2188 1353 2224 8<
1374 2187 1519 2235 fedatur
1533 2188 1699 2235 quandiu
1718 2189 1779 2225 fibi
1795 2189 1947 2230 infidet3
1973 2189 2006 2225 8(
2025 2191 2106 2228 licet
2119 2193 2264 2242 physice

1317 2239 1387 2274 effe
1404 2239 1539 2275 desinat
1560 2265 1572 2282 ‚
1587 2251 1707 2277 manet
1722 2251 1842 2276 tamen
1871 2240 2058 2280 moraliter
2081 2244 2264 2291 quoadus-

1317 2301 1390 2334 que
1406 2289 1620 2326 retrafiietur
1633 2317 1647 2333 ‚
1663 2291 1698 2326 8(
1717 2292 1826 2327 etiam
1841 2292 2096 2338 interpretatur
2110 2298 2264 2333 animam

1319 2339 1382 2375 fibi
1397 2340 1440 2374 de
1460 2341 1519 2375 illa
1535 2341 1759 2388 complacere
1774 2366 1786 2383 ,
1800 2342 1886 2389 quia
1905 2353 1976 2377 non
1991 2342 2137 2392 affurgit
2150 2347 2193 2383 ad
2216 2349 2265 2383 ul·

1318 2390 1523 2426 ciscendum
1541 2392 1729 2438 proprium
1743 2402 1899 2427 erratum
1918 2417 1930 2434 ,
1954 2403 1993 2427 ut
2009 2394 2065 2429 lex
2078 2396 2154 2433 fieri
2168 2410 2265 2434 man.

1318 2440 1400 2476 dat:
1423 2441 1736 2487 ordinatur-igitur
1763 2441 1806 2477 ad
1819 2443 2103 2491 ,penamstdque
2119 2447 2167 2483 est
2190 2449 2262 2484 cul.

1319 2503 1502 2540 percarus
1517 2519 1526 2528 .
1555 2491 1606 2527 At
1621 2491 1758 2528 sublata
1769 2493 1909 2528 macula
1932 2505 1994 2540 per
2023 2506 2143 2533 veram
2168 2500 2264 2546 peni.

1319 2543 1468 2581 tentiam
1488 2571 1500 2586 ,
1532 2543 1652 2580 adhuc
1669 2542 1843 2591 superesse
1862 2543 1978 2590 potest
1995 2556 2097 2593 [ταιῆς
2122 2559 2267 2594 reatus,

1319 2593 1618 2642 quandoquidem
1636 2595 1703 2630 alia
1716 2595 1756 2630 {it
1776 2593 1926 2631 remiffio
1939 2596 2045 2644 culpe
2056 2622 2067 2638 ,
2083 2599 2152 2635 alia
2167 2600 2267 2636 abso-

1319 2646 1411 2682 lutio
1425 2657 1442 2679 a
1455 2657 1545 2692 pena
1564 2644 1683 2681 debita
1701 2646 1858 2693 peccatis
1873 2670 1883 2680 .

1420 2696 1480 2731 Ad
1494 2696 1688 2732 secundum
1700 2696 1837 2732 dicitur
1852 2709 1861 2732 :
1878 2696 2044 2733 virtuoso
2056 2698 2265 2747 simpliciter

1318 2759 1409 2794 pena
1423 2759 1494 2783 non
1508 2747 1688 2788 debetur3
1717 2746 1834 2795 potest
1848 2757 1971 2783 tamen
1989 2747 2050 2784 fibi
2064 2750 2186 2787 deberi
2204 2766 2266 2800 pe·

1320 2811 1363 2833 na
1382 2808 1422 2833 ut
1439 2797 1676 2833 satisfaetoria
1700 2809 1765 2846 pro
1785 2797 1840 2833 his
1854 2824 1869 2842 ‚
1890 2798 1932 2833 'in
1958 2800 2094 2846 quibus
2117 2800 2266 2841 offendit

1318 2850 1374 2884 vel
1391 2849 1510 2884 Deum
1524 2850 1580 2885 vel
1594 2848 1775 2885 hominem
1787 2873 1800 2885 .

1421 2903 1500 2936 Nos
1514 2899 1668 2935 dicimus
1681 2925 1693 2941 ,
1720 2899 1813 2935 hanc
1828 2898 2093 2947 responsionem
2109 2905 2265 2951 proban-

1321 2949 1401 2986 dam
1417 2950 1484 2986 effe
1505 2977 1513 2992 ‚
1529 2962 1569 2986 ut
1585 2950 1705 2999 exposi
1713 2962 1790 2986 tum
1804 2951 1872 2986 fuit
1889 2949 2128 2997 msoltctione.

1417 3001 1477 3038 Ad
1494 3001 1641 3037 tertium
1653 3000 1892 3048 respondetur
1905 3025 1918 3036 2
1934 3003 2088 3038 Sublata
2100 3017 2154 3039 rna
2166 3007 2264 3049 cula,

1316 3050 1475 3086 sanatum
1489 3050 1537 3087 est
1549 3053 1682 3088 vulnus
1693 3051 1833 3099 peccati
1849 3063 2024 3097 quantum
2039 3055 2082 3088 ad
2099 3056 2260 3093 volunta.

1313 3112 1385 3137 tem
1406 3129 1416 3139 .
1443 3102 1661 3149 Requiritur
1677 3113 1797 3137 autem
1810 3101 1928 3137 adbuc
1943 3114 2033 3149 pena
2047 3104 2090 3139 ad
2112 3104 2264 3143 sanatio-

1313 3164 1395 3188 nem
1410 3153 1560 3188 aliarum
1576 3154 1708 3188 virium
1735 3152 1942 3200 anime‚qu‹2
1967 3165 2263 3203 perpeccatum..

1313 3203 1509 3251 precedens
1520 3229 1532 3244 ‚
1545 3203 1756 3250 deordinate
1777 3202 1924 3240 fuerunt
1937 3227 1948 3244 ,

1418 3253 1555 3289 Verum
1573 3253 1643 3289 hoc
1661 3266 1787 3290 verum
1802 3253 1851 3290 est
1875 3253 2022 3300 quando
2043 3255 2265 3296 adhibentur

1314 3301 1357 3337 ad
1376 3304 1596 3350 peccandum
1610 3304 1677 3352 aliq
1693 3307 1857 3352 potentie
1885 3306 2001 3351 anime
2013 3317 2032 3340 a
2063 3309 2262 3346 voluntate,

1317 3353 1387 3391 Sed
1401 3365 1483 3389 cum
1499 3354 1736 3391 consumatur
1752 3366 1942 3403 peccatum
1960 3353 2029 3391 sola
2060 3359 2262 3403 voluntate,

1313 3403 1433 3440 adhuc
1449 3405 1563 3440 deleta
1577 3408 1716 3443 macula
1732 3417 1890 3443 remanet
1901 3407 2059 3442 obnoxia
2077 3407 2261 3457 subeunde

1311 3465 1404 3502 pene
1425 3467 1437 3495 ;
1460 3456 1546 3503 quia
1559 3456 1709 3494 remissio
1723 3457 1829 3506 culpe
1845 3457 1894 3493 est
1924 3456 2012 3505 quid
2039 3457 2217 3495 diversum
2241 3472 2261 3495 ι

1312 3505 1511 3542 remissione
1527 3508 1583 3543 vel
1600 3507 1828 3545 absolutionc
1842 3507 2018 3545 subeundi
2045 3519 2154 3556 penas
2184 3510 2261 3545 cul-

1311 3567 1354 3603 pe
1370 3556 1507 3592 debitas
1524 3584 1534 3592 .

2067 3758 2211 3796 ARTI-

2301 517 2358 545 Pro
2384 515 2424 543 his
2437 526 2497 552 quae

2301 555 2390 593 tangit
2415 554 2500 589 Caie-

2302 601 2380 621 tanus
2394 592 2422 620 in
2432 603 2499 622 com.

2299 632 2382 666 hujw
2393 632 2500 659 art-Vi.

2297 669 2365 697 desis
2374 677 2500 707 q.1.4.art

2300 716 2328 735 ι.
2341 709 2499 747 upplan-ad

2320 754 2332 782 3

2302 2003 2398 2040 4-dist.
2412 2009 2500 2042 1405·

2306 2051 2316 2070 1
2326 2060 2336 2067 -
2362 2048 2388 2075 σ.
2401 2044 2443 2071 Ex
2457 2037 2503 2075 1st0

2297 2081 2429 2120 sequitur
2441 2085 2501 2107 cor·-v

2304 2119 2447 2149 rotulum
2459 2137 2467 2144 .

2361 2154 2506 2187 videndus

2304 2204 2361 2226 art.
2376 2205 2405 2225 2.
2418 2194 2506 2228 cit-q·

2301 2231 2499 2275 proecedenn'lo

2304 2273 2380 2312 quod
2405 2272 2506 2301 enima

2305 2312 2349 2341 hic
2371 2312 2463 2341 scribit
2476 2309 2504 2338 S·

2306 2351 2417 2381 Doeor
2441 2349 2501 2378 ani-

2306 2400 2382 2419 mam
2397 2398 2446 2428 per
2459 2389 2503 2418 di-

2309 2429 2436 2458 stantiam
2450 2436 2502 2457 a-.

2305 2468 2371 2497 Deo
2386 2467 2501 2506 proprisi

2308 2507 2436 2536 nitorem
2469 2512 2500 2532 a·

2306 2544 2416 2576 miffiss‘e
2428 2562 2440 2579 ‚
2459 2551 2506 2571 at·

2305 2593 2363 2622 que
2388 2586 2414 2614 in
2447 2593 2502 2616 eo,

2304 2626 2419 2655 macula
2431 2623 2505 2652 ratio

2305 2674 2373 2692 nem
2419 2672 2503 2701 repo—

2305 2701 2424 2731 nendam
2451 2701 2505 2730 elle

2305 2750 2362 2769 non
2399 2740 2502 2769 admit-

2303 2781 2337 2808 tit
2350 2782 2426 2819 Mag·
2434 2780 2503 2810 Sco-

2305 2827 2348 2848 tus
2360 2838 2370 2848 .
