2628 4011
11 900 62 943 ᾗς.
75 903 233 939 dist-mm!-

12 943 55 974 ¹5.
65 942 98 972 si
107 952 204 974 autem
226 963 237 976 .
408 965 416 973 .
615 964 622 970 .
757 965 764 971 .
992 964 999 971 .

230 977 238 982 ’
267 965 472 1007 consimiles
485 962 717 999 aufiorttates
731 963 936 1004 dicendum,
949 973 1077 1007 utique
1087 975 1217 1009 quem·

3 1532 5 1556 <¹
23 1540 174 1579 Quantum
197 1540 231 1569 ad

4 1588 5 1592 ¹
24 1577 80 1607 Dei
103 1588 232 1618 accepta-

28 1624 139 1646 tionem
166 1628 230 1656 gra-

2 1664 4 1693 ,¹
26 1656 66 1683 tia
79 1654 232 1685 santificans

2 1702 3 1705 ¹
27 1696 177 1731 aequivalet
188 1698 233 1731 ju-

1 1750 3 1758 ,
26 1732 102 1761 stiriae
113 1736 233 1773 origina.

0 1782 3 1802 ι
27 1768 48 1797 ii
63 1772 105 1800 vel
121 1772 232 1803 excedit

23 1809 127 1841 illam.

642 180 801 229 Tomus
817 181 900 227 III.
921 182 1049 228 Part.
1067 179 1125 227 II.
1141 180 1334 251 Qqstio
1355 181 1565 229 LXXXI.
1582 183 1684 231 Art.
1701 186 1754 234 V.

271 254 429 301 gationis
440 254 605 290 humanae
621 262 692 286 non
708 250 812 285 fuerit
836 260 1036 296 conceptus
1065 251 1098 283 in
1112 252 1216 292 utero

271 305 474 342 beatiffimae
491 301 619 340 Matris
649 299 743 339 suan
768 311 898 347 expers
926 301 1070 344 penitus
1096 300 1217 336 extitit

271 358 385 404 culpae
399 352 583 399 originalis
598 378 608 392 ‚
639 349 828 397 omnisque
845 350 957 385 debiti
979 350 1216 386 contrahendi

271 407 367 442 illam
387 432 395 441 .
418 405 463 440 Α(
479 403 563 450 quia
582 402 697 437 Maria
714 401 833 446 Virgo
847 403 880 438 &
898 400 1017 442 Mater
1034 399 1113 447 ejus
1129 413 1216 437 con-

272 467 376 504 cepta
391 453 458 497 fuit
471 465 534 501 per
563 451 791 499 congressum
816 454 1015 489 naturalem
1042 453 1149 489 maris
1178 453 1213 490 8(

270 508 448 547 foerninae,
477 504 603 540 debuit
630 503 779 551 quidem
811 516 850 539 ut
879 503 966 547 Adae
984 504 1056 549 filia
1083 515 1213 540 noxam

269 559 482 604 originalem
496 553 740 595 contraxisse3
763 553 822 592 sed
837 556 973 599 intuitu
1000 556 1214 592 meritorum

269 606 404 650 Christi
422 607 629 647 mediatoris
646 617 826 653 praeventa
845 606 914 642 fuit
945 620 987 643 ne
1004 607 1039 643 in
1070 607 1216 654 culpam

267 658 440 696 incideret
454 682 467 702 ‚
489 658 521 692 82
536 669 578 693 eo
596 659 629 692 in
647 656 743 692 fano
759 657 939 706 copiosius
958 660 990 694 8(
1023 657 1215 704 gloriosius

267 711 336 746 fuit
353 710 535 756 redempta
548 720 610 754 per
627 707 814 744 Christum
830 737 840 753 ,
863 721 904 744 ac
921 708 942 744 fi
959 708 1034 757 post
1046 709 1213 744 debitum

267 762 495 798 contrabium
523 760 556 795 8(
585 756 734 804 justitiae
757 761 981 800 carentiam,
1011 760 1055 794 ab
1073 771 1112 794 ea
1127 759 1197 794 libe

266 823 343 850 rata
369 813 402 848 8(
422 809 585 847 absoluta
603 807 786 852 fuiss‘ct,de
799 823 872 858 qua
889 823 926 847 re
938 809 1079 859 plenius
1090 810 1213 854 aetum

268 876 302 911 3.
314 872 353 911 p.
367 874 401 910 q.
417 873 477 909 27.
491 868 564 898 art.
577 873 611 896 2.

321 917 323 920 ”
368 913 426 950 Ad
441 921 651 959 argumenta
666 937 675 948 .
692 911 748 948 Ad
767 914 919 958 primum
936 939 948 955 ‚
977 912 1011 948 8(
1030 910 1073 946 ad
1089 921 1216 954 omnes

267 1027 424 1062 cumque
442 1014 530 1051 Adae
542 1011 658 1049 filium
674 1024 803 1050 natura
816 1014 1016 1050 debitorem
1030 1012 1097 1048 effe
1108 1012 1217 1060 justi-

267 1069 326 1104 tiae
338 1066 525 1111 originalis
540 1090 551 1106 ,
575 1065 624 1100 illi
642 1077 708 1113 pro
719 1066 890 1101 omnibus
904 1065 1063 1111 elargitae
1079 1091 1089 1106 ‚
1102 1075 1214 1110 atque

266 1130 310 1155 ex
326 1117 504 1153 demerito
518 1115 622 1162 primi
637 1116 794 1163 parentis
806 1144 816 1159 ‚
845 1115 925 1161 ejus
941 1125 1127 1162 expertem
1160 1126 1211 1149 re·

263 1169 374 1217 periri
394 1181 405 1208 ;
437 1168 594 1212 ideoque
608 1168 827 1213 cuicumque
844 1167 1001 1204 filiorum
1017 1165 1106 1200 Adae
1124 1162 1214 1201 ines-

265 1220 300 1255 se
316 1246 325 1260 ,
355 1217 449 1254 unde
465 1216 652 1253 contrahat
664 1218 837 1264 originale
851 1228 1038 1266 peccatum
1052 1241 1061 1251 .
1075 1217 1216 1261 Verum

265 1270 289 1306 fi
305 1271 413 1305 alicui
429 1269 463 1303 in
484 1269 600 1315 primo
621 1267 766 1303 instanti
784 1270 974 1312 creationis
1002 1268 1128 1304 anime
1154 1265 1217 1302 de·

264 1331 327 1357 tur
341 1322 456 1367 gratia
471 1347 481 1362 ,
507 1319 535 1353 is
549 1317 772 1366 estojustitia
788 1331 909 1364 careat
926 1319 1109 1365 originali,
1123 1329 1216 1353 nun·

264 1384 374 1421 quam
391 1382 513 1407 tamen
531 1368 580 1405 est
599 1369 741 1406 debitor
759 1369 839 1417 ejus
857 1398 867 1414 ‚
885 1372 972 1418 quia
985 1370 1115 1405 merito
1127 1369 1218 1403 alte·

264 1424 340 1458 rius
354 1434 542 1470 peecatum
571 1421 823 1467 praevenientis
849 1420 1034 1457 confertur
1061 1420 1218 1464 sibigra-

266 1475 315 1508 tia
338 1500 347 1515 ‚
370 1485 451 1520 quae
467 1470 615 1518 justitiae
633 1472 680 1507 illi
714 1473 930 1518 aequivalet,
961 1482 1142 1518 quantum
1173 1469 1220 1505 ad

267 1524 549 1566 acceptationem
567 1523 662 1564 Dei,
688 1521 761 1557 imo
774 1524 938 1558 excedit.
951 1523 1115 1572 Quilibet
1131 1532 1219 1567 ergo

269 1574 458 1609 hominum
476 1601 485 1615 ‚
499 1585 676 1620 qnantum
692 1571 739 1607 est
753 1584 795 1608 ex
810 1572 842 1609 se
856 1584 1042 1621 peccatum
1057 1573 1219 1620 origina-

271 1625 300 1660 le
313 1625 460 1659 haberet
474 1651 484 1666 ,
517 1623 577 1658 nifi
596 1624 686 1659 alins
701 1625 904 1668 preveniret
922 1624 1113 1665 merendo,
1143 1635 1219 1660 ne,

270 1675 477 1711 inveniatur
488 1673 566 1720 ejus
579 1671 727 1719 justitiae
740 1674 882 1710 debitor
895 1703 907 1718 ‚
924 1687 1033 1723 quam
1053 1676 1087 1710 in
1101 1675 1219 1721 primu,

270 1737 415 1773 parente
429 1726 682 1771 accepit.Sunt
700 1735 787 1770 ergo
803 1725 847 1760 fic
859 1725 1078 1772 exponendae
1091 1724 1218 1760 aufto„

268 1777 414 1817 ritates‚
440 1775 541 1822 quod
553 1786 678 1810 omnes
705 1777 918 1811 naturaliter
947 1777 1144 1823 propagati
1173 1777 1218 1810 ab

268 1826 386 1863 Adam
403 1825 480 1862 sunt
496 1835 725 1873 peccatores;
742 1825 830 1861 idest
849 1838 892 1862 ex
909 1826 1017 1861 modo
1032 1838 1109 1874 quo
1123 1825 1219 1860 acci-

266 1877 370 1926 piunt
387 1888 555 1913 naturam
569 1875 655 1911 inest
670 1877 720 1910 eis
738 1875 858 1921 causa,
870 1887 1016 1925 propter
1030 1879 1140 1923 quarn
1158 1889 1219 1911 ca-

267 1938 368 1964 reant
387 1926 525 1974 justitia
541 1927 709 1972 originali
723 1925 843 1963 debita
864 1955 875 1970 ‚
902 1929 964 1965 nist
979 1928 1028 1964 cis
1042 1927 1217 1963 aliunde„

267 1977 600 2023 conferaturgratia
619 1976 800 2025 depellens
822 2005 833 2021 ,
853 1980 886 2014 &
911 1979 1129 2024 extinguens
1157 1989 1220 2013 co-

267 2041 340 2065 ram
355 2031 436 2065 Deo
449 2028 610 2066 debitum
627 2027 783 2065 habendi
796 2027 1072 2076 justitiam3quae
1085 2030 1220 2075 gratia,

265 2080 564 2126 quandoquidem
581 2079 738 2120 conferri
755 2090 866 2126 queat
891 2078 969 2127 post
985 2082 1139 2128 primum
1167 2079 1222 2114 in-

267 2130 390 2173 stans,
418 2131 451 2166 8(
468 2129 546 2177 post
561 2129 782 2166 contraetam
814 2131 958 2178 culpam
987 2131 1221 2176 originalem,

266 2180 318 2218 ita
331 2182 364 2217 3:
382 2181 416 2215 in
433 2181 550 2228 primo
564 2179 639 2216 dari
653 2179 768 2228 potest
782 2180 932 2218 instanti
948 2209 958 2224 ,
973 2193 1101 2228 nempe
1115 2191 1220 2223 tunc,

267 2231 417 2279 quando
435 2231 559 2268 inesset
571 2231 675 2277 culpa
689 2255 702 2274 ‚
730 2232 791 2267 nisi
817 2234 935 2278 gratia
960 2231 1161 2270 excludens
1179 2231 1222 2266 il·

267 2284 341 2319 lam
357 2309 369 2325 ,
394 2282 525 2322 collata
553 2282 891 2332 praeintelligeretur
905 2308 916 2327 9

371 2331 431 2371 Ad
447 2332 646 2375 secundum
661 2358 672 2374 ,
697 2343 773 2379 quo
789 2344 942 2379 urgetur
956 2332 1047 2369 ratio
1072 2342 1223 2378 accepta

269 2394 315 2420 ex
332 2383 472 2419 motivo
489 2383 746 2430 redemptionis
761 2382 860 2419 faeie
879 2397 939 2430 per
953 2383 1138 2419 Christum
1155 2395 1224 2418 me.

270 2434 464 2476 diatorem‚
478 2434 680 2483 respondeo
694 2461 706 2476 ,
723 2436 787 2483 qui
805 2434 912 2470 modo
927 2434 1093 2483 praedffiio
1110 2447 1128 2468 a
1141 2445 1223 2477 gra·

271 2484 321 2519 tia
334 2486 592 2531 praeveniretur
620 2497 662 2521 ne
683 2489 716 2521 in
739 2486 858 2524 Adam
888 2483 1062 2532 peccail‘et
1090 2485 1224 2521 collata

271 2537 400 2582 utique
423 2538 472 2572 ob
486 2539 617 2574 merita
640 2537 777 2573 Christi
804 2537 1011 2575 mediatoris
1028 2563 1038 2578 ‚
1058 2536 1087 2572 is
1109 2539 1226 2572 maxi-

270 2596 328 2621 me
345 2585 546 2632 indiguisset
564 2588 711 2623 Christo
725 2614 737 2629 ‚
763 2597 802 2622 ut
831 2588 1058 2633 redemptore
1076 2613 1085 2623 .
1119 2586 1226 2634 lpse„

270 2636 364 2672 enim
381 2662 393 2678 ‚
420 2637 567 2674 sicuti&
587 2639 702 2674 caeteri
718 2664 730 2680 ‚
758 2636 989 2673 contraxisset
1017 2639 1226 2683 originales

272 2698 462 2734 peccatum
476 2714 488 2730 ,
518 2689 655 2729 virtute
669 2689 873 2724 communis
887 2689 1227 2736 propagationis,ni.

271 2737 295 2772 si
315 2737 696 2785 fuiffetptoeventus&
718 2737 956 2786 praeservatus
988 2750 1050 2785 per
1072 2741 1226 2784 gratiam

271 2788 483 2824 mediatoris
498 2815 507 2824 .
523 2792 563 2826 Et
579 2789 889 2837 quemadmodum
903 2790 962 2825 alii
978 2788 1128 2825 Christo
1139 2791 1228 2826 indi-

270 2850 428 2886 guerunt
443 2867 454 2883 ,
479 2852 518 2875 ut
537 2853 599 2889 per
616 2842 740 2876 merita
755 2840 862 2888 ipsius
884 2868 894 2884 ,
912 2841 1158 2878 remitteretur
1177 2843 1228 2877 eis

268 2889 343 2937 jam
359 2891 586 2928 contractum
602 2902 791 2940 peccatum
805 2919 815 2932 ‚
846 2895 894 2928 ira
912 2893 961 2928 illi
994 2892 1109 2938 magis
1133 2905 1228 2940 opus

269 2952 346 2977 erat
376 2942 572 2978 mediatore
601 2943 843 2991 praveniente
856 2954 1045 2993 peccatum
1060 2969 1073 2987 ,
1096 2956 1140 2980 ne
1164 2946 1229 2981 ali-

271 2991 557 3041 quandoineffet
577 3019 589 3032 .

428 3094 952 3136 ARTlCULUS
1008 3097 1076 3133 lv.

301 3196 441 3245 Utrum
460 3197 481 3233 fi
495 3198 626 3245 aliquis
641 3199 677 3234 in
693 3197 848 3235 humana
873 3211 978 3235 carne
990 3198 1205 3240 formaretur

404 3247 645 3292 miraculose,
669 3248 900 3287 contraheret
915 3262 1102 3301 peccatum

655 3301 829 3347 originale
843 3326 852 3336 .

352 3396 484 3435 Doflor
499 3411 532 3444 3.
550 3399 631 3446 dist.
651 3411 680 3447 3.
699 3414 736 3452 q..
753 3413 784 3437 2.
804 3401 992 3453 utritfique
994 3402 1153 3454 scripti.

480 3449 522 3485 S.
542 3451 662 3487 Thom.
686 3465 715 3489 1.
732 3463 766 3487 2.
779 3464 813 3499 q.
831 3457 969 3491 ὅμανι.
983 3468 1020 3502 4.

389 3547 576 3594 Espondeo
593 3551 782 3588 dicendum
800 3580 810 3595 ‚
838 3552 919 3588 casu
946 3568 1023 3602 quo
1053 3558 1135 3604 quis
1160 3570 1223 3605 per

404 3600 617 3636 miraculum
630 3600 879 3640 efformaretur
895 3618 905 3645 ;
919 3606 1050 3643 adeout
1066 3607 1224 3644 humana

277 3661 364 3684 caio
381 3649 463 3684 effer
477 3650 510 3683 in
529 3663 572 3685 eo
586 3677 597 3692 ‚
624 3663 694 3686 non
711 3653 873 3688 traduE‘ta
906 3668 967 3702 per
998 3667 1226 3694 communem

276 3699 593 3747 propagationem,
609 3697 664 3736 scd
679 3703 821 3739 aliunde
834 3707 983 3740 exotico
998 3719 1114 3743 rerum
1127 3709 1226 3742 ordi-

278 3762 321 3786 ne
332 3760 477 3796 accepta
495 3763 505 3790 ;
522 3750 597 3788 fore
616 3763 655 3787 ut
671 3765 740 3789 non
753 3754 980 3791 contraheret
996 3758 1137 3803 culpam
1150 3759 1225 3794 ori-

276 3802 431 3847 ginalem
456 3825 465 3834 .
493 3801 682 3848 Siquidem
697 3816 734 3839 ut
750 3815 844 3851 patet
859 3817 904 3840 ex
920 3805 1023 3842 dietis
1044 3817 1117 3843 art.
1137 3821 1165 3843 t.
1180 3808 1225 3845 (ς’

272 3853 426 3900 praeced.
454 3850 572 3887 Adam
606 3856 741 3903 accepit
767 3852 941 3900 justitiam
975 3869 994 3891 a
1011 3857 1091 3894 Deo
1108 3870 1172 3907 pro
1191 3857 1222 3895 sc

2067 190 2167 247 287

1283 250 1426 297 suisque
1441 250 1590 297 posteris
1603 253 1773 287 omnibus
1784 277 1796 292 ‚
1821 251 2002 287 ordinaria
2017 256 2075 289 via
2102 267 2234 302 propa-

1285 303 1438 349 gationis
1451 300 1644 345 gignendis
1659 330 1667 344 ‚
1682 303 1715 338 8(
1731 300 1952 336 descensuris
1968 327 1976 337 .
1991 304 2059 340 Pro
2075 306 2128 340 his
2145 317 2232 350 ergo

1282 353 1460 388 duntaxat
1475 349 1650 396 justitiam
1667 365 1750 388 cum
1769 353 1959 398 accepill'et
1979 355 2009 389 ἃ
2026 368 2090 400 p·o
2106 355 2228 391 iisdem

1284 402 1427 450 praecise
1442 403 1607 448 amittere
1621 403 1741 451 potuit
1756 429 1766 443 ‚
1780 403 2018 438 &involvere
2030 417 2090 440 eos
2104 407 2231 441 debito

1283 453 1438 490 habendi
1452 454 1562 495 illam,
1580 455 1615 489 in
1627 466 1703 502 quo
1715 453 1841 495 debito
1853 452 2060 499 agnoscitur
2074 457 2230 503 dignitas

1283 506 1398 552 culpae
1426 505 1635 550 originalis3
1661 516 1725 552 pro
1740 504 1816 539 aliis
1829 514 1950 540 autem
1966 530 1978 546 ‚
2003 517 2068 552 pro
2094 508 2231 553 quibus

1284 567 1354 591 non
1368 565 1554 602 acceperat
1572 581 1582 596 ,
1609 555 1756 603 perdere
1775 566 1846 589 non
1859 557 1978 601 potuit
2006 584 2013 589 .
2045 558 2128 606 Q,
2144 568 2231 592 vero

1282 604 1534 642 efformaretur
1545 605 1656 644 homo
1674 617 1733 653 per
1746 606 1974 650 miraculum,
1989 607 2022 642 8(
2038 610 2127 642 citra
2146 619 2232 643 con-

1281 656 1437 702 grefl‘um
1457 658 1564 692 maris
1580 684 1589 700 ,
1614 660 1647 695 8<
1669 655 1927 693 foeminaehaud
1941 655 2154 693 descendere
2179 657 2233 692 di-

1281 708 1416 753 cendus
1429 704 1571 744 essetab
1587 710 1728 748 Adamo
1753 717 1815 754 per
1843 717 2073 757 communem
2101 721 2232 755 propa-

1280 760 1462 805 gationem
1475 786 1485 801 ‚
1510 772 1627 806 neque
1641 759 1758 807 Adam
1773 758 1891 805 putari
1906 757 2051 795 deberet
2065 757 2232 804 ejusdem

1280 812 1514 857 progenitor,
1526 813 1655 847 etenim
1672 820 1795 847 revera
1813 819 1884 843 non
1900 807 1981 843 esset
2000 822 2011 849 ς
2026 822 2112 856 ergo
2130 810 2163 844 in
2178 820 2232 844 ta-

1282 860 1364 897 lific
1389 860 1582 896 efformato
1610 859 1948 897 nontraduceretur
1976 859 2137 897 debiturn
2151 860 2232 907 pos.

1283 910 1602 957 fidendijustitiam
1615 910 1829 956 originalem
1845 935 1855 950 ,
1883 920 1947 944 nec
1962 911 2024 945 ulli
2037 913 2156 954 culpae
2173 911 2235 947 tali

1282 962 1326 997 de
1339 961 1443 997 causa
1461 960 1645 1008 subjecius
1661 962 1752 997 foret
1770 986 1778 995 .
1795 960 1934 1001 Verum
1950 963 2036 1007 quia
2053 962 2122 997 hoc
2138 960 2235 998 idem

1282 1012 1474 1059 quaesrtum
1487 1012 1730 1059 expendimus
1750 1020 1781 1056 3.
1795 1019 1831 1057 p.
1844 1022 1878 1057 q.
1901 1020 1954 1054 31.
1972 1022 2042 1048 art.
2060 1025 2094 1059 7.
2115 1012 2237 1048 decla-

1285 1073 1404 1099 rantes
1417 1064 1642 1111 quamobrem
1660 1061 1827 1109 Christus
1844 1073 1908 1095 non
1925 1066 2104 1100 Contraxit
2116 1071 2237 1107 pecca·

1282 1123 1359 1150 tum
1376 1113 1551 1160 originale
1572 1127 1582 1155 ;
1609 1115 1650 1149 ad
1666 1113 1755 1149 inibi
1784 1110 1879 1145 dieta
1904 1125 1969 1148 nos
2000 1114 2237 1159 remittimus,

1283 1177 1365 1212 quae
1377 1166 1435 1201 hic
1451 1165 1570 1201 forent
1584 1165 1619 1200 in
1633 1164 1792 1202 medium
1807 1160 2043 1208 producenda
2056 1190 2066 1201 .

1456 1263 1967 1315 ARTtoULth
2019 1265 2065 1302 v.

1358 1370 1499 1407 Utrum
1518 1368 1538 1403 si
1553 1366 1670 1406 Adam
1690 1380 1759 1404 non
1779 1370 1976 1417 peccasset,
1992 1369 2063 1403 Eva
2079 1379 2164 1416 pec-

1435 1429 1541 1455 cante
1579 1417 1643 1463 filii
1683 1422 1859 1465 originale
1899 1429 2092 1470 peccatum

1625 1471 1877 1509 contraherent
1902 1498 1913 1509 .

1387 1571 1526 1610 Dorta-r
1537 1572 1619 1610 lucis
1649 1573 1689 1608 in
1709 1577 1871 1620 margine
1880 1577 1941 1610 cit.
1960 1572 1999 1611 S.
2021 1571 2146 1609 Thom.

1598 1636 1629 1658 1.
1645 1634 1679 1669 2,
1693 1636 1727 1681 q-
1743 1626 1801 1660 81.
1817 1634 1882 1662 art.
1903 1637 1936 1672 ς.

1292 1721 1327 1798 ς
1355 1722 1374 1778 7
1409 1724 1556 1762 identur
1580 1723 1711 1772 posteri
1738 1726 1846 1773 primi
1875 1729 2036 1774 parentis
2071 1721 2247 1762 nascituri

1416 1777 1569 1811 obnoxii
1582 1776 1698 1822 culpae
1713 1778 1904 1823 originali,
1934 1777 2067 1814 etiamst
2085 1786 2155 1812 non
2172 1772 2245 1820 ipse

1285 1825 1345 1861 sed
1362 1829 1434 1861 Eva
1448 1837 1593 1862 tantum
1608 1825 1783 1872 peccafl‘et
1798 1853 1806 1862 .
1823 1829 1963 1870 Etenim
1989 1826 2119 1876 posteri
2151 1824 2249 1861 Ada-

1288 1877 1336 1912 mi
1357 1878 1536 1913 intantum
1555 1877 1815 1912 contraherent
1844 1889 2031 1925 peccatum
2053 1876 2248 1921 originale,

1285 1927 1322 1963 in
1347 1939 1527 1974 quantum
1556 1927 1590 1962 in
1617 1939 1659 1962 eo
1684 1929 1831 1964 fuerunt
1855 1941 2004 1970 omnes,
2028 1927 2131 1975 juxta
2159 1926 2247 1961 illud

1287 1977 1416 2024 Apost.
1438 1989 1466 2013 r.
1482 1977 1524 2011 ad
1541 1979 1650 2013 Rom.
1668 1979 1709 2015 In
1720 1990 1787 2026 quo
1798 1991 1909 2016 omnes
1921 1986 2171 2028 pecca-vernum
2188 1976 2247 2012 sed

1286 2028 1593 2075 quemadmodum
1609 2028 1706 2065 filius
1732 2030 1928 2077 praeexistit
1946 2033 1981 2067 in
1995 2041 2095 2077 patre
2113 2055 2123 2070 ‚
2148 2029 2194 2063 ita
2214 2027 2249 2063 ἐξ

1288 2080 1324 2114 in
1343 2091 1456 2115 matre
1475 2093 1486 2121 3
1511 2092 1600 2126 ergo
1617 2081 1637 2115 fi
1658 2083 1732 2118 Eva
1748 2081 1922 2128 peccasset
1941 2109 1950 2124 ‚
1980 2081 2126 2120 Adamo
2146 2080 2248 2114 inno.

1286 2130 1441 2166 centiam
1465 2129 1728 2173 conservante,
1757 2131 1994 2168 nihilominus
2019 2132 2093 2167 nati
2122 2138 2250 2165 omnes

1287 2193 1479 2229 peccatum
1492 2182 1751 2218 contraherent
1769 2209 1779 2224 ,
1806 2185 1858 2218 uti
1879 2183 1986 2219 modo
1998 2182 2193 2218 nascuntur
2207 2179 2250 2214 il-

1289 2232 1505 2280 loirnpliciti
1525 2260 1535 2274 ‚
1559 2232 1608 2269 ob
1620 2242 1810 2282 peccatum
1825 2235 1928 2278 primi
1943 2234 2122 2270 hominis.

1389 2283 1667 2326 confirmatum
1693 2281 1782 2320 Non
1809 2283 1924 2320 solum
1957 2285 2101 2321 Adamo
2123 2282 2247 2317 datum
2284 2302 2348 2338 Μ32
2377 2301 2488 2331 2.sent.

1290 2331 1339 2368 est
1363 2344 1584 2380 preceptum
1615 2347 1685 2369 non
1707 2334 1836 2369 edendi
1863 2336 1906 2371 de
1933 2335 2113 2370 farez-ibus
2138 2333 2247 2368 unius
2282 2343 2369 2369 anta

2380 2355 2403 2369 1.
2424 2351 2488 2378 (Ἶρι

1291 2382 1446 2418 Arboris
1467 2410 1476 2422 ,
1501 2383 1558 2418 sed
1575 2394 1685 2419 etiam
1702 2387 1778 2420 Eva
1793 2383 1882 2429 juffa
1913 2385 1963 2421 est
1990 2384 2144 2432 idipsum
2173 2382 2240 2418 ser.
2282 2380 2355 2409 iliud
2376 2390 2487 2410 ‘¹¹⁴⁶'-

1292 2444 1378 2468 vare
1397 2460 1405 2473 ‚
1432 2434 1528 2469 unde
1545 2436 1576 2471 8(
1593 2435 1685 2470 dixit
1699 2435 1742 2470 ad
1760 2437 1956 2472 Diabolum
1973 2437 2182 2482 loquentem
2206 2434 2250 2468 li-

1293 2484 1330 2518 bi
1347 2485 1380 2518 in
1396 2485 1570 2530 Serpente
1587 2512 1597 2527 ‚
1619 2485 1810 2532 Defrufi‘u
1827 2498 1911 2522 vero
1925 2487 2013 2532 ligni
2029 2485 2185 2533 quodefl
2208 2484 2248 2520 in

1295 2535 1408 2570 medio
1422 2535 1751 2585 paradifipraecepit
1766 2539 1863 2574 nobis
1895 2540 1997 2575 Deus
2027 2550 2069 2573 ne
2095 2534 2250 2572 (οὺ-νεόε-

1294 2598 1432 2623 remus.
1452 2588 1546 2633 Ergo
1563 2588 1872 2633 quemadmodum
1907 2601 2008 2625 erant
2037 2587 2168 2636 posteri
2194 2587 2250 2633 gi-

1293 2638 1424 2684 gnendi
1444 2639 1478 2672 in
1497 2637 1565 2684 ipsa
1587 2664 1596 2676 ,
1620 2640 1666 2673 ita
1682 2652 1726 2675 eo
1742 2651 1923 2686 praecepto
1937 2639 2250 2683 adstringebantur

1294 2689 1456 2724 servandi
1472 2687 1646 2734 justitiam
1660 2692 1777 2725 datam
1797 2692 1936 2732 Evoe3&
1950 2689 2102 2737 proinde
2119 2699 2247 2724 omnes

1292 2751 1370 2774 eam
1385 2738 1616 2784 perdiderunt
1631 2741 1687 2775 illa
1702 2752 1872 2785 peccante
1886 2769 1893 2776 .
1916 2741 1984 2777 Etsi
2002 2741 2112 2787 igitur
2129 2739 2247 2775 Adam

1294 2803 1364 2826 non
1392 2788 1587 2836 peccasset,
1613 2803 1738 2827 omnes
1766 2793 1942 2837 originale
1980 2790 2246 2828 contraxissent

1294 2851 1442 2890 propter
1457 2843 1538 2876 [ινιτ
1557 2853 1745 2888 pecc-itum
1758 2870 1765 2879 .

1397 2892 1572 2927 preterea
1589 2919 1601 2935 ,
1628 2896 1697 2928 Eva
1713 2905 1904 2938 peccante,
1930 2892 1964 2928 8(
1984 2892 2128 2930 Adamo
2143 2891 2249 2939 justi·

1295 2946 1384 2980 tiam
1412 2943 1676 2985 conservante;
1703 2945 1846 2979 illorum
1894 2943 1959 2979 filii
1986 2944 2184 2991 paffibiles,
2207 2943 2245 2979 &

1293 2995 1460 3032 mortales
1473 2994 1715 3031 editifuiffent
1732 3023 1739 3030 .
1760 2995 1878 3032 Mater
1891 2996 1986 3030 enim
2009 2994 2149 3041 praestat
2175 3007 2249 3030 ma-

1296 3046 1421 3082 teriam
1437 3048 1471 3080 in
1487 3048 1721 3090 generatione
1734 3045 1904 3086 fitiorum,
1924 3058 1958 3080 ut
1973 3047 2021 3081 ait
2038 3045 2249 3093 Philosoph-

1299 3109 1335 3133 2.
1349 3095 1636 3143 degrneratime
1648 3098 1802 3134 esaim.
1822 3098 2019 3144 (apprimo
2035 3122 2043 3130 .
2062 3096 2164 3131 Mors
2188 3109 2253 3131 au·

1295 3158 1368 3184 tem
1386 3173 1396 3188 ,
1420 3149 1452 3183 8(
1471 3150 1587 3183 omnis
1606 3149 1810 3194 periibilitas
1825 3149 1987 3194 provenit
2004 3159 2049 3181 ex
2077 3147 2255 3183 necessita.

1298 3210 1333 3234 te
1347 3199 1526 3238 materiae3
1545 3198 1599 3233 sed
1616 3198 1821 3246 passibilitas
1835 3224 1845 3240 ,
1873 3200 1904 3234 8<
1923 3196 2098 3233 moriendi
2131 3196 2249 3233 ncces-

1298 3249 1381 3284 sitas
1400 3248 1479 3284 sunt
1493 3261 1604 3295 poenae
1622 3249 1988 3297 peccatioriginiiis3
2012 3259 2100 3292 ergo
2129 3248 2149 3283 si
2179 3251 2254 3284 Eva

1297 3297 1496 3350 peccasset,
1525 3311 1596 3335 non
1627 3312 1714 3335 vero
1738 3299 1886 3340 Adam;
1908 3297 1971 3334 filii
1998 3298 2254 3335 contraherent

1299 3362 1490 3402 peccatum
1508 3351 1683 3397 originale
1697 3377 1707 3388 .

1404 3401 1578 3437 praterea
1599 3430 1607 3444 ‚
1640 3401 1886 3437 Damascenus
1914 3400 1974 3438 hb.
1996 3412 2028 3447 3·
2056 3411 2131 3447 cap·
2154 3413 2183 3438 2.
2211 3399 2256 3439 (ΞΥ

1306 3465 1362 3491 12.
1376 3453 1463 3488 dicit
1476 3452 1649 3498 Spiritum
1664 3452 1836 3488 §anetum
1858 3451 2094 3499 superveniss‘e
2113 3454 2147 3488 in
2173 3451 2258 3487 Vir·

1301 3507 1446 3553 ginem‚
1476 3503 1520 3539 de
1547 3516 1619 3550 qua
1651 3503 1820 3539 Christus
1844 3514 1918 3539 erat
1948 3504 2083 3548 absque
2107 3513 2257 3549 peccato

1301 3555 1468 3599 originali
1483 3554 1687 3590 nasciturus
1704 3581 1715 3598 ,
1742 3566 1783 3589 ac
1797 3555 1960 3599 purgasse
1977 3567 2051 3588 eam
2065 3579 2073 3587 .
2088 3556 2175 3590 llcc
2192 3566 2259 3588 au·

1302 3616 1370 3643 tem
1385 3606 1552 3651 purgatio
1567 3605 1662 3640 haud
1680 3605 1871 3640 necessaria
1897 3605 1932 3640 fu
1953 3604 2010 3640 sl'ct
2029 3631 2037 3643 ,
2061 3603 2080 3637 si
2115 3603 2260 3640 infefftto

1303 3657 1384 3699 orig
1402 3655 1488 3689 nalis
1504 3657 1620 3701 culpat
1633 3668 1678 3692 ex
1696 3667 1805 3693 matre
1824 3668 1893 3690 non
1908 3655 2260 3697 contrahi-retum&-

1304 3703 1513 3753 goinfeeiio
1525 3707 1707 3753 originalis
1725 3708 1920 3754 peccarit-x
1945 3718 2055 3741 warte
2085 3705 2261 3746 tr..hitur;

1306 3769 1346 3793 ac
1374 3755 1523 3802 proinde
1552 3758 1624 3792 Eva
1651 3768 1844 3804 peccante.
1872 3768 2057 3800 preca-tun
2085 3757 2118 3791 in
2167 3757 2262 3793 lilios

1307 3805 1515 3843 traductum
1540 3805 1655 3843 suisset
1673 3833 1685 3849 ‚
1712 3808 1846 3844 etiamsi
1870 3808 1988 3844 Adam
2017 3810 2261 3844 innocentiam

1306 3854 1544 3895 conservass‘et
1558 3881 1568 3891 .

2104 3908 2210 3944 Con·
