2617 3991
145 1451 307 1483 DeleRatio

104 1500 161 1521 non
171 1493 208 1521 est
230 1492 255 1518 in
268 1490 308 1519 fa·

104 1532 199 1560 dione
212 1538 308 1567 quate.

104 1579 155 1600 uus
166 1569 250 1599 faeno
260 1567 308 1597 est.

434 60 534 113 134
972 58 1154 106 Summe

359 128 435 155 turn
452 137 464 156 a
502 147 506 152 .
533 132 543 160 ;
570 130 636 155 nec
653 117 769 157 tamen
782 118 829 156 est
844 120 1059 172 principium
1071 126 1197 173 agendi
1209 126 1296 172 lapi·

359 167 437 205 dem
462 172 502 206 ad
525 171 587 206 ubi
619 170 682 206 fibi
716 170 902 218 proprium
930 197 939 208 .
983 177 1063 211 Hoc
1092 202 1104 220 ,
1133 177 1296 223 inquam,

360 220 519 256 dicentes
550 220 717 256 videntur
744 222 977 269 probabiliter
1006 226 1167 271 opinari.
1199 227 1295 260 Nam

360 272 448 307 nulli
463 270 510 306 est
523 273 644 317 aliqua
668 272 860 308 causalitas
883 276 1105 312 attribuenda
1133 273 1297 323 ri-speeiu

361 321 534 361 alterius,
558 321 620 356 nsi
636 323 667 356 id
693 323 732 358 sit
750 323 896 359 eviders
924 337 968 361 ex
989 338 1115 361 natura
1154 328 1202 361 rei
1238 323 1295 360 vel

360 370 474 406 causae
490 372 545 406 vel
562 371 802 415 causati,nulli
817 376 922 410 etiam
938 376 1053 412 causae
1069 376 1230 423 neganda
1247 373 1297 410 est

358 420 716 469 perseeiacausalitas
734 436 744 464 3
764 423 826 460 tiifi
843 425 1021 462 manifeste
1043 437 1208 475 appareat
1234 425 1299 459 im-

362 470 534 519 perfefflo
546 471 765 511 causalitatis
780 475 814 510 in
827 487 890 517 ea;
915 489 991 512 nam
1009 489 1078 513 non
1093 476 1142 513 cst
1165 486 1295 521 negan-

359 522 445 557 dum
458 523 616 569 aliquam
628 535 790 560 naturam
816 526 1037 572 perfeflione
1058 537 1178 562 carere
1194 552 1205 568 ‚
1234 523 1297 561 nisi

359 572 543 609 evidenter
563 574 700 610 constet
724 601 734 616 ,
757 575 818 610 sibi
843 576 877 611 id
901 578 1053 614 attribui
1080 588 1150 612 non
1188 575 1297 624 posse.

356 624 470 660 Nulla
483 634 602 659 autem
620 623 766 661 videtui·
783 626 963 662 neceffiras
980 626 1153 662 asserendi
1173 629 1207 662 in
1234 627 1298 661 lia-

357 671 434 709 bitu
446 673 599 709 aelivam
615 675 858 711 causalitatem
873 676 1035 723 respeetu
1056 678 1158 713 aetus
1178 691 1189 718 3
1213 689 1294 714 nam

356 736 394 759 ea
409 723 699 771 circumscripta,
721 725 838 761 adhuc
863 725 1079 772 superessent
1094 727 1295 763 omnesillae

355 773 604 816 conditiones,
624 785 702 819 quae
725 773 886 811 habitum
921 777 976 812 vel
1007 777 1132 814 habitu
1156 776 1296 825 pollen-

353 834 425 859 tem
439 823 712 870 consequuntur
724 849 734 858 .
764 826 874 862 Nulla
887 826 935 862 est
952 829 1086 874 pariter
1111 827 1294 868 necessitas

353 873 538 910 auferendi
553 887 570 908 a
583 876 739 921 potentia
754 875 948 922 perfectam
972 879 1148 916 rationem
1169 878 1294 914 causa·

350 925 462 960 litatis
474 924 601 960 aaivae
616 925 775 973 tespcSlu
790 929 1041 974 operationum
1058 928 1139 976 ejus
1168 929 1214 964 sic
1238 939 1293 973 ut,

350 973 488 1010 nonnisi
514 975 675 1022 partialis
700 975 889 1014 causalitas
915 979 978 1016 fibi
1003 992 1206 1029 competere
1239 980 1293 1016 di-

349 1035 480 1064 catur3
507 1036 592 1072 ergo
604 1038 676 1063 non
690 1025 740 1062 est
754 1028 876 1075 aliqua
892 1030 1008 1067 activa
1021 1031 1210 1069 causalitas
1228 1029 1292 1070 ha·

349 1071 442 1112 bitui
459 1077 689 1113 attribuenda
705 1103 716 1113 .

449 1125 492 1160 Et
505 1126 649 1172 quidem
664 1127 909 1173 conditiones,
935 1142 1015 1177 quae
1028 1131 1193 1169 habiturn
1207 1144 1294 1171 con.

346 1172 445 1221 sequi
462 1176 696 1220 perhibentur
710 1206 722 1222 ,
749 1192 877 1227 nempe
887 1181 1044 1226 faciliter
1059 1187 1213 1232 operari,
1228 1185 1289 1219 de*

342 1223 556 1263 leflabititer
567 1255 578 1270 ‚
598 1238 756 1278 prompte
769 1259 776 1269 ,
800 1240 908 1278 atque
923 1235 1086 1280 expedite
1102 1237 1201 1271 nullo
1216 1237 1246 1273 fe
1255 1247 1290 1274 rc

344 1279 495 1324 ,negotio
510 1276 636 1317 salvari
651 1293 787 1330 queunt
805 1295 851 1318 ex
882 1283 955 1332 ipsa
967 1284 1114 1322 babitus
1140 1290 1289 1324 inclina-

343 1331 442 1364 tione
460 1351 472 1369 ‚
497 1341 605 1376 quam
633 1334 762 1368 tribuit
791 1335 964 1380 potentioe
991 1348 1030 1372 ut
1054 1336 1103 1373 est
1145 1338 1288 1386 praecis'e

342 1380 561 1425 operationis
575 1385 757 1428 receptiva
783 1409 793 1419 .
823 1384 865 1419 Et
884 1385 1076 1422 delectatio
1095 1387 1173 1425 sane
1200 1389 1288 1425 inest

341 1441 489 1478 propter
505 1433 748 1469 cond-tionem
765 1435 985 1482 recipientis,
997 1440 1054 1473 cui
1070 1443 1287 1477 convenietis

344 1479 475 1526 ei'tipsa
490 1485 655 1529 operatio
684 1486 718 1520 8<
749 1483 936 1530 objectum
949 1513 960 1528 ,
986 1490 1078 1524 circa
1095 1492 1193 1534 quod
1209 1504 1288 1527 ver-

345 1531 439 1567 satur
453 1557 462 1565 .
480 1535 678 1578 Nunquam
694 1537 785 1569 enim
800 1536 992 1573 delectatio
1006 1540 1101 1579 estin
1117 1542 1287 1584 factione,

341 1592 425 1630 quae
443 1583 586 1628 praecise
599 1585 706 1620 factio
720 1586 846 1621 neSed
859 1588 943 1632 quia
960 1591 1053 1623 actio
1066 1590 1114 1624 est
1128 1592 1162 1625 in
1176 1603 1286 1635 agen-

340 1643 374 1669 te
387 1658 398 1674 ‚
412 1632 477 1668 esse
495 1634 607 1680 potest
625 1638 719 1670 actio
734 1634 956 1672 delectabilis
978 1650 1128 1683 propter
1151 1652 1286 1677 conve·

339 1684 511 1720 nientiam
528 1686 664 1728 agentis
681 1685 722 1720 ad
741 1684 929 1731 objectum
956 1713 964 1722 .
999 1690 1104 1727 Hanc
1127 1701 1284 1729 auten-1...

337 1735 630 1770 convenientiam
661 1734 774 1781 potest
791 1736 951 1773 tribuere
968 1736 1011 1773 ha
1020 1742 1113 1776 bitus
1139 1753 1183 1776 ex
1199 1743 1284 1788 hoc,

334 1784 437 1833 quod
455 1786 602 1822 inclinet
631 1787 672 1823 ad
686 1787 863 1824 actionem
879 1787 912 1823 8<
940 1788 1131 1832 objectum
1149 1804 1160 1829 3
1185 1791 1283 1826 dele-

335 1836 513 1873 &labilitas
541 1847 629 1881 ergo
647 1848 717 1871 non
733 1837 885 1872 includit
913 1837 1084 1872 rationem
1112 1838 1282 1884 principii

333 1887 443 1924 aftivi
458 1913 468 1930 ,
482 1886 550 1922 Sed
567 1895 710 1923 tantum
726 1886 1010 1921 convenientiam
1026 1888 1192 1933 principii
1206 1888 1282 1935 pas-

334 1939 401 1976 {ivi
418 1937 460 1973 ad
473 1937 652 1973 aftionem
685 1938 718 1972 3<
752 1935 965 1982 objectum
990 1937 1098 1984 idque
1113 1939 1154 1973 ad
1170 1940 1281 1976 afflo-

334 2000 414 2026 nem
429 2014 441 2031 ‚
467 2001 548 2035 quie
572 1990 620 2026 est
638 1987 681 2024 de
710 1999 838 2034 genere
857 1988 1054 2036 Qualitatis
1069 2015 1079 2031 ,
1107 2001 1178 2025 non
1195 2004 1282 2028 vero

335 2038 380 2075 de
396 2051 526 2086 gruere
543 2040 710 2075 Aetionis
725 2063 737 2080 ‚
763 2050 843 2083 quae
858 2039 1038 2075 rel-itloest
1056 2067 1064 2075 .
1081 2040 1130 2077 At
1145 2054 1225 2088 qua:
1237 2043 1281 2080 de

333 2101 461 2136 genere
473 2091 674 2139 Qalitatis
694 2088 799 2124 Aelio
816 2087 865 2124 est
878 2087 982 2125 afficit
1000 2093 1194 2137 potentiam
1217 2096 1281 2129 lia.

332 2143 432 2177 bitus
450 2153 616 2187 capacem
632 2167 643 2184 ‚
670 2139 846 2174 inclinans
859 2152 934 2175 eam
949 2141 990 2174 ad
1006 2144 1111 2178 talem
1141 2155 1280 2188 actum,

333 2197 367 2233 8(
386 2196 429 2232 ad
441 2193 646 2234 obiectum,
659 2188 759 2238 quod
771 2188 820 2224 est
833 2188 912 2236 ejus
925 2194 1143 2238 operationis
1158 2206 1205 2232 tet
1217 2198 1279 2231 rni-

332 2257 431 2287 n1183
455 2254 581 2278 contra
605 2254 691 2278 veto
705 2252 775 2274 non
791 2251 917 2277 ornata
931 2241 1054 2278 habitu
1073 2247 1278 2289 potentiae,

331 2298 469 2334 nonita
488 2294 549 2329 sibi
563 2292 735 2329 convenit
751 2293 973 2333 operatio‚ut
987 2295 1078 2328 circa
1092 2294 1277 2339 objectum

331 2347 552 2383 conveniens
571 2341 733 2378 versatur
748 2364 760 2381 ‚
789 2352 852 2377 nec
867 2342 1014 2389 perinde
1028 2346 1221 2382 inclinatur
1233 2348 1276 2383 ad

330 2407 451 2434 actum
467 2394 686 2430 conveniens
700 2391 933 2435 attingentem
947 2393 1133 2441 objectum
1150 2424 1162 2431 ,

433 2446 495 2484 Ad
514 2444 700 2480 secundam
732 2440 975 2480 conditionem
1004 2446 1102 2491 quod
1132 2447 1277 2492 attinet,

331 2497 521 2534 difficultas
537 2497 569 2530 in
588 2494 799 2540 operatione
812 2504 909 2528 exeo
921 2497 1052 2533 accidit
1068 2523 1083 2542 o
1107 2499 1206 2546 quod
1223 2511 1277 2535 re-

329 2549 516 2596 ceptivum
542 2545 762 2592 operationis
785 2542 904 2581 minus
926 2545 1134 2593 dispositum
1153 2551 1201 2586 est
1233 2552 1276 2587 ad

331 2597 577 2646 recipiendum
592 2623 602 2638 ‚
625 2597 658 2632 8<
676 2607 748 2630 non
760 2604 901 2630 tantum
917 2609 962 2634 ex
975 2599 1115 2636 defefiu
1132 2604 1277 2640 virtutis

333 2651 459 2687 activa:
470 2662 479 2685 ε
492 2650 526 2684 Si
540 2659 627 2693 ergo
642 2647 862 2692 receptivum
879 2646 1085 2694 dispositum
1099 2654 1276 2700 intelliga-

329 2713 391 2738 tur
408 2728 418 2743 ‚
450 2699 566 2734 aderit
591 2697 742 2732 facilitas
766 2695 810 2730 ad
826 2699 1031 2746 agendum,
1055 2704 1274 2752 inquantum

330 2763 441 2799 agens
453 2751 549 2784 circa
562 2749 629 2784 talc
645 2745 780 2793 passum
799 2749 872 2791 agit
883 2776 894 2787 ,

434 2802 485 2836 lta
500 2809 650 2846 quoque
666 2796 708 2832 de
723 2797 958 2844 expeditione
993 2803 1027 2838 8<
1056 2807 1274 2852 proniptituae

330 2852 413 2889 dine
433 2865 444 2891 ;
467 2853 564 2888 Nam
581 2847 875 2894 impedimentum
891 2853 1072 2891 retardans
1088 2868 1197 2903 agens
1211 2860 1274 2894 in„

330 2902 471 2950 agendo
487 2899 554 2936 esse
573 2898 685 2945 pottst
699 2897 1058 2946 obindispositionem
1074 2907 1182 2950 ipsius
1198 2907 1275 2955 pas-

330 2955 354 2992 Ε
370 2982 381 2997 ,
395 2955 426 2989 8(
439 2951 652 3000 po·issimum
682 2961 765 2984 cum
790 2947 882 2984 idem
897 2952 946 2987 est
959 2965 1067 2998 agens
1083 2957 1116 2992 8<
1137 2962 1275 3003 patiens

329 3006 387 3042 vel
421 3003 591 3049 recipiens
610 3025 621 3041 ,
645 2999 778 3035 adeout
805 2998 918 3046 ipsum
942 3005 1083 3041 minime
1110 3021 1276 3057 prompte

330 3051 643 3102 operabitur,quia
662 3049 703 3084 ad
715 3050 935 3097 operandum
950 3054 1192 3102 indispositum
1208 3060 1274 3096 est.

330 3109 421 3144 Haec
443 3105 554 3141 etiam
580 3099 800 3146 indispositio
824 3112 894 3136 non
919 3102 967 3137 est
992 3108 1034 3141 ad
1063 3110 1274 3151 agendum

332 3157 470 3193 afflone
495 3154 539 3190 de
567 3163 696 3199 genere
715 3150 878 3186 aetionis
893 3179 904 3193 ,
926 3151 1038 3191 sedad
1068 3157 1268 3197 habendam

332 3208 506 3243 astionem
520 3203 565 3240 de
577 3213 705 3248 genere
716 3202 914 3249 Qalitatis
938 3217 946 3240 :
969 3206 1059 3242 nihil
1073 3211 1167 3245 enim
1184 3211 1275 3247 dici·

331 3269 392 3295 ω,-
408 3256 603 3291 formaliter
619 3254 757 3299 operari
793 3254 1006 3299 inquantum
1028 3258 1119 3295 elicit
1147 3272 1274 3304 ους-τεο,

329 3309 466 3345 tionem
485 3332 496 3348 ,
519 3304 575 3339 sed
590 3313 696 3349 prout
711 3304 835 3349 recipit
848 3318 922 3340 eam
936 3306 970 3341 in
986 3305 1018 3343 se
1030 3333 1039 3342 .
1060 3309 1192 3346 positio
1208 3314 1274 3348 ita-

329 3372 402 3408 que
414 3357 535 3392 dicens
548 3381 559 3397 ,
580 3354 744 3389 habitum
764 3354 858 3389 nulla
877 3357 1010 3402 pollere
1027 3360 1159 3396 virtute
1187 3362 1274 3398 affl·

328 3423 371 3445 va
387 3407 546 3453 tespefitu
560 3406 777 3452 operationis
811 3417 856 3442 ne
883 3409 1023 3452 partiali
1037 3410 1196 3457 quidem,
1215 3411 1271 3449 sed

327 3461 409 3506 ejus
425 3455 566 3493 causam
580 3454 819 3490 omnimodim
834 3457 901 3493 esse
917 3462 1113 3503 potentiam
1131 3488 1140 3505 ,
1170 3463 1273 3499 habi-

327 3502 405 3548 tum
423 3519 508 3543 vero
525 3507 674 3542 sormam
688 3506 867 3549 quantiam
884 3535 895 3551 ,
917 3519 987 3559 qua
1006 3511 1197 3549 inclinatur
1209 3527 1274 3561 po..

328 3562 440 3598 tentia
455 3559 580 3595 babitu
593 3568 718 3593 ornata
732 3557 770 3591 ad
786 3556 935 3593 formam
951 3561 1156 3599 ulteriorem
1182 3565 1271 3601 reci.

326 3610 491 3659 piendam
507 3637 518 3652 ‚
544 3608 603 3645 etsi
622 3620 692 3644 non
708 3605 746 3642 sit
764 3609 855 3648 ratio
868 3611 1062 3656 recipiendi
1077 3614 1172 3650 illam
1196 3629 1206 3657 ;
1230 3614 1273 3650 si-

326 3672 387 3697 cut
401 3662 555 3708 gravitas
568 3659 713 3695 inclinat
731 3658 875 3703 quidem
892 3661 1055 3699 deorsum
1069 3691 1079 3706 ‚
1103 3664 1177 3700 esto
1199 3679 1270 3702 non

327 3712 365 3747 sit
380 3713 470 3745 ratio
488 3712 669 3757 receptiva
686 3708 765 3756 ejus
784 3736 794 3751 ‚
819 3706 917 3758 quo'd
929 3711 976 3747 est
1002 3714 1065 3768 ‘ff'
1088 3715 1269 3760 deorsum,

1187 52 1378 123 Joannis
1407 57 1537 104 Dum
1565 57 1687 106 Scoti

1375 123 1435 161 scd
1463 129 1576 171 magis
1601 135 1763 174 corpuS,
1787 127 2004 174 inquantum
2028 129 2078 168 est
2103 136 2327 181 receptivum

1371 173 1526 263 Ἧειῴιε
1541 179 1604 215 ubi
1621 178 1769 229 :opinio
1781 204 1795 220 ‚
1820 180 1975 228 inquam
1989 208 2003 225 ‚
2030 182 2105 218 haec
2121 184 2325 230 probabilis

1368 238 1387 265 e
1431 250 1442 261 .

1476 273 1532 312 A'd
1547 289 1761 324 argumenta
1778 304 1789 315 .
1804 278 1864 319 Ad
1883 281 2037 330 primum
2053 283 2249 329 respondeo
2260 284 2323 323 fic:

1372 326 1538 364 Potentia
1559 356 1569 371 ‚
1591 331 1649 367 vel
1683 332 1828 378 pollens
1851 335 2010 378 potentia
2039 335 2156 372 utitur
2175 334 2325 379 habitu;

1371 379 1458 424 quia
1470 378 1543 425 ipse
1554 379 1602 416 est
1621 381 1790 429 quaedam
1805 381 1994 420 inclinatio
2005 383 2046 418 ad
2060 388 2325 431 operationem}

1371 439 1443 463 non
1455 430 1601 474 quidem
1615 443 1655 468 ut
1669 432 1834 477 potentia
1852 433 1970 470 affivn
1988 434 2032 469 ad
2047 447 2151 481 agere
2167 462 2178 478 ‚
2208 435 2266 472 sed
2283 447 2326 473 ut

1369 477 1481 515 forma
1498 482 1594 527 prior
1609 483 1760 518 inclinat
1774 481 1819 516 ad
1832 481 1977 524 formam
1992 485 2226 534 posteriorem
2237 512 2250 530 ,
2264 487 2324 524 uti

1371 531 1527 577 gravitas
1543 531 1588 564 ad
1603 530 1775 568 deorsum
1789 556 1802 568 .

1476 580 1532 617 Ad
1549 580 1744 618 secundum
1765 594 1777 624 ;
1793 582 1892 627 quod
1905 586 2068 632 procedit
2087 599 2131 624 ex
2141 587 2327 634 conditio?

1368 631 1476 668 nibus
1490 659 1501 674 ‚
1528 642 1609 677 quae
1623 633 1869 669 communiret
1883 634 2024 675 habitui
2054 635 2324 680 attribuuntur,⁴

1368 684 1472 728 Nega
1480 680 1607 724 ndum,
1620 694 1666 719 ex
1682 683 1733 719 eis
1744 683 1931 722 evidenter
1947 687 2067 723 inferri
2079 688 2224 724 habitus
2237 687 2328 724 aeti-

1369 744 1451 768 vam
1472 730 1718 769 causalitatem
1737 734 1771 770 in
1784 737 2012 779 operationes
2029 741 2195 784 potentia:
2221 739 2327 774 habi-

1371 792 1484 820 tuatae
1497 809 1506 819 .
1523 780 1618 820 Nam
1629 810 1645 827 ,
1672 794 1713 819 ut
1727 781 1972 831 supradifstum
1987 788 2055 823 fuit
2069 789 2263 827 delectatio
2273 788 2326 825 esi:

1369 843 1427 870 ex·
1444 834 1697 871 convenientia
1726 836 1947 883 operationis
1977 838 2020 872 ad
2050 841 2244 885 potentiam
2285 840 2325 876 δί

1370 883 1558 932 objectum
1579 886 1676 921 circa
1690 885 1790 932 quod
1819 885 1867 923 est
1878 889 2115 934 operatio:ea
2130 902 2221 926 vero
2233 901 2327 926 con-

1368 937 1550 986 venientia
1568 934 1618 972 est
1631 933 1772 982 objecti
1789 936 1832 970 ad
1851 949 1911 984 pot
1926 939 2060 975 entiam
2101 939 2321 987 inquantum

1364 988 1495 1034 recipit
1506 988 1687 1026 actionem
1701 1013 1712 1030 ,
1740 988 1773 1024 ἃ
1790 997 1860 1022 non
1875 1000 1982 1034 prout
1995 990 2089 1030 elicit
2101 1003 2194 1034 eam,
2207 992 2326 1038 quia..

1367 1037 1479 1074 factio
1497 1031 1570 1076 sola
1593 1048 1633 1075 ut
1646 1036 1757 1077 factio
1772 1064 1783 1080 ‚
1808 1050 1996 1092 nunquam
2011 1039 2060 1078 est
2074 1041 2322 1082 delectabilis;

1366 1101 1408 1124 ac
1424 1099 1613 1136 propterea
1627 1089 1733 1126 causa
1747 1089 2000 1129 delectationis
2014 1102 2243 1138 nonoportet
2261 1090 2326 1125 ad·

1373 1138 1510 1175 struere
1526 1140 1703 1177 rationem
1721 1140 2057 1188 principiiactiviin
2076 1141 2203 1177 habitu
2227 1162 2241 1175 -
2264 1142 2323 1179 Si·

1371 1191 1506 1226 militer
1543 1188 1758 1234 facilitatio,
1779 1192 1989 1237 expeditio,
2015 1193 2047 1229 81
2069 1191 2324 1241 promptitudo

1367 1250 1557 1290 ponuntur
1570 1240 1706 1279 ratione
1720 1241 1799 1289 passi
1817 1242 1927 1288 ;quia
1943 1243 2035 1279 enim
2050 1242 2188 1290 passum
2203 1240 2322 1290 potest

1369 1291 1561 1327 difficulter
1581 1293 1739 1340 recipere
1752 1318 1762 1331 .
1779 1303 1894 1343 quum
1919 1305 1990 1330 non
2008 1292 2059 1329 est
2091 1293 2320 1339 dispositum,

1368 1341 1403 1377 8(
1423 1340 1594 1386 impedite
1623 1341 1657 1377 8<
1674 1343 1774 1381 tarde
1789 1344 1844 1379 vel
1861 1354 1932 1379 non
1950 1355 2142 1391 prompte,
2167 1342 2320 1380 subinde

1367 1393 1505 1428 ratione
1522 1390 1809 1441 indispositionis
1824 1392 1902 1441 paffi
1917 1393 1966 1431 est
2002 1395 2038 1429 in
2061 1406 2232 1441 operante
2247 1393 2320 1430 dif-

1365 1441 1530 1485 ficultas,
1556 1444 1736 1488 tarditas,
1759 1445 1792 1479 ἃ
1821 1443 2069 1492 indispositi03
2094 1457 2182 1491 ergo
2206 1452 2317 1491 agens

1364 1493 1480 1541 potest
1517 1493 1687 1541 expedite
1704 1520 1715 1535 ,2
1746 1506 1911 1541 prompte
1929 1521 1941 1538 ,
1970 1496 2004 1531 8<
2031 1493 2185 1530 faciliter
2210 1504 2319 1538 agere

1369 1541 1664 1590 quotiescunque
1692 1543 1753 1578 sibi
1779 1544 1908 1590 praesto
1935 1543 1989 1578 est
2023 1543 2161 1589 passum
2185 1543 2316 1579 exafte

1360 1592 1572 1637 dispositum
1600 1593 1760 1629 Habitus
1791 1604 1914 1628 autem
1935 1591 1986 1627 est
2012 1591 2194 1639 ejusmodi
2231 1591 2317 1641 passi

1361 1640 1549 1690 dispositio
1562 1667 1572 1675 .

1464 1695 1592 1738 Quum
1609 1692 1722 1736 igitur
1745 1690 1917 1728 instatur:
1946 1695 2035 1731 Non
2049 1692 2099 1728 est
2120 1693 2314 1734 difficultas

1361 1741 1406 1777 ad
1422 1742 1632 1788 patiendum
1651 1767 1660 1781 ‚
1684 1741 1770 1786 quia
1785 1741 1920 1785 passum
1938 1742 1987 1778 est
2005 1742 2141 1779 summe
2167 1744 2314 1790 disposi-

1359 1803 1456 1827 tum.
1471 1790 1684 1832 Responsio,
1698 1789 1758 1824 etsi
1779 1803 1839 1838 pei·
1851 1794 2125 1838 abnegationem
2137 1795 2315 1843 contrarij

1358 1841 1407 1874 iia
1436 1838 1643 1887 d·spofitum
1663 1841 1916 1890 intelligatur:
1947 1854 2106 1880 attamen
2133 1845 2206 1883 tale
2239 1858 2313 1882 non

1358 1889 1408 1925 est
1438 1902 1498 1938 per
1531 1888 1796 1936 dispositionem
1826 1892 1887 1926 sibi
1913 1892 2150 1932 inhaerenrem
2179 1906 2315 1933 conve-

1359 1941 1493 1977 nientis
1518 1966 1527 1975 .
1555 1941 1765 1986 Exemplum
1791 1941 1835 1977 de
1865 1943 1963 1988 ligno
1979 1944 2074 1979 iiico
2101 1944 2136 1981 &
2166 1956 2312 1983 neutro.

1358 1993 1455 2027 Nam
1475 1993 1609 2037 lignum
1626 2003 1795 2027 neutrum
1819 2004 1903 2031 vere
1927 1994 2140 2038 intelligitur
2169 1994 2312 2034 summe

1356 2041 1567 2089 dispositum
1595 2040 1638 2075 ad
1666 2043 1823 2078 calorem
1860 2045 2042 2089 privative
2060 2071 2074 2091 ,
2103 2047 2189 2085 <iiiia
2212 2048 2311 2083 nulla.

1353 2090 1426 2138 jam
1447 2091 1534 2130 inest
1545 2092 1705 2138 opposita
1724 2093 1911 2132 disiositio
1930 2124 1939 2138 ‚
1956 2096 2011 2131 sed
2031 2107 2239 2134 tamennon
2257 2097 2310 2134 est

1353 2143 1487 2179 summe
1516 2142 1652 2190 dispost
1665 2156 1721 2179 um
1737 2145 1889 2188 positive
1901 2160 1963 2195 per
1980 2149 2227 2185 inherentiam
2243 2147 2309 2187 dis.

1352 2195 1537 2240 positionis
1563 2197 1813 2231 convenientis
1828 2222 1840 2238 ,
1869 2199 1990 2245 qualis
2009 2197 2057 2235 est
2074 2198 2210 2236 siccitas
2225 2225 2234 2235 .
2263 2199 2308 2239 Et

1353 2246 1373 2281 si
1392 2243 1567 2290 ejusmodi
1593 2247 1844 2282 convenient³a
1874 2248 2046 2287 instrut‘fta
2071 2248 2155 2285 esset
2182 2250 2304 2293 sensu,

1351 2296 1489 2340 lignum
1518 2296 1648 2331 siccum
1678 2296 1944 2335 deleehibiliter
1975 2299 2158 2336 calefieret
2185 2328 2195 2342 ‚
2223 2313 2307 2350 qua:

1356 2345 1549 2383 delchitio
1562 2345 1693 2383 abesset
1711 2349 1756 2383 ab
1772 2350 1871 2396 ligno
1888 2362 2017 2386 neutro
2031 2378 2042 2393 ,
2061 2351 2147 2399 quia
2166 2353 2304 2388 nonita

1348 2398 1575 2444 experiretur
1591 2397 1652 2432 sibi
1665 2402 1942 2437 convenientem
1959 2402 2089 2440 caloris
2103 2402 2252 2439 formam
2270 2403 2306 2438 in

1350 2449 1427 2496 ipso
1445 2459 1627 2495 receptam
1643 2475 1652 2484 .

1454 2499 1513 2536 Ad
1528 2502 1674 2535 tertium
1706 2500 1822 2542 potest
1855 2500 2063 2548 responderi
2086 2516 2131 2541 ex
2169 2503 2275 2539 distis
2290 2530 2301 2547 ‚

1350 2554 1495 2599 Nempe
1511 2549 1676 2586 habitum
1696 2554 1864 2589 inc'inare
1882 2583 1889 2593 ,
1906 2553 2215 2600 quemadmodum
2232 2555 2303 2591 for-

1351 2614 1406 2638 ma
1422 2602 1520 2649 prior
1552 2603 1699 2638 inclinat
1728 2603 1927 2639 subieetuni
1962 2603 2005 2638 ad
2036 2603 2298 2652 susceptionem

1350 2653 1475 2689 forma:
1499 2652 1728 2699 posterioris,
1767 2655 1817 2689 uti
1841 2652 2151 2698 exemplificatum
2177 2655 2225 2692 est
2256 2656 2301 2693 de

1348 2705 1527 2751 gravitate
1548 2703 1715 2742 trahen·e
1761 2717 1893 2752 corpus
1937 2704 2106 2740 deorsum
2135 2731 2144 2741 .
2176 2709 2218 2743 Et
2247 2719 2309 2749 ra<

1349 2767 1430 2790 men
1447 2757 1479 2789 in
1500 2754 1671 2791 sententia
1691 2757 1897 2803 aliquorum
1914 2767 1985 2791 non
2010 2754 2059 2791 est
2088 2756 2300 2803 ipsttgravi-

1349 2817 1404 2841 tas
1421 2806 1637 2853 principium
1652 2806 1808 2843 aftivum
1823 2805 2011 2842 descensus
2024 2808 2151 2852 lapidis
2162 2807 2204 2841 ad
2216 2819 2298 2842 cen·

1349 2866 1446 2891 trum
1488 2857 1544 2891 vel
1573 2858 1635 2895 ubi
1650 2857 1817 2893 deorsum
1831 2883 1838 2892 .
1854 2860 2092 2904 Necuportet
2106 2884 2117 2900 ,
2141 2858 2294 2895 formam

1351 2906 1400 2942 ita
1417 2906 1548 2953 passive
1563 2909 1793 2944 inclinantem
1811 2907 1879 2944 csse
1897 2909 2070 2943 rationem
2102 2908 2296 2954 recipieiili

1352 2957 1503 2996 formam
1538 2985 1548 3000 ,
1577 2960 1619 2994 ad
1636 2970 1745 3005 quam
1762 2961 1907 2995 inclinat
1929 2984 1940 3000 ,
1971 2960 2024 2994 uti
2046 2971 2110 2996 nec
2133 2959 2295 3006 gravitas

1351 3008 1401 3045 est
1414 3009 1629 3056 principium
1649 3011 1840 3051 recipit-ndi
1854 3012 1916 3047 abi
1934 3035 1943 3045 .

1452 3058 1508 3096 Ad
1530 3073 1701 3107 quartum
1721 3062 1911 3096 dicendum
1935 3085 1945 3101 ,
1967 3058 2161 3096 scientiam
2188 3087 2198 3102 ‚
2227 3069 2294 3104 per

1350 3119 1460 3154 quam
1473 3113 1589 3147 anima
1606 3111 1792 3148 reducitur
1813 3112 1855 3146 de
1877 3113 2041 3156 potentia
2060 3110 2233 3145 essentiali
2249 3109 2293 3144 ad

1352 3160 1602 3198 accidentalem
1646 3189 1658 3206 ‚
1705 3163 1773 3198 esse
1807 3161 1957 3205 speciem
1994 3161 2293 3204 intelligibilem..

1352 3211 1462 3254 ipsius
1480 3212 1613 3259 obje8ti
1633 3242 1642 3257 ‚
1661 3214 1767 3262 eique
1782 3210 1908 3259 speciei
1937 3212 2011 3249 fore
2028 3211 2292 3248 attribuendam

1352 3260 1506 3300 aelivam
1521 3265 1768 3300 causalitatem
1797 3261 1958 3309 respefftu
1970 3262 2225 3298 intellcffionis
2239 3263 2294 3297 ul-

1353 3321 1408 3345 tra
1422 3312 1581 3349 fatemur
1595 3340 1604 3348 .
1635 3316 1884 3352 Veruntamen
1902 3309 2034 3359 species
2052 3313 2129 3347 liaec
2153 3325 2224 3348 non
2241 3311 2292 3348 est

1352 3361 1501 3399 habitus
1518 3391 1528 3407 ,
1541 3364 1585 3400 de
1599 3377 1675 3410 quo
1687 3365 1788 3401 nobis
1800 3363 1848 3398 est
1867 3363 1982 3398 sermo
1996 3364 2038 3398 ad
2057 3363 2209 3409 praesens
2228 3377 2239 3403 ·,
2268 3364 2295 3399 is

1353 3414 1449 3449 enirn
1467 3414 1518 3450 est
1533 3417 1688 3462 qualitas
1703 3414 1871 3451 dereliaa
1899 3425 1943 3448 ex
1967 3414 2109 3449 afflbus
2126 3415 2293 3461 frequen-

1353 3475 1408 3499 ter
1433 3464 1561 3501 elicitis
1586 3493 1596 3502 .
1625 3471 1675 3505 At
1702 3466 1836 3512 species
1859 3464 2097 3510 intelligibilis
2125 3466 2293 3510 precedit

1353 3517 1563 3551 naturaliter
1579 3529 1733 3564 primum
1753 3514 1873 3551 :ie-‘ium
1890 3516 2052 3552 elicitum
2078 3518 2171 3551 circa
2193 3514 2296 3561 obje-

1351 3565 1450 3600 &um
1470 3592 1480 3604 ,
1508 3567 1542 3602 in
1558 3567 1657 3616 quod
1669 3565 1771 3607 est,8t
1789 3566 2015 3608 licetspecies
2029 3568 2105 3602 iiaec
2120 3567 2188 3603 esse
2210 3564 2297 3609 pos·

1354 3614 1403 3650 set
1418 3615 1574 3652 radicata
1592 3620 1626 3654 in
1643 3616 1823 3654 intellectu
1837 3643 1848 3659 ,
1880 3617 1915 3653 8(
1930 3629 2013 3654 cum
2028 3619 2136 3654 fuerit
2156 3617 2296 3653 radica-

1351 3676 1385 3700 ta
1420 3669 1590 3715 appellari
1616 3667 1889 3716 queatliabitus
1909 3694 1919 3710 ,
1949 3679 2022 3704 non
2037 3681 2156 3705 tamen
2172 3667 2219 3704 esi
2234 3668 2295 3704 lia·

1352 3718 1452 3753 bitus
1465 3744 1477 3761 ,
1506 3721 1568 3766 qui
1586 3718 1750 3765 gignitur
1764 3729 1806 3755 ex
1819 3717 1959 3757 afilibus
1977 3719 2243 3769 frequentibus,
2255 3729 2296 3756 ac

2163 3781 2247 3818 pro.

2360 1664 2513 1699 Dispositio

2356 1705 2459 1744 duplex
2475 1715 2525 1744 per

2358 1752 2542 1774 negationem

2357 1779 2489 1810 contrarii
2500 1800 2512 1815 ‚
2530 1783 2562 1811 ἔξ

2355 1827 2405 1857 per
2421 1819 2560 1857 positioni

2354 1859 2563 1889 convenientis·

2348 2499 2416 2535 Qua
2439 2500 2552 2530 ratione

2347 2537 2455 2567 habitus
2468 2539 2551 2567 incli-

2348 2585 2417 2604 nant
2446 2586 2549 2614 poten·

2346 2616 2415 2647 tiam
2422 2614 2526 2654 paffive
2536 2631 2550 2643 ι

2340 3157 2443 3189 Anima
2462 3168 2522 3190 non

2340 3205 2387 3234 per
2401 3197 2540 3234 habitum,

2337 3236 2384 3264 scd
2409 3246 2457 3274 per
2479 3237 2543 3275 spe-

2338 3283 2409 3302 tiem
2435 3272 2541 3304 iutelli-

2337 3313 2452 3351 gibileui
2463 3314 2542 3343 redu·

2338 3361 2410 3380 citur
2430 3352 2464 3380 de
2486 3361 2540 3394 po-

2340 3391 2427 3419 tentia
2451 3391 2540 3418 elien-

2336 3430 2397 3457 tiali
2408 3429 2441 3457 ad
2464 3430 2540 3458 acci·
2551 3453 2557 3460 t

2337 3467 2479 3497 deutalcm
2489 3486 2501 3498 ι
