2628 4043
132 2914 217 2945 prol.
232 2923 263 2954 q.
277 2922 335 2951 3.n.1

125 2962 180 2985 αι.

426 145 534 204 '104
975 148 1159 196 Summae

352 211 554 261 comparari
579 208 625 245 ad
649 212 851 258 potentias,
876 212 1079 250 ineffectus
1095 217 1136 250 ad
1164 217 1293 258 suam„

351 264 496 302 causam
512 273 742 308 comparatur
755 289 765 300 .
782 266 876 299 Nam
891 264 949 299 vel
962 264 1104 300 astibus
1117 264 1295 312 ejusmodi

350 315 680 368 praesupponuntur
692 340 703 356 ,
729 314 785 351 vel
798 314 819 349 fi
836 315 882 349 ab
895 316 944 350 eis
959 314 1045 352 fiant
1063 319 1148 352 utin
1161 319 1294 362 finibus

352 365 561 418 ptaestivutis
579 391 589 405 ‚
614 376 685 400 non
713 362 792 400 sunt
836 365 976 402 aetibus
1019 368 1073 403 vel
1104 374 1294 413 agentibus

352 416 631 457 convenientia,
659 416 714 449 vel
738 414 1040 453 disconvenientia
1064 418 1127 454 nisi
1159 424 1295 467 praevio

351 467 546 504 distamine
562 466 710 502 rationis
724 468 808 501 talia
829 468 1095 513 cognoscantur
1108 495 1120 511 ‚
1143 473 1178 507 8(
1213 487 1298 521 pro-

352 521 486 556 bentur
500 543 511 560 ,
534 529 593 553 aut
608 519 860 563 improbentur
872 545 884 556 ,
896 520 986 554 Sunt
1000 530 1088 564 ergo
1106 520 1206 559 fimul
1237 537 1298 566 ηε,

350 580 433 606 tura
448 580 529 603 cum
546 568 685 604 &tibus
703 567 803 614 super
816 569 897 615 ipsis
923 566 1191 607 transeuntibus
1208 601 1218 616 ,
1243 586 1299 613 atf-

351 632 424 668 que
437 620 480 653 ab
499 617 624 654 iisdem
651 617 803 664 speciem
833 619 1094 667 accipientibus
1109 634 1122 661 ;
1152 635 1301 672 propte:

351 682 465 718 quam
481 669 635 715 speciem
655 670 741 704 boni
768 680 829 705 aut
842 670 924 706 mali
953 670 1033 707 sunt
1061 682 1109 716 ex
1128 672 1297 720 objeffis,

353 733 395 758 ut
407 720 612 767 expolitum
629 718 678 754 est
694 743 703 753 .

458 771 519 808 Ad
548 768 741 805 secundum
766 779 865 815 patet
892 782 939 806 ex
963 771 1092 816 disti-53
1122 777 1218 812 Nam
1249 788 1304 814 res

355 833 489 859 etttraa
518 822 597 856 Deo
624 818 780 854 conditae
798 820 932 856 nullam
968 821 1055 858 dant
1080 821 1298 870 convenient

354 874 522 913 tiam‚aut
535 869 875 906 disconvenientiam
887 874 1028 911 actibus
1043 874 1204 913 bominis
1217 890 1305 925 prae.

357 934 412 959 ter
423 922 617 958 naturalem
631 946 643 962 ,
656 921 688 956 8(
702 931 804 965 extra
820 932 927 958 omne
939 936 1052 970 genus
1067 928 1301 968 moris-Tunc

357 973 451 1009 enim
464 971 589 1018 incipit
602 982 715 1015 genus
732 971 945 1009 moralitatis
960 974 995 1010 in
1006 977 1149 1015 actibus
1179 978 1305 1017 buma-

356 1025 416 1060 nis
427 1049 437 1063 ,
458 1033 539 1056 cum
555 1022 708 1068 primum
724 1022 860 1057 accedit
872 1022 1053 1063 dictamen
1067 1030 1230 1074 rationis,
1243 1030 1304 1078 Ju-

358 1074 483 1108 dicans
495 1071 658 1118 quaedam
672 1074 864 1109 convenIre
877 1077 973 1120 actui
989 1103 1000 1119 ‚
1014 1078 1047 1114 ἃ
1061 1083 1304 1130 agenti,quae.

356 1124 438 1159 dam
455 1121 706 1158 disconvenire
724 1147 733 1156 .
748 1124 788 1159 Et
801 1124 946 1171 quidem
963 1130 1154 1176 complura
1169 1127 1304 1171 conve.

355 1174 462 1210 niunt
476 1172 612 1207 homini
626 1170 818 1209 secundum
833 1174 902 1211 effe
917 1180 1075 1215 naturale
1088 1193 1215 1218 eorum
1228 1210 1240 1226 ‚
1255 1198 1304 1222 a..-

354 1225 490 1272 quibus
507 1234 623 1258 tamen
646 1224 736 1259 ratio
764 1223 895 1266 dictat,
921 1227 990 1263 eise
1016 1228 1304 1273 abstinendum..

355 1273 474 1311 veluti
497 1272 802 1310 disconvenientia
819 1277 946 1320 actui,
971 1289 1011 1314 ut
1033 1280 1176 1320 esttalis
1201 1297 1305 1332 agen.

357 1326 403 1361 tis
417 1350 427 1361 .
1261 1330 1264 1331 ⁷

457 1372 521 1431 Ad
530 1374 676 1431 tertium
692 1373 866 1427 dicimus,¹
894 1379 1024 1437 utique
1041 1383 1304 1430 perfectionem

357 1436 499 1461 omnem
513 1434 546 1457 tn
563 1426 707 1461 entibus
718 1437 839 1462 ortum
868 1427 999 1467 habere
1014 1445 1060 1469 ex
1090 1433 1214 1472 formis
1245 1451 1306 1473 eo-

358 1487 464 1511 rum,
491 1475 618 1510 Forma
633 1486 752 1510 autem
773 1476 870 1519 haec,
896 1492 978 1527 quae
995 1482 1045 1518 est
1067 1483 1309 1525 secundaria...

359 1525 539 1572 perfectio
554 1534 702 1561 actuum
718 1526 960 1565 bumanorum
973 1559 984 1574 ‚
1007 1533 1094 1570 idest
1110 1563 1121 1577 ,
1144 1549 1191 1574 ex
1216 1538 1305 1574 deli-

358 1576 546 1611 beratione
572 1578 843 1618 procedentium
872 1582 917 1617 ab
930 1581 1097 1627 bomine,
1127 1598 1196 1622 non
1222 1589 1310 1625 inest

361 1623 674 1672 ipfisintrins:Ctts
694 1654 703 1666 ‚
719 1627 776 1662 sed
793 1641 838 1663 ev<
852 1633 977 1665 multis
990 1633 1032 1666 ad
1050 1636 1145 1669 illius
1159 1633 1308 1680 integri-⁷

360 1686 472 1712 tatem
487 1677 789 1711 concurrentibus
804 1704 818 1726 2
832 1679 1014 1726 interquge
1030 1684 1186 1728 primum
1202 1687 1250 1722 est
1270 1698 1310 1723 ut.

361 1723 516 1761 transeat
531 1733 633 1758 actus
665 1724 769 1772 super
783 1731 1001 1767 conveniens
1019 1732 1205 1780 objectum
1233 1738 1309 1774 de„

362 1775 558 1811 dictamine
571 1774 717 1810 rationis
735 1789 841 1813 rectae
858 1805 869 1820 ‚
896 1791 934 1812 ut
952 1781 990 1814 fit
1007 1792 1149 1823 rectus;
1170 1789 1214 1820 ab
1240 1788 1310 1820 hoc

362 1836 449 1872 ergo
463 1825 593 1871 accipit
609 1822 758 1868 speciem
775 1830 924 1872 primam
943 1830 976 1863 8(
1006 1829 1156 1865 formam
1172 1858 1184 1874 ‚
1217 1834 1310 1869 unde

363 1874 452 1912 inest
469 1875 613 1960 actibflps
634 1875 809 1921 perfectio
843 1886 906 1920 aut
922 1877 1175 1927 imperfecti0‚
1200 1894 1313 1920 utex-

362 1925 549 1976 positume
593 1949 606 1970 ς
980 1931 983 1936 '

519 2026 1040 2069 ARTICULUS
1095 2033 1164 2071 ΙΙΙ.

366 2126 502 2164 Utrum
517 2128 609 2166 aetio
620 2128 779 2167 hominis
796 2130 833 2167 snt
847 2132 943 2167 bona
960 2157 973 2174 ‚
997 2133 1054 2169 vel
1068 2136 1160 2172 mala
1187 2149 1234 2175 cx
1249 2139 1319 2176 cir.-

717 2182 937 2218 cumstantiis
955 2207 966 2225 ρ

430 2281 563 2317 Βοὲἶον
573 2279 657 2318 Iocis
671 2291 744 2317 art.
751 2285 904 2329 praeced.
920 2288 981 2322 cit.
995 2288 1036 2323 S.
1047 2287 1198 2326 Thomas
1218 2301 1249 2335 r,

697 2341 729 2366 2.
745 2345 782 2381 q.
802 2336 854 2371 18.
870 2345 940 2373 art.
959 2349 989 2384 3.

489 2430 612 2469 ldetur
628 2433 722 2469 aetio
735 2434 892 2473 hominis
906 2451 977 2474 non
992 2440 1059 2476 effe
1069 2441 1162 2476 bona
1175 2444 1230 2480 vel
1245 2455 1320 2479 ma·

497 2483 527 2516 la
546 2495 590 2517 ex
613 2485 913 2536 circumstantiis,
942 2489 1000 2526 sed
1030 2504 1047 2526 a
1074 2490 1148 2526 solo
1172 2493 1319 2541 objefto

364 2535 511 2571 haurire
541 2534 738 2570 bonitatem
769 2540 824 2574 vel
857 2541 1032 2577 malitiam
1051 2576 1055 2582 ,
1084 2543 1224 2581 Etenim
1249 2545 1319 2580 cir-

364 2585 587 2622 cuml'tanti‘e
601 2585 766 2630 quaedam
783 2590 975 2627 relationes
990 2592 1093 2635 sunt:
1126 2593 1193 2629 Sed
1212 2596 1320 2632 boni·

364 2648 419 2672 tas
449 2633 615 2683 quaedam
644 2637 806 2683 qualitas
822 2639 896 2684 est,
928 2641 1123 2678 secundum
1150 2645 1319 2682 Philoso-

366 2688 478 2734 plium
498 2698 553 2721 11)-
568 2685 771 2735 Etbicwap.
790 2699 822 2723 2.
838 2689 1010 2728 &militer
1025 2695 1144 2729 virtus
1161 2695 1206 2732 est
1223 2708 1318 2744 qua.

365 2739 446 2774 litas
458 2750 502 2773 ex
517 2737 641 2772 eodem
655 2739 689 2772 in
706 2737 899 2777 Praedicam
916 2769 924 2778 .
953 2752 1027 2793 cap.
1044 2745 1109 2780 De
1120 2746 1244 2793 qualit}
1263 2758 1320 2782 er-

365 2801 414 2835 go
430 2789 531 2825 aetus
549 2800 592 2823 ex
611 2787 684 2823 solo
698 2788 844 2835 objeeto
865 2795 1058 2830 bonitatem
1075 2797 1128 2837 vel
1146 2799 1314 2838 malitiam

367 2841 577 2886 accipiunt,
605 2851 676 2874 non
696 2852 780 2875 vero
805 2854 850 2876 ex
866 2845 1162 2883 circumstantiis.

470 2891 656 2933 Praeterea,
672 2889 965 2928 Circumstantiae
977 2895 1142 2939 quaedam
1155 2899 1321 2934 acciden-

364 2941 416 2978 tia
435 2942 711 2986 sunt3quatenus
728 2940 916 2988 superaddi
941 2945 1192 2990 intelliguntur
1208 2949 1321 2984 aetio·

367 2994 474 3029 nibus
485 2992 654 3027 humanis
667 3018 679 3034 ,
699 3003 739 3027 ac
755 3004 942 3041 propterea
956 2997 1135 3031 conflatur
1152 3012 1195 3033 ex
1212 2999 1315 3034 utris.

368 3056 442 3091 que
456 3055 566 3079 unum
579 3054 644 3089 per
656 3041 823 3081 accidens
839 3057 850 3084 3
871 3044 942 3080 Sed
970 3046 1068 3081 nulla
1104 3046 1250 3084 scientia
1265 3047 1315 3084 est

369 3096 489 3142 primo
504 3093 546 3128 de
575 3105 756 3140 conceptu
776 3106 848 3129 uno
865 3107 928 3142 per
941 3095 1104 3131 atcidcns
1124 3110 1134 3137 ;
1159 3099 1243 3145 quia
1264 3110 1316 3133 ta·

370 3148 412 3183 lis
430 3158 469 3191 pr
486 3142 672 3191 .supponit
688 3144 866 3181 scientiam
885 3145 928 3181 de
946 3156 1100 3193 utraque
1114 3160 1214 3194 parte
1231 3162 1241 3189 3
1264 3161 1318 3183 er-

370 3207 419 3243 go
437 3195 579 3230 scientia
596 3197 737 3232 moralis
766 3208 828 3242 per
851 3194 882 3230 se
910 3207 983 3231 non
1013 3197 1212 3234 considerat
1245 3199 1314 3234 hu-

372 3256 498 3283 manos
528 3245 628 3281 aetus
661 3273 671 3288 ,
703 3259 743 3282 ut
768 3246 970 3282 afficiuntur
1001 3247 1284 3284 circumstantiis
1303 3275 1312 3283 .

368 3298 585 3333 Considerat
599 3308 718 3332 autem
737 3309 797 3344 per
815 3296 848 3332 se
863 3296 906 3331 de
921 3298 1082 3332 bonitate
1100 3300 1134 3334 8<
1181 3301 1315 3335 malitia

372 3348 520 3384 astitum
539 3346 780 3382 bumanorum
799 3374 809 3389 ,
833 3359 1015 3394 quatenus
1028 3348 1236 3385 conducunt
1256 3377 1265 3391 ,
1281 3351 1314 3386 8(

374 3399 558 3433 abducunt
572 3408 590 3430 a
607 3396 774 3432 felicitate
794 3411 805 3438 3
831 3409 918 3442 ergo
930 3409 1073 3434 tantum
1088 3400 1232 3435 bonitas
1249 3401 1315 3434 ob-

373 3448 508 3496 jeftiva
522 3474 530 3488 ‚
552 3458 633 3492 quae
648 3446 699 3481 est
711 3460 756 3482 cx
774 3460 903 3492 genere
916 3476 926 3492 ‚
957 3448 1051 3484 cadit
1066 3449 1129 3485 sub
1155 3451 1318 3486 conside-

375 3501 552 3535 rationem
569 3496 724 3533 scientim
740 3501 881 3534 moralis
899 3525 907 3534 .

479 3550 650 3584 Praeterea
671 3574 679 3589 ‚
704 3549 997 3585 Circumstantiae
1011 3549 1207 3586 adveniunt
1224 3551 1319 3587 at'tui

376 3598 624 3637 extrinsecus:
653 3596 708 3634 sed
726 3600 857 3635 bonum
871 3625 882 3641 ‚
917 3601 949 3634 8<
968 3602 1098 3636 malum
1119 3601 1248 3637 suntin
1268 3614 1319 3638 re-

377 3651 447 3686 bus
462 3676 471 3691 ,
501 3661 537 3684 ut
557 3650 602 3685 ait
621 3647 857 3691 Aristoteles,
885 3651 922 3686 6.
939 3651 1093 3698 metaph.
1107 3655 1144 3688 in
1159 3652 1240 3696 fine
1266 3665 1320 3688 er·

377 3711 425 3745 go
442 3702 486 3734 ab
502 3698 777 3735 circumstantiis
799 3713 868 3735 non
887 3701 934 3737 est
952 3701 1045 3736 aetio
1072 3703 1227 3740 hominis
1257 3705 1319 3739 bo-

384 3763 426 3786 na
456 3751 511 3784 vel
539 3752 651 3793 mala,
683 3750 887 3796 sedabipfis
902 3754 1032 3788 rebus.

484 3801 581 3836 Com
592 3814 642 3842 ra,
663 3802 877 3848 Dionysum,
890 3803 974 3848 4.de
993 3804 1125 3840 divinis
1137 3807 1325 3843 Nominib.

1192 136 1384 213 Joannis
1412 143 1544 190 Dum·
1571 133 1692 188 scoti

1373 213 1506 249 Bonum
1528 222 1574 247 ex
1588 220 1655 245 una
1669 208 1713 248 ὠ·
1727 216 1802 245 tota
1816 208 1922 258 calefit
1934 235 1946 252 ,
1966 207 2101 246 malam
2120 217 2243 246 autem
2253 205 2310 246 'ex
2327 208 2330 210 ’

1366 257 1652 309 particularibus
1667 259 1855 308 defhffikux
1870 289 1877 298 ,
1910 272 1986 296 tota
2001 287 2012 303 ‚
2029 261 2147 308 inquit
2161 286 2173 302 ,
2187 259 2310 303 causa,

1369 313 1439 348 hoc
1453 312 1503 350 est
1516 338 1526 353 ,
1551 313 1689 356 integra
1703 324 1751 348 ex
1765 311 2236 349 omnibus-circumstantiis
2253 335 2263 346 .

1476 362 1690 409 Respondeo
1703 362 1896 407 dicendum
1910 390 1920 405 ,
1945 362 2122 399 humanas
2154 360 2315 398 astiones

1372 411 1439 449 esse
1451 415 1563 449 bonas
1575 414 1630 448 vel
1649 414 1758 449 malas
1771 423 1818 450 ex
1830 415 2107 453 circumstantiis
2122 440 2135 457 ‚
2155 424 2237 460 quae
2250 414 2317 448 bo-

1374 465 1466 501 nitas
1486 463 1578 507 reste
1593 462 1753 511 specifica
1773 466 1972 512 appellatur
1989 468 2024 500 in
2041 464 2314 512 comparatione

1375 515 1419 550 ad
1433 516 1628 552 bonitatem
1642 527 1690 551 ex
1704 527 1834 561 genere
1850 542 1863 558 ,
1890 516 1932 550 de
1945 527 2017 562 qua
2030 515 2150 551 aetum
2163 513 2317 551 articulo

1371 566 1588 614 praecedenti
1604 590 1614 599 .
1644 568 1739 603 Nam
1757 566 2064 613 quemadmodum
2080 568 2116 602 in
2134 576 2322 613 corporea

1378 616 1613 664 pulchritudo
1626 616 1795 652 coalescit
1808 629 1854 652 ex
1872 615 2049 653 eoncursu
2065 618 2228 652 omnium
2241 626 2324 651 cor·

1378 669 1457 716 pori
1469 667 1762 705 convenientium
1780 692 1792 709 ,
1824 668 1857 703 8<
1874 668 1970 703 inter
1983 666 2039 709 se,
2061 679 2149 714 puta
2178 667 2328 714 quanti.

1378 722 1462 754 tatis
1475 746 1484 760 ,
1515 718 1647 762 coloris
1664 743 1675 759 ,
1703 718 1739 754 8<
1753 717 1878 765 figurae
1893 744 1906 760 ,
1927 718 2061 753 adeout
2088 718 2233 753 bonitas
2247 717 2325 751 haec

1383 768 1588 805 secundaria
1604 770 1768 815 corporis
1789 768 1828 804 sit
1847 766 2021 816 perfefflo
2043 768 2208 815 quaedam
2235 768 2326 803 inte·

1379 831 1480 865 grata
1497 846 1507 862 ,
1531 817 1591 854 seu
1603 819 1759 855 conflata
1776 830 1821 855 ex
1833 820 2003 854 omnibus
2020 819 2325 859 convenientibus

1379 872 1452 912 illi,
1468 870 1502 906 8(
1519 869 1581 906 fibi
1597 870 1751 906 invicem
1768 896 1778 905 .
1807 869 1957 917 Qibus
1971 868 2097 906 exaete
2109 880 2328 904 concurren-

1378 923 1477 958 tibus
1489 919 1643 969 perfesta
1657 920 1818 966 exsurgit
1831 919 2067 968 pulchritudo
2082 944 2095 965 ,
2120 920 2176 955 vel
2205 918 2332 955 secun-

1378 973 1476 1008 daria
1493 974 1656 1018 corporis
1669 971 1842 1019 perfeffio
1857 997 1869 1014 ,
1892 984 1910 1007 e
1922 982 2047 1008 contra
2061 982 2149 1008 vero
2161 971 2331 1010 omnibus

1379 1022 1632 1060 deficientibus
1658 1021 1706 1058 est
1735 1033 1866 1070 corpus
1893 1021 2050 1070 perfeEIe
2079 1022 2240 1058 deforme
2255 1047 2266 1062 ,
2294 1020 2329 1056 8<

1381 1076 1515 1112 malum
1529 1074 1565 1108 in
1579 1084 1622 1107 eo
1633 1084 1763 1117 genere
1776 1100 1787 1115 ‚
1816 1074 1850 1110 8<
1863 1071 2084 1120 quibusdam
2101 1071 2296 1108 subttaffls
2313 1097 2327 1114 ,

1377 1125 1428 1162 est
1444 1125 1576 1161 malurn
1592 1148 1604 1164 ,
1635 1123 1723 1160 idest
1742 1150 1753 1165 ,
1776 1135 1846 1159 non
1864 1123 2060 1172 pulchrum
2075 1150 2087 1167 ,
2111 1134 2152 1159 ut
2170 1121 2330 1163 deceret,

1377 1178 1427 1212 ita
1444 1174 1674 1211 consimiliter
1686 1175 1721 1210 in
1738 1174 1878 1210 aGtibus
1894 1174 2062 1210 humanis
2079 1202 2091 1210 ,
2117 1174 2166 1210 Ηῑ
2188 1174 2328 1220 quippe

1377 1229 1464 1271 tales
1480 1226 1558 1261 sunt
1576 1225 1610 1262 8<
1629 1224 1802 1261 dicuntur
1819 1225 1941 1273 quoad
1960 1226 2114 1273 primum
2138 1224 2331 1270 gradum-a

1379 1278 1594 1315 moralitatis
1609 1288 1759 1318 eorum;
1781 1289 1826 1312 ex
1838 1288 1880 1312 eo
1895 1276 1994 1324 quod
2007 1276 2052 1312 de
2065 1276 2228 1324 potentia
2239 1273 2334 1309 libe-

1381 1342 1419 1365 ra
1449 1328 1643 1371 deliberate
1669 1327 1864 1374 procedant
1880 1353 1891 1369 ,
1915 1327 1952 1362 8(
1979 1328 2182 1362 bonitatem
2214 1334 2333 1372 quan«

1380 1380 1519 1415 dimex
1534 1390 1663 1424 genere
1691 1377 1862 1413 hauriunt
1885 1389 1931 1412 ex
1953 1376 2099 1424 objeeto
2116 1400 2128 1420 ,
2153 1377 2172 1411 fi
2196 1385 2333 1412 conve·

1382 1431 1483 1468 niens
1498 1430 1537 1465 sit
1555 1427 1792 1474 agentijuxta
1805 1428 1983 1463 dictamen
2002 1439 2103 1463 rectae
2123 1427 2331 1467 rationis,ut

1382 1481 1466 1517 mali
1481 1479 1560 1515 sunt
1573 1480 1594 1514 si
1607 1477 1751 1524 objecta
1763 1478 2066 1515 disconvenientia
2082 1478 2215 1514 fuerint
2229 1485 2333 1524 agen-

1383 1534 1410 1568 ti
1432 1547 1439 1567 :
1456 1543 1570 1577 eaque
1585 1531 1723 1564 bonitas
1740 1541 1784 1564 ex
1801 1528 1950 1572 objecto
1969 1531 2002 1562 in
2014 1540 2115 1562 actus
2143 1528 2334 1562 derivata..

1385 1580 1578 1617 essentialis
1594 1579 1642 1612 est
1657 1607 1668 1614 ,
1683 1578 1824 1610 Verum
1841 1577 1925 1621 quia
1943 1576 2119 1610 Praeterea
2134 1581 2226 1610 ratio
2238 1586 2334 1610 recta

1384 1630 1497 1665 dietat
1515 1654 1522 1668 ,
1545 1627 1730 1672 complura
1745 1625 1811 1659 alia
1830 1635 2001 1671 oportere
2016 1626 2112 1660 aetui
2138 1627 2333 1667 convenire

1385 1691 1425 1715 ut
1441 1679 1480 1714 fit
1494 1677 1668 1723 complete
1679 1674 1797 1718 reettis
1812 1675 1841 1710 8<
1863 1677 1980 1710 bonus
1997 1677 2158 1710 bonitate
2188 1675 2330 1718 morali,

1385 1731 1530 1766 bonitas
1542 1726 1621 1772 ejus
1639 1726 1783 1759 moralis
1798 1725 1976 1769 completa
1994 1726 2163 1761 coalescit
2181 1738 2225 1762 ex
2243 1738 2332 1761 con·

1386 1778 1536 1813 sensu&
1554 1773 1811 1819 aggregatione
1835 1775 1998 1809 omnium
2022 1774 2084 1810 fibi
2113 1778 2334 1812 convenien-

1385 1837 1477 1861 tium
1490 1850 1502 1866 ‚
1524 1834 1596 1858 non
1607 1823 1769 1858 absolute
1784 1835 1828 1858 ex
1843 1834 1969 1858 natura
1989 1825 2088 1860 aetus
2109 1853 2118 1867 ‚
2146 1825 2203 1862 sed
2219 1826 2328 1872 jutta

1387 1875 1563 1912 dietamen
1578 1872 1679 1908 reetae
1692 1874 1840 1909 rationis
1869 1899 1878 1908 .
1905 1875 2213 1922 Quandoquidem
2243 1889 2333 1922 ergo

1389 1925 1486 1962 reeta
1498 1923 1589 1959 ratio
1610 1922 1723 1958 did-at
1741 1949 1752 1965 ‚
1777 1922 1951 1961 afflonem
1979 1925 2080 1972 supra
2111 1929 2332 1963 conveniens

1389 1974 1575 2022 objefftum
1589 1973 1831 2018 transeuntem
1844 1975 1922 2010 elici
1935 1987 2102 2023 oportere
2117 1987 2263 2024 propter
2276 1978 2338 2014 de-

1390 2029 1507 2063 bitum
1524 2023 1629 2060 finem
1645 2051 1655 2066 ‚
1669 2024 1866 2072 debitoque
1879 2027 1987 2061 modo
2002 2053 2012 2068 ,
2026 2038 2232 2074 opportuno
2247 2038 2339 2064 tem·

1391 2089 1503 2126 pore,
1531 2075 1565 2111 8<
1584 2086 1798 2112 concurrere
1815 2075 1946 2112 debere
1958 2078 2021 2112 alia
2038 2078 2074 2112 id
2085 2090 2198 2123 genus
2221 2091 2230 2114 ε
2257 2080 2337 2114 evi·

1393 2125 1541 2164 deusest
1557 2152 1568 2173 2
1582 2125 1674 2161 atqui
1687 2138 1731 2162 ex
1748 2139 1876 2175 genere
1890 2129 1985 2162 bono
2001 2129 2170 2164 accedere
2186 2130 2342 2165 ulterio-

1393 2191 1466 2215 rem
1480 2177 1680 2213 bonitatem
1698 2190 1742 2213 εκ
1762 2177 1941 2213 concursu
1959 2180 2236 2224 congruentium
2272 2181 2340 2222 cir.

1393 2227 1690 2265 cumstantiarum
1706 2255 1716 2270 ‚
1733 2229 1788 2263 uti
1803 2241 1848 2264 ex
1864 2230 2000 2265 malitia
2014 2228 2140 2276 majori
2154 2230 2208 2265 vel
2223 2232 2340 2274 mino-

1393 2281 1422 2327 ri
1438 2278 1569 2314 scatere
1587 2290 1649 2324 pro
1663 2279 1801 2314 ratione
1813 2279 1973 2316 defefflus
1984 2280 2176 2316 earundem
2196 2306 2204 2315 .

1495 2329 1551 2367 Aa
1569 2340 1781 2374 argumenta
1798 2356 1808 2366 .
1827 2329 1883 2366 Ad
1902 2333 2056 2377 primum
2075 2330 2273 2378 respondeo
2286 2329 2338 2367 se-

1391 2381 1552 2420 cundum
1570 2380 1799 2419 Aristotelem
1814 2405 1826 2424 ‚
1841 2392 1876 2427 7.
1891 2381 1997 2431 Phys.
2011 2395 2089 2419 tex.
2101 2394 2132 2417 c.
2155 2395 2210 2429 ¹7·
2226 2383 2258 2418 8<
2279 2392 2338 2419 20.

1395 2434 1530 2471 Virtus
1545 2434 1652 2468 omnir
1669 2431 1712 2471 (θ’
1725 2432 1865 2469 malitia
1880 2432 1929 2468 ad
1939 2433 2079 2482 aliquid
2093 2433 2183 2479 sunt
2196 2459 2207 2475 ,
2234 2432 2339 2469 astus

1392 2485 1502 2530 igitur
1519 2481 1585 2519 effe
1600 2483 1713 2519 bonos
1727 2509 1737 2525 ,
1754 2485 1809 2520 vel
1827 2483 1990 2527 vitiosos,
2007 2487 2178 2531 importat
2195 2484 2340 2518 relatio.

1392 2547 1475 2572 nem
1494 2562 1503 2577 ,
1529 2534 1584 2569 vel
1602 2535 1731 2570 multas
1758 2534 1976 2576 relatione53
2006 2535 2076 2572 Sed
2095 2546 2213 2571 tamen
2228 2533 2336 2570 babet

1393 2584 1543 2622 modum
1563 2584 1817 2622 denominandi
1835 2612 1845 2627 ,
1860 2587 1914 2621 vel
1931 2587 2143 2634 praedicandi
2161 2583 2339 2635 Qalica-

1391 2640 1438 2672 tis
1455 2663 1465 2679 ,
1494 2637 1581 2672 ficut
1601 2635 1722 2673 sanum
1741 2637 1773 2672 ἃ*
1791 2636 1981 2684 pulchrum
2000 2664 2011 2678 ‚
2034 2638 2067 2672 ἃ
2081 2638 2337 2672 universeita..

1392 2687 1495 2724 estin
1516 2688 1556 2722 iis
1574 2714 1582 2726 ‚
1609 2700 1688 2734 quse
1707 2687 1786 2723 sunt
1802 2699 1940 2733 quartae
1957 2686 2086 2735 speciei
2105 2686 2335 2737 Qlitatis.

1492 2738 1550 2775 Ad
1568 2736 1761 2774 secundum
1774 2736 1980 2780 dicendum,
1998 2739 2189 2774 Hominem
2205 2751 2251 2775 ex
2265 2738 2342 2773 ani·

1393 2801 1448 2824 ma
1462 2789 1495 2823 8<
1509 2800 1661 2835 corpore
1677 2790 1874 2824 conflatum
1906 2788 1973 2824 esse
1987 2801 2048 2836 per
2060 2788 2092 2825 se
2116 2787 2338 2834 objectum-2

1394 2839 1539 2882 moralis
1556 2838 1708 2874 scientiae
1723 2866 1733 2881 ,
1762 2841 1795 2875 8<
1821 2838 2008 2876 medicinae
2023 2851 2211 2888 propterea
2241 2838 2340 2885 quod

1396 2888 1646 2925 universaliter
1662 2890 1846 2925 contineat
1863 2902 1987 2927 omnes
2013 2892 2183 2927 veritates
2207 2889 2339 2926 utrius-

1395 2953 1466 2985 que
1482 2939 1634 2976 scit—mim
1648 2967 1656 2976 .
1672 2943 1767 2977 Nam
1782 2951 1914 2988 corpus
1926 2940 2121 2977 humanum
2139 2942 2341 2977 virtualiter

1397 2991 1550 3027 includit
1570 2992 1742 3026 rationem
1765 2991 2022 3028 sanitatiszideo
2033 2993 2124 3027 enim
2139 2990 2342 3029 sanitasho.

1398 3043 1501 3077 minis
1514 3040 1560 3077 est
1574 3042 1756 3087 talisjquia
1769 3054 1903 3090 corpus
1918 3044 2116 3078 humanum
2135 3042 2183 3078 est
2196 3043 2245 3079 fic
2258 3054 2342 3083 con·

1396 3093 1647 3138 plexionatum
1669 3113 1677 3121 ·
1691 3093 1860 3129 Similiter
1871 3095 1989 3130 anima
2000 3093 2154 3129 bominis
2180 3096 2343 3131 continet

1395 3143 1597 3178 virtualiter
1617 3143 1790 3178 ratiowm
1812 3143 1993 3180 felicitatis
2011 3146 2184 3181 naturalis
2203 3172 2211 3181 .
2231 3146 2344 3182 Unde

1397 3192 1638 3239 Philosophus
1658 3193 1823 3229 1.Ethic.
1835 3206 1879 3230 ex
1897 3196 2034 3230 ratione
2049 3197 2174 3232 animae
2200 3197 2346 3233 conclu-

1394 3243 1445 3278 dit
1463 3255 1627 3279 naturam
1650 3243 1830 3279 felicitatis
1847 3247 2017 3281 naturalis
2046 3245 2204 3284 hominis
2230 3273 2239 3283 .
2272 3248 2345 3284 Ars

1395 3295 1507 3339 igitur
1521 3295 1663 3329 moralis
1684 3294 1730 3329 est
1750 3295 2115 3340 habituscognitivus
2132 3298 2225 3334 circa
2243 3297 2347 3343 obje-

1395 3355 1494 3379 Ctum
1512 3345 1697 3391 operabile
1715 3357 1759 3380 ex
1775 3357 1902 3381 natura
1920 3349 1968 3381 rei
1981 3374 1991 3388 ,
2005 3349 2038 3382 8(
2057 3347 2196 3393 objecti
2237 3350 2327 3383 attin
2342 3370 2349 3380 .

1393 3395 1517 3439 gibilis
1535 3396 1661 3440 utique
1675 3407 1733 3442 per
1749 3398 1998 3443 operationem
2018 3398 2143 3434 animae
2169 3399 2348 3434 tendentis

1393 3446 1426 3480 in
1443 3444 1537 3480 suam
1556 3445 1764 3480 felicitatem
1784 3448 1984 3483 naturalem
2001 3460 2013 3489 ;
2029 3448 2062 3484 8<
2080 3449 2210 3484 nedum
2224 3450 2272 3486 est
2286 3461 2347 3485 co·

2193 3501 2302 3546 gniti-

1427 3557 1472 3590 (a)
1512 3555 1598 3588 'Hanc
1621 3556 1781 3587 bonitatem
1795 3566 1831 3592 ex
1857 3567 1958 3598 =genere
1973 3560 2096 3599 appellat
2119 3561 2162 3590 hic
2185 3562 2213 3591 S.
2223 3561 2355 3592 Thomas

1382 3594 1546 3634 [pet-astrum
1558 3615 1566 3623 .
1582 3596 1693 3639 DoGoRr
1706 3597 1805 3635 aspicit
1818 3597 1852 3626 :td
1864 3601 1921 3633 ejus
1932 3600 2168 3636 porentialitatem
2184 3600 2258 3638 quali
2270 3611 2356 3640 gene-

1391 3635 1449 3662 rica
1463 3645 1489 3662 m
1504 3635 1656 3672 appellatq.
1671 3637 1908 3674 inpervenientem
1921 3646 1955 3665 cx
1974 3638 2180 3667 circumstantiis
2204 3639 2356 3669 bonitatem

1391 3671 1556 3717 [luctificam
1571 3693 1578 3701 .
1589 3674 1640 3703 Sed
1653 3674 1768 3703 diverlis
1782 3676 1898 3703 vocibus
1912 3676 1983 3704 idem
2001 3676 2085 3705 subest
2100 3686 2251 3717 conceptus
2263 3677 2357 3711 realis,

1399 3712 1539 3750 quicquid
1553 3713 1612 3751 post
1628 3713 1796 3749 ancranum
1809 3714 1972 3744 cavillentur
1984 3715 2149 3750 Tbomfflae,
2158 3727 2228 3755 quos
2244 3715 2356 3750 subinde

1404 3750 1551 3789 redarguit
1567 3751 1691 3791 vasquez
1703 3771 1712 3786 ‚
1726 3761 1756 3780 ut
1767 3760 1826 3781 avr.
1837 3762 1862 3781 z.
1875 3755 2042 3783 notavimus.
2058 3755 2110 3784 Sed
2124 3755 2259 3790 signanter
2272 3764 2359 3783 vanus

1413 3789 1450 3816 est
1465 3789 1545 3817 labor
1558 3791 1694 3819 Valentia-
1709 3791 1776 3830 dtsp.
1788 3800 1816 3819 z.
1827 3801 1855 3828 q·
1872 3795 2026 3832 13.pun!?o
2036 3803 2062 3821 r..
2081 3788 2170 3822 Porfo
2183 3794 2222 3822 hs:
2234 3793 2357 3821 circum-

1406 3826 1511 3857 stantia:
1527 3829 1662 3858 vcrficulo
1675 3830 1728 3858 hoc
1741 3831 2016 3868 comprehenduntur
2028 3851 2037 3865 ‚
2058 3833 2138 3873 ,Quis
2150 3853 2160 3868 ‚
2174 3832 2260 3870 ,Quid
2270 3831 2352 3866 sthi,

1401 3866 1520 3904 QJ‘buJ
1532 3868 1650 3897 auxiu'it
1660 3887 1670 3902 ,
1694 3872 1751 3897 Cur
1762 3887 1775 3904 ‚
1787 3871 1931 3908 „fg-uomodo
1945 3889 1955 3906 ‚
1967 3873 2093 3909 Qando
2104 3886 2117 3901 α

2429 1048 2494 1100 (⁰)

2379 2815 2458 2845 Prol.
2470 2826 2498 2854 q.
2509 2824 2535 2852 3.
2545 2820 2568 2847 ο.

2378 2857 2431 2885 Ad
2456 2856 2568 2894 prim}

2374 2902 2530 2939 ‘rgumenlo

2373 2930 2566 3000 ’'GIZZffis

2379 3011 2406 3038 ἃ
2418 3020 2478 3049 ‹tl-4·
2489 3019 2514 3038 n.
2529 3016 2565 3043 ις,
2578 3019 2585 3031 t

2380 3050 2408 3077 &-
2419 3054 2447 3078 6-
2459 3047 2558 3085 metaph

2379 3097 2540 3127 qam-14·
