2628 4011
27 3441 85 3472 Effe
109 3446 225 3473 omnino

27 3482 53 3509 in
70 3483 147 3511 nobie
164 3484 224 3522 lege

25 3523 161 3554 naturale,
172 3531 227 3560 qua

26 3558 100 3586 nulla
112 3559 227 3588 infertur

26 3597 65 3624 vis
77 3598 181 3627 arbitrii
195 3598 226 3626 li-

27 3632 126 3663 bcrtati
148 3646 157 3670 ς
181 3636 225 3665 sed

26 3675 112 3710 magi<
124 3684 170 3711 per
182 3675 224 3703 le-

26 3720 89 3747 qcm
106 3712 174 3741 hanc
190 3714 224 3741 li-

26 3743 116 3786 bertas
140 3760 226 3792 regu.

28 3788 100 3815 latur
118 3807 125 3815 .

783 121 941 169 Tomus
965 122 1044 166 III.
1066 125 1192 171 Part.
1209 122 1265 174 II.
1281 122 1476 193 Qaestio
1494 124 1615 171 XCI.
1629 130 1726 181 Art,
1745 127 1805 172 II.

287 202 396 235 gatur
411 193 447 228 in
464 192 604 229 ambus
621 190 738 226 suisin
753 191 858 226 finem
875 214 888 233 ,
908 190 951 224 ad
965 201 1076 236 quem
1093 191 1152 227 sua
1170 195 1224 242 ip-

283 242 353 279 fius
369 254 498 279 natura
510 241 701 291 propendit
716 269 728 277 ..

345 341 608 383 :TERUM
647 339 1055 378 ARTICULUS
1107 341 1159 377 ΙΙ.

424 443 562 479 Utrum
577 441 615 478 fit
632 442 754 488 aliqua
784 441 845 477 lex
874 442 1049 478 naturalis
1065 467 1076 478 .

302 545 405 592 M1g.
421 541 680 583 eA'lexander.
696 555 729 590 3.
739 550 773 589 p.
786 556 821 591 q.
835 545 894 580 28.
909 556 954 578 m.
971 554 1001 578 r.
1017 541 1060 588 S,
1078 542 1200 583 Thom-

590 606 620 630 1.
639 606 674 629 2.
687 605 788 643 q.91.
802 603 875 630 art.
892 605 927 630 z.

396 695 516 732 ldetur
529 707 598 731 non
611 693 679 730 effe
693 693 880 735 astruenda
898 696 932 729 in
948 694 1051 729 nobis
1073 695 1223 742 aliqua„

406 747 463 782 lex
477 746 651 781 naturalis
667 771 679 782 .
708 749 803 788 Nam
823 746 1016 784 lexaeterna
1044 745 1094 780 est
1118 746 1224 781 nobis

271 798 484 835 naturaliter
497 794 671 844 impressa,
684 808 756 845 qua
771 793 970 839 judicamus
994 795 1115 832 omnia
1131 798 1222 833 inte-

269 849 362 883 riora
380 861 391 889 3
412 848 569 888 exterius
585 854 707 882 autem
719 847 894 881 habemus
912 846 1023 892 legem
1052 844 1219 893 scriptam

268 899 388 944 Moysi
400 923 411 938 ,
423 899 457 934 8(
478 897 753 944 evangelicam.
784 897 879 931 Cum
894 908 981 942 ergo
997 896 1073 931 haec
1087 900 1209 932 omnia

268 948 467 990 sufficiant,
498 958 631 983 vanum
647 948 698 982 est
713 958 845 994 ponere
869 947 974 982 aliam
1005 949 1118 994 legem
1147 960 1220 983 no-

264 1000 322 1036 bis
335 999 484 1034 inditam
502 1026 512 1041 ,
525 1011 606 1047 quae
621 1000 677 1034 lex
695 998 867 1033 naturalis
883 998 1022 1034 dicatur
1037 1019 1044 1032 .
1070 997 1216 1036 Alsum·

264 1060 367 1096 ptum
383 1059 479 1096 patet
493 1062 553 1097 per
568 1047 724 1093 August.
758 1060 786 1082 ῐ.
817 1048 861 1082 de
879 1049 939 1084 lib.
965 1050 1058 1084 arbit
1077 1061 1159 1095 cap.
1175 1049 1212 1086 6.

266 1100 318 1136 Ut
331 1101 518 1142 breviter,
546 1101 664 1150 inquit
683 1125 693 1139 ‚
715 1098 803 1144 legis
825 1107 960 1134 aeternae
975 1126 983 1139 ,
1011 1112 1088 1147 quae
1113 1098 1210 1136 nobis

265 1151 425 1198 impreffa
440 1149 494 1186 efl
509 1178 520 1193 ,
547 1151 714 1191 notitiam
728 1149 899 1194 explicem
917 1175 927 1190 ,
957 1150 1029 1185 haec
1040 1148 1089 1195 est
1106 1177 1117 1191 ,
1141 1161 1211 1198 qua

257 1200 401 1247 jus-lum
415 1201 467 1247 est
481 1226 493 1242 ,
513 1209 554 1237 ut
564 1199 758 1244 amniastm
771 1199 1024 1244 ordinatffima
1037 1225 1045 1234 .

368 1252 545 1288 Praeterea
577 1249 775 1287 Ecclefiast.
802 1249 892 1287 XV.
918 1251 1052 1294 legivur
1064 1277 1076 1292 ‚
1103 1251 1211 1288 Deus

265 1302 310 1338 ab
323 1300 429 1337 inicio
441 1302 624 1340 conflictae
638 1302 810 1337 hommem
823 1327 832 1342 ‚
860 1300 905 1339 &⁶
917 1302 1068 1347 reliquit
1079 1301 1211 1339 illum,

265 1354 306 1388 in
316 1363 424 1393 manu
437 1349 567 1399 consilii
585 1380 594 1393 ‚
621 1352 755 1399 adjecit
771 1352 940 1387 mandata
953 1378 964 1393 ,
985 1353 1030 1393 (9-
1038 1359 1212 1400 praecepta

256 1403 327 1450 fica
343 1429 352 1438 .
382 1406 435 1440 Ex
450 1403 639 1451 hypothesi
652 1414 771 1438 autem
788 1403 886 1448 quod
913 1414 1087 1450 praecepta
1111 1415 1212 1439 non-2

267 1452 376 1490 effent
405 1453 489 1490 data
503 1479 515 1496 ,
541 1454 628 1489 nihil
657 1453 741 1490 effer
768 1452 904 1489 homini
934 1465 1124 1500 peccatum
1136 1480 1149 1492 .
1174 1453 1212 1491 Si

266 1515 353 1551 ergo
369 1504 518 1543 liberior
532 1504 613 1542 esl'et
639 1503 825 1541 rationalis
852 1515 1015 1546 creatura
1043 1503 1212 1542 submoto

265 1566 416 1603 peccato
434 1583 444 1596 ‚
473 1557 559 1605 quia
576 1554 671 1603 poffe
686 1567 831 1603 peccare
848 1566 918 1590 non
946 1554 995 1591 est
1021 1555 1211 1600 libertatis,

267 1608 302 1642 8(
316 1606 352 1642 in
366 1608 521 1642 maxima
537 1608 701 1643 libertate
714 1605 902 1644 conditum
918 1605 968 1640 est
985 1605 1142 1642 hominis
1156 1620 1211 1643 ar-

267 1658 415 1692 bitrium
429 1670 440 1697 ;
455 1669 542 1703 ergo
554 1666 785 1692 contreatum
803 1669 872 1691 non
886 1656 934 1691 est
949 1668 1031 1691 cum
1048 1658 1127 1700 ille,
1143 1670 1211 1693 nec

266 1706 329 1742 fibi
354 1706 506 1743 inditum
533 1707 741 1742 mandatum
758 1733 767 1747 ‚
790 1719 854 1741 nec
885 1717 1105 1752 preceptum
1135 1722 1146 1749 ;
1172 1710 1206 1745 8(

266 1755 414 1792 subinde
428 1767 492 1792 nec
504 1757 561 1792 lex
575 1784 586 1798 ,
614 1756 720 1803 cujus
736 1757 773 1791 fit
792 1758 984 1803 praecipere
999 1769 1010 1796 3
1038 1769 1125 1808 ergo
1139 1771 1210 1795 non

265 1808 361 1848 adest
376 1807 439 1843 fibi
459 1808 514 1844 lex
529 1809 600 1843 ulla
613 1809 786 1843 naturalis
805 1833 811 1838 -

368 1859 729 1900 Praeterea,Liberum
743 1858 899 1895 hominis
913 1858 1098 1895 arbitrium
1112 1858 1214 1895 abso·

262 1911 378 1946 lutum
395 1909 443 1945 est
456 1911 501 1944 ab
514 1910 611 1945 omni
628 1909 849 1945 neceffitare:
883 1907 940 1943 sed
958 1909 1015 1944 lex
1039 1911 1213 1947 naturalis

262 1961 351 2007 ligat
376 1959 602 2002 neceffitate3
632 1972 718 2007 ergo
746 1959 923 2007 ejusmodi
953 1960 1012 1996 lex
1040 1962 1212 2001 minime:

261 2022 344 2047 cum
363 2012 476 2047 libero
490 2013 639 2047 arbitrio
653 2012 805 2047 cohaeret
821 2037 831 2046 .
863 2011 985 2046 Minor
1019 2023 1117 2056 patet
1148 2026 1210 2060 per

259 2062 624 2109 Augustinumsuper
635 2062 731 2097 Gen.
750 2064 811 2101 lib.
824 2075 857 2106 9.
884 2073 963 2107 cap.
996 2072 1052 2104 17.
1080 2064 1211 2100 Omnis

259 2122 400 2148 naturae
411 2111 651 2159 ult'tatiffimus
665 2113 786 2158 clcrfias
800 2113 908 2150 habet
919 2111 1088 2159 quasdam
1101 2126 1211 2150 natu-

259 2162 350 2199 rales
360 2162 451 2211 leges
459 2162 553 2207 ficas
568 2191 579 2207 ‚
606 2163 811 2211 sec-:tadum
826 2175 914 2212 quas
930 2163 1088 2210 spiritus
1104 2166 1207 2210 vitae,

259 2217 322 2262 qui
333 2223 474 2251 creatus
485 2216 532 2252 es}
543 2242 553 2257 ‚
582 2215 689 2251 habet
703 2215 868 2263 quosdam
892 2217 1070 2262 appetitus
1085 2214 1209 2253 deter-

256 2267 402 2301 minator
416 2293 427 2308 ‚
451 2277 534 2313 quos
548 2265 592 2303 ὠ·
607 2265 702 2303 mala
711 2265 874 2302 voluntas
885 2277 950 2300 non
978 2267 1087 2313 potest
1105 2280 1210 2303 exce-

257 2316 364 2353 dere.
389 2315 459 2352 Sed
475 2318 533 2353 lex
551 2342 561 2357 ,
589 2328 672 2363 quae
688 2328 759 2351 non
773 2314 887 2363 potest
902 2316 1026 2351 excedi
1039 2330 1058 2351 a
1077 2319 1219 2353 volun-'

258 2377 332 2402 tare
345 2365 427 2408 ‚est
440 2367 497 2402 lex
510 2367 747 2407 neceffitatis3
772 2379 857 2416 ergo
872 2367 930 2402 lex
947 2368 1119 2402 naturalis
1148 2368 1200 2404 est

261 2417 322 2454 lex
338 2414 548 2454 necessitatis
565 2446 577 2455 .

362 2469 534 2504 Praeterea
546 2495 554 2507 ,
580 2471 630 2506 Ex
645 2478 743 2518 parte
759 2469 877 2506 sensus
893 2481 965 2505 non
979 2469 1028 2505 est
1056 2468 1092 2505 fo
1102 2481 1206 2507 rma,
1224 2472 1233 2484 ’

259 2518 512 2564 aliquainnata
530 2532 700 2567 tanqua-n
718 2523 841 2565 regula
858 2549 867 2564 ,
890 2532 928 2556 ut
945 2531 1070 2557 natura
1104 2521 1209 2557 senfi-

261 2571 346 2605 bilis
359 2570 542 2618 perveniat
553 2572 595 2607 ad
615 2571 714 2607 suum
729 2570 834 2608 finem
851 2587 862 2614 3
887 2582 973 2617 ergo
990 2584 1053 2607 nec
1064 2584 1110 2608 ex
1128 2585 1214 2619 par-

265 2631 298 2655 te
313 2631 447 2656 naturae
470 2622 721 2659 inteneetmlis
738 2648 746 2663 ‚
781 2634 865 2659 cum
895 2620 961 2668 hec
989 2622 1027 2657 fit
1058 2623 1209 2659 sensibili

266 2674 372 2716 longe
387 2670 603 2719 prestantior
614 2697 624 2708 .
653 2675 728 2710 Lex
740 2684 859 2709 autem
873 2673 1048 2708 naturalis
1061 2675 1210 2720 ponitur

264 2733 306 2757 ut
320 2722 358 2757 fit
387 2722 509 2766 regula
526 2723 683 2770 quedam
701 2724 874 2759 naturalis
888 2750 896 2765 ‚
927 2735 999 2770 qua
1018 2725 1134 2760 anima
1149 2737 1211 2760 co-

263 2770 413 2817 gnoscat
426 2773 514 2819 quid
541 2773 745 2809 faciendum
766 2799 776 2814 ‚
800 2775 937 2819 quidve
968 2773 1180 2819 fugiendum
1200 2801 1211 2812 .

263 2826 361 2868 Ergo
371 2824 521 2860 talislex
535 2834 606 2860 non
625 2823 875 2861 estastmcnda
899 2826 934 2860 in
957 2836 1122 2865 creatura
1156 2839 1212 2863 ra-

264 2874 390 2910 tionali
403 2899 413 2909 .
1025 2909 1030 2915 ,

362 2925 503 2960 Contra
523 2952 532 2967 ,
560 2937 596 2964 2.
610 2925 654 2961 ad
670 2928 775 2963 Rom.
791 2923 884 2962 Cum
901 2927 1032 2964 Gentes
1060 2940 1137 2977 quae
1160 2929 1211 2965 le-

258 2985 417 3019 gemnon
427 2975 562 3011 habent
575 3004 585 3018 ‚
613 2977 834 3012 naturaliter
844 2989 885 3013 ea
901 3005 911 3019 ‚
937 2989 1012 3025 quae
1026 2978 1209 3025 legissem

253 3026 398 3072 sincium?
410 3051 420 3061 .
449 3026 573 3063 Glossa
594 3054 603 3069 ,
618 3027 680 3073 etsi
691 3039 756 3063 non
771 3028 902 3064 habent
917 3055 926 3069 ,
939 3029 1057 3075 inquit
1069 3054 1080 3070 ,
1099 3029 1209 3078 legem

256 3075 426 3121 scriptam
442 3103 453 3120 ‚
470 3078 597 3113 babent
610 3078 808 3113 naturalem
820 3087 938 3114 tamen
952 3106 961 3120 ,
973 3092 1045 3127 qua
1057 3082 1208 3128 quisque

260 3126 444 3172 intelligat,
459 3128 502 3169 &⁶
513 3126 576 3178 fibi
588 3128 737 3175 confi'ius
753 3129 913 3177 enquid
923 3127 1107 3172 bonum&
1117 3131 1209 3180 quid

259 3177 388 3212 malum
405 3204 413 3212 .
1127 3185 1129 3187 ’

359 3227 572 3277 Respondeo
588 3255 600 3272 ‚
625 3241 748 3265 revera
764 3228 872 3276 juxta
890 3229 1054 3277 Apostoli
1073 3230 1201 3267 aneio-t

259 3276 400 3312 ritatem
421 3304 430 3319 ,
458 3278 524 3314 effe
540 3280 574 3314 in
591 3281 694 3317 nobis
708 3281 821 3326 legem
847 3282 1042 3316 naturalem
1063 3307 1072 3317 .
1105 3285 1199 3318 Nam

259 3327 346 3362 ficut
356 3330 536 3373 cognitiva
549 3330 653 3367 habet
668 3329 846 3378 principia
860 3331 938 3366 veri
959 3331 1020 3367 fibi
1051 3334 1201 3368 innata„

259 3380 293 3415 8(
310 3378 490 3413 notionem
519 3380 660 3416 illorum
689 3382 950 3428 principiorum
966 3409 976 3423 ‚
1004 3393 1069 3425 ut,
1088 3383 1203 3420 Omne

259 3438 371 3464 totum
381 3428 435 3463 eff
450 3429 638 3475 majussua
648 3440 748 3476 parce
767 3444 778 3473 3
803 3432 847 3470 (θ’
873 3432 917 3467 de
929 3433 1083 3479 quolibet
1108 3433 1202 3481 affirq

259 3478 364 3513 matio
377 3477 435 3513 vel
448 3482 585 3526 negatio
600 3505 609 3514 .
636 3481 687 3515 lta
705 3483 739 3517 8(
757 3483 957 3529 ερρεῑίῑίνς
971 3487 1090 3530 regula
1107 3484 1203 3521 adest

263 3530 403 3567 innata,
429 3540 488 3574 per
503 3541 613 3575 quam
631 3532 812 3578 regulatur
838 3533 872 3568 in
899 3535 1034 3570 bonum
1054 3562 1065 3577 ‚
1087 3535 1121 3569 8(
1147 3547 1202 3571 re-

262 3579 380 3623 guiam
394 3578 482 3612 lianc
495 3577 716 3625 appellamus
733 3582 844 3633 legem
866 3586 1064 3622 naturalem
1081 3605 1092 3615 ·
1122 3586 1203 3622 Un-

262 3629 305 3663 de
318 3629 386 3662 loc.
405 3629 468 3663 cit.
484 3630 525 3664 ad
543 3631 652 3666 Rom.
669 3630 771 3676 super
784 3633 871 3668 illud
887 3659 896 3673 .
911 3634 1009 3679 Opus
1021 3634 1202 3681 16,ξίςήνὶ-

259 3687 360 3727 ptum
374 3680 411 3712 in
427 3678 668 3726 cordibuxsuis
681 3707 690 3717 .
721 3681 816 3720 Dicit
833 3683 958 3720 Glofl‘a
974 3685 1059 3720 idest
1079 3685 1202 3729 firmi-

264 3738 321 3764 tcr
345 3728 544 3776 impreffum
569 3732 703 3767 rationi
727 3745 876 3772 eorum;
909 3734 992 3769 dum
1006 3735 1074 3770 illa
1101 3745 1200 3783 opera

263 3778 410 3815 laudant
432 3806 442 3821 ‚
466 3780 828 3827 q.'exltxj1tbet‚il'a
851 3783 1016 3820 damnant
1038 3797 1111 3831 quic
1142 3787 1199 3823 lex

2108 144 2205 188 333

1298 191 1463 240 prohibet
1487 220 1494 227 .
1525 192 1621 229 Cum
1643 195 1754 240 igitur
1788 194 1821 228 id
1850 194 1891 228 fit
1913 201 2074 234 naturale
2098 203 2247 236 cuilibet

1303 241 1622 288 homini,quisque
1636 245 1696 281 fibi
1710 243 1908 291 impressam
1926 246 2037 282 defert
2054 251 2167 296 legem
2182 263 2245 285 na·

1305 294 1459 328 ruralem
1474 319 1484 329 .
1512 292 1652 328 Deinde
1665 295 1861 330 irrationali
1877 299 2099 343 creatureest
2120 303 2245 337 lexin-

1304 353 1414 385 nata,
1440 354 1515 390 qua
1541 343 1777 382 inflthuntur
1805 346 1839 380 8(
1864 345 2069 390 diriguntur
2097 350 2132 385 in
2157 352 2245 387 aeti-

1305 394 1372 427 bus
1384 404 1508 428 eorum
1523 419 1532 428 .
1563 395 1782 430 Prestantior
1800 394 1849 431 est
1865 406 1985 432 autem
1999 397 2052 432 his
2076 404 2243 437 omnibus

1302 444 1490 479 rationalis
1505 456 1830 493 creatura;oportet
1844 457 1932 490 ergo
1945 448 1977 483 8(
1993 448 2100 494 ipsam
2115 451 2244 486 instru-

1303 492 1396 528 &am
1410 493 1478 529 effe
1505 497 1657 531 naturali
1684 498 1788 542 lege,
1811 508 1882 543 qua
1906 498 2107 543 dirigatur,
2133 503 2166 537 8(
2194 513 2246 538 rc.

1299 545 1444 589 guletur
1460 545 1495 579 in
1511 545 1611 581 suum
1629 546 1733 583 finem
1751 570 1760 582 .

1399 594 1456 630 Ad
1485 608 1694 642 argumenta
1721 624 1728 634 .
1768 596 1828 634 Ad
1852 598 2006 643 primum
2035 600 2245 644 timendum,

1298 644 1386 689 legis
1399 656 1521 693 eterne
1546 649 1729 684 notionem
1755 649 1870 694 anim}¹
1891 648 2090 695 impressam
2105 675 2117 693 ‚
2145 654 2242 686 aliud

1295 706 1367 731 non
1381 694 1469 738 effe,
1494 709 1604 744 quam
1622 699 1820 734 naturalem
1838 699 1950 744 legem
1964 700 2024 746 ipsi
2043 701 2242 742 inditam&

1294 757 1447 792 eamque
1461 747 1726 785 similitudinem
1742 775 1753 790 ‚
1768 748 1803 783 3(
1822 749 2011 799 imaginem
2032 751 2139 798 ipfius
2156 754 2243 797 legis

1293 796 1417 844 divine¹
1435 797 1626 844 preseferre
1639 826 1647 835 .
1678 799 1784 836 Vnde
1798 800 1855 835 lex
1872 802 2047 837 naturalis
2065 801 2113 837 est
2143 804 2242 837 notio

1294 847 1378 894 legis
1391 859 1512 894 eterne
1525 850 1684 895 imprefl'a
1700 852 1818 897 anime
1833 876 1845 893 ,
1874 863 1914 887 ut
1929 852 2164 899 figilliimago
2180 863 2243 887 ce·

1292 910 1327 943 re
1345 898 1521 945 insculpta
1538 927 1549 942 ,
1574 900 1608 934 8(
1638 902 1695 935 lex
1732 900 1856 938 divina
1890 904 1946 938 vel
1966 913 2082 949 eterna
2111 902 2243 940 estim-

1290 948 1450 995 primens
1466 974 1476 988 ‚
1502 949 1561 985 lex
1578 952 1750 985 naturalis
1763 951 1812 986 est
1826 954 1946 999 imago
1959 952 2121 999 impressa
2141 979 2152 990 .

1390 997 1450 1033 Ad
1463 997 1658 1035 secundum
1682 1002 1886 1045 negandum
1916 1003 1965 1039 est
1979 1029 1990 1045 ‚
2017 1003 2167 1040 liberum
2186 1018 2242 1042 ar-

1289 1047 1437 1086 bitrium
1450 1048 1527 1084 fore
1544 1049 1693 1086 liberius
1707 1077 1718 1092 ‚
1743 1051 1765 1086 si
1780 1051 1864 1088 effet
1881 1053 2085 1090 absolutum
2100 1068 2117 1090 a
2134 1057 2243 1101 lega,

1288 1100 1323 1134 8(
1338 1098 1537 1135 mandatis.
1571 1104 1665 1139 Nam
1685 1103 1930 1141 lexnaturalis
1946 1116 2016 1140 non
2029 1106 2185 1141 detrahit
2204 1108 2242 1143 li-

1288 1150 1418 1185 bertati
1442 1150 1538 1185 illius
1555 1177 1566 1192 ‚
1592 1150 1648 1187 sed
1666 1153 1715 1188 est
1744 1155 1866 1199 regula
1887 1156 2059 1190 libertatis
2083 1156 2143 1203 sue
2160 1183 2168 1192 .
2196 1159 2239 1193 Et

1287 1202 1419 1246 utique
1454 1199 1548 1248 poffe
1577 1214 1725 1251 peccare
1740 1216 1810 1239 non
1843 1205 1890 1241 est
1903 1205 1991 1253 quid
2019 1205 2182 1252 speetans
2198 1207 2240 1242 ad

1286 1252 1487 1288 libertatem
1505 1279 1516 1295 ,
1543 1255 1629 1301 quia
1659 1253 1709 1291 est
1724 1253 1900 1303 ‘respetffiu
1912 1255 1992 1302 ejus
2014 1283 2024 1299 ,
2045 1258 2146 1304 quod
2171 1269 2243 1293 non

1285 1303 1461 1349 expedit,
1487 1316 1552 1339 nec
1568 1306 1667 1340 decet
1683 1332 1693 1346 ‚
1718 1306 1791 1340 imo
1808 1305 1855 1341 est
1871 1318 1995 1342 contra
2009 1319 2175 1343 naturam
2192 1319 2249 1346 ra.>

1285 1354 1454 1389 tionalem
1471 1367 1482 1394 3
1499 1355 1534 1390 8(
1553 1368 1596 1392 ex
1613 1355 1868 1403 suppositione,
1881 1357 1980 1404 quod
1999 1371 2069 1394 non
2083 1358 2164 1394 esset
2181 1359 2246 1395 lex

1284 1406 1457 1440 naturalis
1474 1406 1584 1442 indita
1611 1408 1728 1453 anime
1743 1434 1752 1448 ‚
1780 1407 1899 1443 adhuc
1918 1408 2026 1456 ipsam
2057 1409 2246 1446 dedeceret

1285 1454 1412 1491 subiici
1426 1458 1558 1493 vilibus
1571 1456 1851 1495 &inferioribus
1869 1458 1901 1494 se
1916 1485 1926 1500 ,
1942 1461 1994 1494 uti
2009 1459 2088 1495 sunt
2106 1459 2245 1496 sensua-

1284 1506 1364 1541 litas
1380 1533 1389 1547 ,
1417 1508 1448 1543 8:
1469 1519 1655 1554 peccatum
1669 1534 1678 1544 .
1703 1509 1905 1555 Regulatur
1917 1522 2036 1546 autem
2051 1523 2112 1558 per
2129 1512 2243 1556 legem

1284 1570 1326 1592 ne
1340 1557 1393 1591 his
1408 1557 1640 1600 subiiciatur,
1658 1560 1690 1594 8(
1709 1559 1790 1594 ideo
1803 1560 1859 1595 lex
1879 1559 1942 1595 fibi
1959 1560 2071 1597 indita
2088 1562 2211 1609 dirigit
2231 1586 2244 1606 ,

1282 1608 1317 1642 8<
1335 1610 1512 1653 gubernat
1532 1608 1611 1655 ejus
1625 1609 1827 1646 libertatem
1846 1636 1855 1646 .

1386 1659 1443 1696 Ad
1456 1660 1603 1695 tertium
1619 1659 1700 1694 dico
1717 1686 1728 1701 ‚
1748 1659 1797 1695 est
1815 1662 1971 1701 Quidam
1985 1662 2170 1710 appetitus
2185 1676 2239 1698 ra·-

1283 1709 1428 1743 tionalis
1445 1719 1587 1744 creatur
1600 1722 1617 1744 e
1637 1709 1903 1748 determinatus
1919 1739 1927 1749 ,
1944 1712 2033 1749 ficut
2051 1713 2177 1759 quiesi:
2191 1726 2235 1749 ex

1283 1760 1383 1804 p'arte
1400 1758 1505 1798 finis,
1530 1757 1659 1795 scilicet
1689 1763 1875 1807 appetitus
1907 1763 2139 1799 beatitudinis
2163 1791 2175 1806 ,
2207 1766 2240 1800 ἃ

1282 1809 1404 1844 odium
1431 1808 1576 1845 miseriae
1603 1821 1614 1849 :
1656 1810 1714 1845 lex
1750 1823 1836 1855 ergo
1869 1814 2041 1848 naturalis
2073 1818 2241 1857 regulans

1282 1857 1381 1895 hunc
1397 1861 1601 1907 appetitum
1619 1887 1629 1902 ‚
1643 1860 1692 1895 est
1710 1861 1819 1899 etiam
1837 1863 2021 1909 appetitus
2042 1865 2148 1911 ipsius
2166 1868 2241 1901 'non

1282 1909 1543 1946 determinatus
1556 1937 1567 1953 ,
1585 1910 1717 1952 scilicet
1735 1913 1931 1949 arbitrium
1949 1938 1962 1955 ,
1986 1926 2114 1960 potens
2134 1928 2243 1964 appe-

1283 1973 1358 1996 tere
1374 1988 1386 2003 ,
1416 1961 1449 1996 &
1466 1969 1541 1997 non
1557 1972 1724 2011 appetere
1741 1975 1886 2000 movere
1908 1966 1937 2001 3(
1969 1976 2040 2000 non
2068 1977 2213 2002 movere
2231 1993 2242 2009 ‚

1282 2011 1318 2046 8(
1332 2010 1511 2058 ejusmodi
1527 2014 1710 2061 appetitus
1723 2013 1969 2061 aciuutmejus
1981 2018 2105 2059 regula
2119 2016 2169 2052 est
2186 2018 2245 2052 lex

1282 2065 1455 2099 naturalis
1471 2091 1482 2106 ‚
1509 2075 1590 2110 quae
1605 2076 1676 2100 non
1694 2064 1744 2100 est
1774 2066 1830 2100 lex
1845 2066 2056 2104 necessitatis
2090 2092 2100 2100 .
2119 2068 2244 2113 anue

1281 2115 1388 2150 etiam
1418 2117 1513 2151 reeta
1530 2114 1662 2150 dicitur
1690 2116 1752 2151 lex
1766 2119 1937 2153 naturalis
1953 2143 1964 2159 ,
1993 2117 2140 2165 eoquod
2160 2129 2243 2154 cum

1283 2164 1357 2214 ipsa
1370 2177 1500 2202 natura
1518 2167 1620 2202 nobis
1636 2165 1749 2201 indita
1765 2166 1805 2204 sit
1817 2192 1827 2203 .

1386 2216 1443 2253 Ad
1456 2227 1629 2264 quartum
1657 2216 1853 2264 respondeo
1870 2246 1881 2262 ,
1910 2222 2046 2257 nullam
2075 2221 2142 2259 effe
2165 2224 2243 2259 illa-

1282 2265 1418 2303 tionem
1433 2279 1480 2303 ex
1497 2267 1553 2303 sen
1564 2267 1601 2304 su
1614 2266 1657 2302 ad
1673 2270 1723 2304 int
1736 2269 1906 2306 elleetum
1925 2285 1937 2313 3
1953 2285 2031 2308 nam
2046 2271 2126 2310 finis
2141 2273 2242 2310 senfi-

1281 2317 1366 2352 bilis
1392 2329 1529 2353 naturae
1591 2329 1661 2355 non
1684 2318 1950 2357 determinatur
1976 2323 2078 2371 supra
2105 2327 2211 2375 ipsam
2230 2353 2241 2368 ‚

1283 2364 1389 2402 sedin
1405 2366 1438 2403 se
1455 2391 1467 2410 ‚
1491 2368 1587 2404 unde
1618 2365 1764 2413 ipsemet
1791 2371 1840 2406 est
1862 2373 1924 2408 fibi
1950 2373 2030 2411 finis
2047 2401 2056 2410 .
2084 2378 2153 2413 Sed
2185 2391 2242 2413 ra-

1283 2418 1428 2453 tionalis
1459 2428 1634 2456 creaturae
1663 2417 1712 2454 est
1739 2419 1821 2457 finis
1845 2422 2106 2462 determinatus
2135 2428 2241 2475 supra

1286 2464 1430 2514 seipsam
1446 2495 1459 2514 ,
1475 2468 1781 2516 quemadmodum
1800 2472 1834 2508 8(
1867 2473 1968 2510 suum
1995 2478 2215 2525 principium
2228 2509 2238 2517 .

1283 2521 1408 2567 Qre
1420 2519 1527 2556 finem
1545 2545 1554 2559 ‚
1572 2520 1614 2555 ad
1637 2532 1746 2567 quem
1761 2522 1949 2561 ordinatur
1968 2552 1977 2567 ‚
2005 2525 2137 2568 habere
2165 2542 2239 2566 non

1283 2571 1401 2616 potest
1415 2583 1479 2606 nec
1496 2572 1528 2605 in
1548 2569 1581 2606 se
1599 2598 1609 2612 ‚
1635 2584 1699 2608 nec
1730 2572 1773 2607 de
1809 2573 1840 2609 se
1873 2586 1912 2611 ut
1947 2574 2116 2614 sensibilis
2139 2591 2241 2616 crea-

1284 2631 1367 2655 tura
1383 2648 1391 2657 .
1405 2625 1531 2667 Quare
1554 2623 1655 2668 quod
1673 2621 1721 2657 est
1737 2623 1800 2660 fibi
1813 2625 2026 2672 principium
2042 2654 2053 2669 ‚
2069 2629 2119 2665 est
2143 2628 2178 2664 &
2195 2631 2239 2667 fi-

1284 2671 1339 2706 nis
1362 2674 1417 2715 ,8(
1437 2675 1484 2708 ita
1503 2671 1607 2720 supra
1624 2672 1654 2709 se
1673 2674 1781 2710 habet
1806 2675 1934 2711 finem·
1955 2679 2068 2726 Qod
2081 2681 2173 2715 enim
2187 2681 2239 2717 est

1285 2722 1556 2769 adimaginem‚
1575 2736 1761 2772 nunquam
1778 2730 1994 2762 terminatur
2006 2730 2049 2762 ad
2081 2729 2114 2766 se
2135 2758 2144 2772 ,
2181 2731 2239 2768 sed

1287 2773 1330 2807 ad
1345 2775 1433 2810 illud
1449 2773 1555 2820 cujus
1572 2775 1759 2823 imaginem
1776 2778 1868 2821 gerit
1888 2792 1899 2819 ;
1927 2779 1961 2814 8(
1979 2777 2060 2814 idco
2071 2785 2237 2828 oportuit

1284 2827 1433 2860 omnino
1450 2826 1517 2861 effe
1532 2825 1591 2861 fibi
1622 2827 1759 2874 aliquid
1778 2828 1928 2864 inditum
1947 2856 1958 2872 ,
1983 2840 2154 2876 tanquam
2183 2845 2240 2868 re-

1283 2877 1408 2921 gulam
1428 2877 1659 2924 perveniendi
1675 2878 1719 2912 ad
1740 2876 1845 2915 finem
1862 2906 1870 2914 .
1904 2880 1998 2916 illud
2026 2893 2144 2917 autem
2174 2896 2235 2930 ap-

1284 2929 1457 2974 pellamus
1475 2929 1673 2964 naturalem
1694 2930 1807 2977 legem
1827 2931 2047 2977 regulantem
2065 2933 2176 2980 ipsum
2194 2935 2230 2970 in

1282 2980 1491 3026 operatione
1507 2979 1593 3016 boni
1610 3006 1618 3015 .

1431 3056 1940 3121 ARTrcuLvs
1988 3072 2075 3120 11'1.

1459 3182 1591 3218 Vtrum
1609 3182 1647 3219 fit
1662 3183 1781 3230 aliqua
1795 3184 1851 3219 lex
1869 3182 2027 3220 humana
2043 3212 2052 3221 .

1281 3283 1398 3329 mag.
1413 3283 1448 3319 S
1447 3291 1542 3319 sotus
1557 3283 1638 3320 locis
1652 3285 1688 3320 in
1698 3285 1860 3329 margine
1872 3284 1936 3320 cit.
1953 3285 1994 3321 S,
2016 3287 2136 3325 Thom.
2148 3298 2174 3322 r.
2190 3298 2224 3321 2.

1629 3347 1662 3383 q.
1682 3345 1740 3383 91.
1755 3343 1827 3370 art.
1849 3346 1881 3382 3.

1407 3435 1552 3472 ldcntur
1564 3435 1654 3471 citra
1671 3448 1814 3472 omnem
1828 3438 2066 3475 necessitatem
2097 3439 2229 3475 adstrui

1417 3487 1511 3531 leges
1535 3484 1703 3523 humanae
1733 3513 1740 3522 .
1778 3489 1913 3525 Etenim
1935 3488 2041 3535 juxta
2071 3489 2163 3525 dieta
2189 3502 2224 3536 q.

1279 3536 1577 3585 praecedentiarc.
1594 3548 1624 3572 r.
1653 3537 1697 3576 ὠ·
1720 3549 1773 3584 ¹9.
1790 3547 1864 3574 art.
1888 3551 1923 3585 4.
1951 3544 2028 3578 Lex
2057 3542 2228 3577 naturalis

1284 3589 1455 3622 omnibus
1471 3586 1582 3623 indita
1596 3587 1804 3625 hominihus
1820 3617 1830 3631 ,
1860 3591 1909 3626 est
1941 3592 2104 3637 quaedam
2121 3593 2229 3640 parti·

1290 3637 1427 3683 cipatio
1452 3636 1543 3682 legis
1560 3650 1698 3674 aeternae
1714 3665 1722 3674 .
1739 3639 1806 3676 Per
1823 3643 1938 3686 legem
1959 3655 2042 3677 vero
2058 3655 2223 3678 :eternam

1287 3688 1407 3721 omnia
1424 3685 1503 3723 sunt
1516 3689 1772 3732 ordinatissima
1787 3691 1978 3727 secundum
2002 3693 2161 3737 Ata-eust.
2194 3706 2222 3729 1.

1289 3738 1330 3773 de
1347 3739 1409 3772 tib.
1425 3737 1535 3773 arbit.
1551 3749 1626 3788 cap,
1641 3743 1676 3774 6.
1696 3752 1783 3787 ergo
1799 3754 1859 3789 per
1887 3742 1999 3787 legem
2025 3747 2223 3781 naturalem

1292 3791 1411 3824 omnia
1430 3787 1592 3824 ordinare
1606 3790 1718 3837 potest
1735 3793 1844 3826 homo
1862 3817 1871 3832 ,
1904 3792 2018 3840 sicque
2051 3793 2232 3841 superflue

2096 3844 2180 3880 asse-

2279 803 2324 832 De
2337 801 2396 840 iege
2406 811 2482 829 teret»

2279 851 2315 869 na
2327 849 2425 869 menri<
2437 841 2481 867 di<

2279 881 2349 908 vinae
2362 879 2411 907 effe
2426 889 2461 913 ηρ

2280 918 2322 946 bis
2337 919 2426 953 impre
2440 914 2463 944 “z

2281 956 2371 994 legem
2397 964 2471 982 uta:-

2280 997 2371 1023 ralem
2383 1012 2393 1021 .

2320 1085 2418 1122 Qare
2440 1081 2484 1109 lex

2283 1122 2370 1150 indita
2386 1129 2485 1155 natur-3

2283 1159 2413 1189 rationali
2429 1179 2437 1192 ‚
2450 1158 2489 1185 ηό

2282 1199 2403 1227 detrahit
2428 1199 2484 1234 ejus

2282 1238 2402 1267 libertati
2417 1254 2426 1264 .

2284 1674 2369 1703 Hunc
2393 1675 2486 1715 sequi-

2282 1722 2329 1741 tur
2340 1715 2367 1741 S.
2379 1715 2488 1743 Thom.

2283 1751 2328 1779 sed
2341 1753 2480 1787 Magister.

2283 1790 2382 1817 Scotus
2411 1791 2468 1820 fre-

2285 1829 2381 1865 queter
2401 1840 2488 1867 exag-

2284 1875 2363 1905 gerat
2397 1868 2469 1896 hunc

2285 1907 2410 1940 appetitu
2423 1907 2492 1935 nul-

2286 1942 2345 1969 lum
2372 1945 2472 1981 pfl-se*

2285 1981 2357 2009 ferre
2371 1984 2469 2012 eliciti]

2286 2021 2377 2048 εᾶυηι
2390 2023 2451 2057 lege

2284 2059 2468 2096 regulandum
2479 2079 2489 2089 .

2287 2222 2331 2251 De
2352 2226 2392 2255 his
2411 2229 2486 2265 opti-

2286 2270 2331 2290 me
2344 2267 2487 2301 Mag-Sco-

2282 2308 2324 2328 ως
2335 2313 2365 2337 4.
2376 2297 2486 2342 dist-49.

2282 2352 2311 2380 q.
2325 2351 2354 2372 a.
