2583 4002
720 159 880 211 Tomm
910 161 992 209 III.
1021 162 1153 227 Part,
1182 162 1221 211 Ι.
1237 161 1432 232 Qaesti0
1461 165 1532 212 Χ.»
1549 168 1652 213 Art.
1668 164 1754 220 JV.
2051 192 2114 236 75

374 279 882 331 ARTICULUS
937 279 1006 318 ιν.

306 375 440 428 υιτιὶπι
452 369 622 423 ιῖοἰυηῐεε
634 394 824 420 moveatur
836 373 878 417 de
890 382 1093 428 necestitate

325 441 370 476 ab
381 437 586 476 extrinseco
595 436 750 478 motivo,
763 432 863 482 quod
880 433 930 472 est
945 435 1046 471 Deus
1058 463 1067 474 .

319 541 453 578 Doflor
465 539 601 594 Qodl.
616 552 652 588 q.
668 549 688 575 2
699 551 726 575 x.
741 544 771 578 ς.
789 536 856 573 Sed
871 535 1067 577 secundum

356 589 632 638 fidem-2.d.37.
647 600 757 639 q.2.n
779 598 832 634 15.
848 590 891 625 S.
911 588 1032 627 Thom.

526 652 558 677 1.
572 653 608 678 z.
621 654 656 692 q.
678 652 733 679 10.
748 648 818 679 art.
832 651 870 688 4.

218 747 313 836 R
328 743 532 794 Espondeo,
547 745 721 792 quoniam
741 758 768 782 ι.
783 753 819 792 p.
832 742 950 794 quaest.
965 747 1023 792 83.
1037 758 1100 794 per
1115 755 1170 782 to-

339 806 415 833 tum
430 822 442 838 ,
469 797 634 843 pluribus
663 797 927 845 explicavimus
941 824 950 839 ‚
980 798 1162 835 hominem

217 852 323 887 etiam
336 847 416 895 post
431 858 622 895 peccatum
634 849 743 884 {ibera
757 848 891 894 pollere
903 849 1041 884 arbitrii
1060 851 1166 886 liber-

216 912 290 938 tate
304 928 316 944 ,
335 897 468 934 adeout
484 899 655 937 veriffime
671 899 816 935 relictus
830 899 867 934 fit
880 900 913 935 in
930 911 1038 936 manu
1055 902 1167 938 confi-

215 953 258 990 lii
271 953 323 990 sui
339 960 469 997 potens
482 949 515 990 se
534 962 677 990 uertere
692 949 735 984 ad
755 951 957 998 quamlibet
984 963 1170 1001 parterm„

215 1014 259 1044 ut
275 1002 443 1043 scribitur
455 1001 601 1053 Ecclest.
616 1015 630 1043 1
637 1014 673 1052 ς.
688 999 799 1044 Nune
828 1004 985 1042 brevitet
1014 1001 1168 1045 dicimus

1239 234 1355 280 ipsum
1374 232 1469 269 haud
1482 232 1525 268 de
1540 234 1743 271 necessitate
1769 240 1906 274 moveri
1924 239 1968 275 ab
1988 245 2192 283 extrinseco

1240 282 1516 330 motivo‚qu0d
1533 283 1582 318 est
1601 286 1703 321 Deus
1719 310 1728 319 .
1745 285 1933 332 Siquidem
1949 290 2103 329 Creator
2116 296 2190 343 ipse

1239 334 1406 370 omnium
1417 360 1426 375 ,
1443 332 1494 378 fic
1507 344 1563 369 res
1576 361 1588 376 ,
1599 347 1686 383 quas
1702 335 1858 372 condidit
1872 364 1882 379 ,
1893 340 2134 389 administrat,
2149 359 2190 383 uc

1238 396 1298 421 eas
1311 395 1416 431 agere
1427 387 1585 433 proprios
1604 396 1714 424 motus
1722 387 1829 434 fluat,
1846 399 1885 423 ut
1899 393 1945 426 ait
1963 392 2188 440 Augustinus

1239 446 1273 484 7.
1291 434 1335 471 de
1348 435 1467 472 Civit.
1485 444 1556 484 cap.
1573 448 1632 483 30.
1649 438 1968 487 Quemadmodum
1985 457 2070 490 ergo
2085 458 2188 482 natu·

1239 486 1370 523 ramad
1387 497 1499 523 unum
1525 486 1802 527 determinatum
1820 499 1939 527 movet
1957 521 1967 536 ,
1995 507 2032 530 ut
2050 496 2084 530 in
2106 509 2189 544 pro-

1241 537 1477 586 priosinfluat
1488 535 1658 582 effestus,
1685 553 1842 590 vereque
1859 555 1984 582 eorum
1999 545 2037 580 fit
2056 546 2189 587 causa„

1239 590 1434 632 naturalis,
1454 590 1488 626 8<
1517 589 1778 637 determinata,
1806 596 1854 630 ita
1872 597 1905 632 3<
1938 594 2189 644 principium..

1245 641 1397 676 liberum
1413 651 1533 676 movet
1550 654 1588 677 ut
1601 643 1707 680 libere
1726 645 1758 680 8<
1773 646 2024 692 contingenter
2048 655 2189 695 operari

1243 702 1372 740 queat3
1384 692 1546 738 alioquin
1565 694 1586 729 fi
1603 695 1646 730 de
1659 695 1860 732 neceffirate
1873 697 1915 732 ad
1929 710 2036 734 unam
2052 713 2189 747 partem

1242 744 1359 793 ipsum
1377 743 1598 789 inflecteret,
1623 744 1696 793 jam
1708 758 1780 782 non
1797 747 1991 784 secundum
2007 753 2189 799 propriam

1242 795 1322 843 ejus
1335 795 1502 844 principii
1533 808 1695 835 naturam
1712 824 1724 839 ,
1747 798 1805 834 sed
1831 800 1942 843 magis
1968 811 2094 840 contra
2121 804 2188 842 suae

1238 846 1425 896 potestatis
1437 850 1617 895 energiam
1631 860 1777 897 ageret,
1800 862 1865 890 nec
1882 850 2053 890 fineretur
2064 859 2190 894 condi·

1238 911 1282 936 tae
1297 899 1450 938 effentiae
1464 901 1629 948 proprias
1640 900 1771 938 habere
1783 905 2008 949 operationes
2022 931 2034 943 .
2049 907 2188 946 Viden-

1238 952 1306 991 dus
1318 960 1391 993 art.
1410 950 1443 988 8.
1459 950 1578 1001 quaest·
1598 963 1655 1003 19.
1662 954 1790 1002 prima·
1794 955 1914 1004 partis
1929 981 1941 992 .

347 3865 442 3901 som.
462 3866 525 3902 III.

2030 3893 2186 3942 (ωε.
