2663 4083
83 1150 114 1179 4.
125 1151 154 1179 q.
167 1140 282 1179 Prologi
296 1143 322 1173 ὗ.

84 1181 128 1209 Ad
151 1185 322 1218 argumenta

0 1219 3 1254 Ι
82 1216 244 1257 principalia
285 1217 320 1246 V·

80 1258 127 1290 M
138 1255 217 1285 Aliud
225 1270 235 1284 ι

81 1467 255 1508 Spemlativa
280 1471 319 1499 n6

80 1510 120 1538 est
130 1509 208 1536 omni
219 1507 319 1544 praeii-

81 1557 116 1577 ta
125 1545 247 1577 nobilior
260 1564 268 1575 .

84 2055 194 2094 ².d.24.
206 2059 232 2090 5.
242 2055 322 2086 Dico.

88 2452 117 2472 2.
131 2443 159 2472 d.
169 2452 216 2480 24.
227 2443 327 2475 §.Dico

86 2484 126 2510 V.
140 2483 232 2510 Pania
242 2481 329 2512 etiam

0 2528 6 2542 λ
81 2519 221 2561 superior.

0 2546 16 2667 ζ
89 2616 216 2656 Videnda
242 2616 330 2655 gloss'a

89 2656 199 2698 Magtli.
218 2655 329 2693 Lythe·

89 2702 114 2722 tl
133 2711 144 2721 0

0 2701 1 2716 l

0 2831 6 2941 ἰ

0 2944 12 3022 B
92 2965 198 3003 Quaest.
216 2973 245 2998 4.
259 2963 329 2991 Pro·

0 3029 18 3151 ἱ
91 3005 151 3042 logi
171 3008 193 3035 ὗ.
217 3002 331 3042 Qinta

92 3043 143 3071 uia
155 3053 184 3071 n.
196 3047 242 3071 κύ·

0 3380 21 4042 m‘wm-ae-vr-vx
0 3340 7 3365 2<
0 3298 18 3329 *³-

422 206 485 254 28

345 275 509 312 dinaliter
522 272 556 311 se
569 271 735 311 extendit
750 270 794 307 ad
806 269 1041 315 regulandum
1054 270 1173 307 aetum
1201 269 1293 306 dite-

348 324 476 361 &ionis
492 350 502 366 ,
531 324 686 367 scilicet,
713 320 737 357 st
749 332 858 370 opera
873 318 949 368 ejus
966 323 1104 357 notitiae
1131 319 1293 367 indigeat

348 373 493 410 dilestio
512 375 664 423 regulari
678 400 694 417 ,
716 372 838 421 estque
862 373 960 409 omni
984 373 1089 421 praxi
1117 372 1291 409 naturali-

346 434 402 461 ter
418 425 558 473 prior„
663 467 666 469 ,
813 464 816 466 μ
902 464 908 468 ,
1193 466 1196 468 v
1244 465 1248 468 ,

449 474 511 511 Ad
536 475 731 513 secundum
757 473 951 524 respondeo
969 498 981 514 ,
1017 473 1294 522 contemplatio:

350 537 429 561 nem
443 541 457 568 ,
485 530 525 562 ut
538 528 712 574 accipitur
724 537 790 573 pro
811 525 895 561 afiu
914 523 1138 561 inteneetivae
1166 534 1294 572 potens

350 576 435 616 tiae,·
469 589 540 611 non
560 579 672 624 quaeri
700 586 846 623 propter
874 574 906 611 se
929 574 1039 622 ipsam
1061 600 1072 616 ,
1096 573 1152 609 sed
1176 573 1290 620 gratia

350 626 490 670 amandi
515 627 614 675 quod
639 626 841 662 intelleekus
864 638 926 671 per
949 626 1290 670 contemplationem
1328 642 1331 643 ν

351 676 522 721 attingit,
553 677 659 724 juxta
682 675 769 712 illud
797 675 955 712 Anselmi
981 701 993 717 ,
1028 685 1060 710 2.
1085 676 1164 711 Cur
1191 677 1290 710 Deus

350 725 460 761 homo
476 738 552 774 cap.
571 742 599 765 1.
614 725 713 766 Ordo
734 725 925 773 perversus
948 723 1031 773 effet
1056 726 1148 762 velle
1171 735 1291 761 amare

352 785 394 812 at
406 775 622 824 intelligeres
639 795 650 819 ,·
674 777 765 811 ordo
778 776 887 821 igitur
902 775 1107 812 reatffimus
1121 777 1156 812 in
1172 775 1292 822 inqui·

352 825 480 862 sitione
499 829 563 865 Dei
581 829 616 864 &
634 829 875 869 aeternorum,
904 827 998 861 circa
1025 830 1113 872 quaeb
1126 824 1291 861 versatur

353 878 612 926 contemplatio
628 905 638 920 ,
666 875 741 919 est,
767 878 807 911 ut
821 880 1009 918 amentur,
1036 888 1076 911 ac
1099 875 1204 922 juxta
1229 875 1292 911 de-

352 927 444 962 bitas
475 927 761 965 circumstantias
783 926 973 963 dileetione
1002 926 1289 974 prosequantur.v

351 977 442 1013 Haec
460 979 570 1023 igitur
585 978 846 1024 contemplatio
858 982 939 1013 vere
951 977 1108 1024 praetica
1129 976 1202 1017 cst3
1225 987 1291 1012 ex·

353 1027 465 1063 tendit
480 1030 571 1076 enim
587 1028 622 1064 se
639 1027 683 1063 ad
695 1028 833 1076 praxim
846 1027 1184 1075 dirigendam.Cum
1209 1024 1292 1062 sub-⁶

352 1075 451 1113 ditur
463 1104 474 1120 ,
502 1079 618 1115 Aeius
635 1078 836 1124 intellee'tus
852 1077 1000 1127 praelier·
1017 1089 1088 1114 non
1115 1078 1291 1124 quaeritur

351 1139 497 1175 propter
512 1128 543 1164 se
555 1129 680 1177 ipsum,-
693 1127 750 1164 sed
765 1140 912 1177 propter
925 1128 1112 1164 aelionem.
1129 1127 1292 1174 Respona

353 1179 435 1220 deo,
448 1180 649 1216 nobilitatis
665 1177 713 1215 est
728 1180 764 1214 in
782 1177 928 1215 scientia
941 1179 1098 1214 ordinari
1116 1178 1158 1213 ad
1170 1178 1289 1221 ae‘tum

353 1230 537 1266 nobilioris
559 1230 726 1277 potentiae
743 1228 871 1267 :Sicut
894 1228 1141 1265 universaliter
1156 1226 1290 1276 spectat

351 1281 395 1316 ad
419 1278 643 1317 nobilitatem
669 1280 848 1317 inferioris
871 1282 1042 1325 attingere
1065 1276 1164 1325 quod
1193 1278 1241 1314 est
1257 1277 1292 1313 se

351 1331 515 1379 superius
529 1336 541 1372 ς’
555 1331 710 1367 nobilior
722 1330 770 1367 est
787 1342 872 1377 ergo
884 1330 985 1366 aestus
1000 1329 1203 1367 intelleelus
1216 1340 1293 1376 praa

351 1382 533 1424 eliciillo,
560 1382 707 1429 quinon
723 1382 928 1417 extenditur
951 1382 994 1416 ad
1014 1382 1178 1429 praxim}
1208 1390 1288 1415 nam

349 1432 538 1467 ordinatur
552 1432 593 1467 ad
606 1434 846 1481 operationem
859 1434 1026 1480 potentiae
1041 1431 1072 1478 se
1085 1430 1287 1467 nobilioris.>

353 1484 395 1519 Et
423 1483 591 1529 quamvis
617 1481 830 1518 Aristoteles
855 1493 985 1529 neget,
1015 1483 1169 1528 aliquam
1195 1482 1289 1516 noti·

350 1535 437 1570 tiam
451 1531 518 1568 effe
530 1533 746 1581 conformem
772 1534 875 1580 praxi
899 1534 1098 1569 voluntatis
1127 1533 1220 1568 circa
1245 1531 1290 1567 fi·

351 1596 432 1620 nem
445 1609 457 1625 ‚
475 1594 518 1619 eo
533 1583 631 1628 quod
645 1595 714 1619 non
733 1586 832 1631 putet
855 1602 867 1627 ‚-
889 1585 1115 1620 voluntatem
1129 1583 1219 1619 circa
1243 1580 1287 1617 fi·

350 1646 429 1670 nem
442 1635 577 1680 praxim
595 1633 749 1676 habere,-
772 1645 813 1669 ac
833 1644 1019 1681 propterea
1050 1633 1180 1669 statuat
1208 1630 1288 1678 spe-

350 1685 542 1720 culativam
569 1682 634 1719 effe
661 1683 819 1730 praefica*
842 1684 1050 1718 nobiliorem
1063 1699 1076 1725 ‚>
1110 1693 1153 1718 eo
1186 1678 1289 1727 quod

348 1743 531 1780 quaeratur
555 1736 701 1780 propter
722 1731 868 1780 seipsam
888 1736 901 1774 ξ
933 1742 1090 1768 attamen
1110 1750 1123 1775 ,
1148 1731 1209 1767 nist
1246 1730 1286 1765 in

349 1782 571 1825 eoerraffet‚
601 1782 656 1818 sed
683 1782 850 1830 posuiiset
867 1800 880 1824 ‚·
909 1785 963 1817 uti
988 1793 1111 1817 revera
1136 1780 1186 1815 est
1215 1779 1290 1815 sen-

349 1832 512 1869 tiendum
538 1846 553 1874 5
582 1832 722 1879 praxim
743 1833 900 1877 aliquam
923 1832 1016 1866 circa
1039 1829 1147 1866 finem
1170 1854 1184 1869 ‚
1215 1837 1287 1863 non

352 1880 504 1929 negasset
534 1881 717 1918 scientiam
744 1878 1129 1930 pra&icamhrespe&t1
1153 1878 1288 1913 amoris

353 1934 421 1969 Dei
436 1959 448 1975 ,
473 1931 539 1969 effe
550 1933 760 1968 nobiliorem
784 1931 1004 1980 speculativa
1029 1929 1173 1965 scientia
1197 1929 1291 1962 circa

353 1982 448 2018 idem
465 1980 653 2029 objeftum
677 1997 687 2016 .-
721 1981 896 2018 Concedo
916 1986 1031 2027 ergo,
1061 1980 1219 2015 astione's
1233 1989 1293 2013 or-

355 2035 467 2068 dinari
482 2034 524 2068 a'd
538 2032 693 2079 aliquem
710 2032 816 2069 finem
829 2059 840 2074 ,
860 2033 986 2068 &ideo
1007 2032 1074 2068 ene
1100 2027 1293 2078 'perfeetio-

355 2085 409 2119 res
428 2082 544 2130 seiplis
562 2093 631 2118 non
649 2085 696 2118 ita
713 2083 889 2130 ordinatis
905 2109 917 2126 ‚
942 2083 976 2117 8<
992 2084 1095 2117 etiam
1125 2080 1293 2116 ultimum

354 2133 510 2169 hominis
534 2131 642 2168 finem
668 2133 795 2179 attingi
822 2145 882 2181 per
921 2131 1294 2178 contemplationem,

355 2196 433 2220 eam
448 2195 566 2219 tamen
585 2186 655 2218 non
681 2183 747 2219 esse
775 2182 1053 2228 speculativam,
1083 2181 1141 2217 sed
1169 2178 1297 2228 praeli·

357 2246 434 2270 cam
448 2261 459 2277 ‚
483 2233 567 2279 quia
581 2233 834 2282 compleffltur
854 2234 887 2269 ἃ
904 2233 1071 2268 visionem
1091 2258 1101 2274 ,
1130 2233 1165 2268 8<
1197 2239 1297 2264 amo·

359 2296 433 2320 rem
449 2283 653 2330 sequentem
672 2289 683 2325 ς’
701 2295 771 2319 non
786 2284 880 2320 enim
897 2282 945 2319 est
959 2283 1067 2319 solius
1080 2278 1297 2318 intellefitusi

359 2334 416 2370 sed
431 2335 463 2370 8<
481 2335 656 2371 memoriae
668 2362 679 2377 ‚
694 2334 727 2370 8<
742 2334 939 2369 voluntatis
951 2332 1185 2382 contemplari
1201 2340 1300 2366 aeter·

357 2397 401 2420 na
416 2412 426 2428 ,
453 2396 493 2420 ut
509 2385 619 2429 magis
631 2385 763 2433 patebit
783 2384 898 2420 statim
916 2410 924 2419 .
1184 2423 1188 2427 ,

461 2435 519 2470 Ad
546 2437 688 2471 tertium
706 2433 925 2481 respondeo,
950 2433 1142 2470 secundum
1168 2431 1303 2476 Augu:

361 2485 489 2521 ssinum
509 2512 519 2528 ‚
553 2494 609 2520 12.
627 2485 671 2520 de
690 2485 828 2521 Trinit.
856 2494 930 2533 cap.
947 2497 984 2530 4.
1003 2483 1183 2519 Portionis
1200 2481 1304 2528 supe-

363 2538 466 2572 rioris
478 2535 525 2572 est
536 2536 770 2583 contemplari
788 2546 917 2571 aeterna
939 2561 949 2576 ‚
961 2535 1140 2570 inferioris
1152 2545 1236 2568 vero
1249 2531 1300 2568 est

361 2585 546 2622 attendere
562 2587 821 2634 'temporalibus
849 2584 997 2631 agendis
1020 2610 1029 2619 .
1058 2586 1124 2620 Hae
1149 2594 1303 2621 autern...

360 2637 440 2672 duoe
452 2637 632 2685 portiones
662 2638 846 2684 nequeunt
860 2636 1033 2682 distingui
1049 2646 1092 2670 ex
1107 2646 1150 2670 eo
1163 2660 1174 2676 ,
1203 2631 1305 2680 quod

362 2689 470 2723 altera
487 2686 525 2721 stt
540 2688 843 2735 contemplativa,
867 2687 924 2721 vel
942 2685 1156 2733 speculativa
1174 2686 1304 2727 ‚altera

362 2749 450 2773 veto
465 2737 618 2784 praetica
636 2765 646 2780 ,
664 2738 734 2774 imo
753 2749 826 2773 tam
844 2735 1064 2783 speculativa
1079 2762 1090 2777 ,
1103 2747 1211 2782 quam
1223 2745 1306 2782 pra-

362 2789 450 2824 &ica
463 2788 639 2833 pertinent
655 2788 697 2823 ad
716 2789 913 2834 portionem
927 2786 1142 2834 superiorem
1166 2812 1175 2822 .
1202 2789 1302 2823 Nam

361 2839 617 2885 contemplatio
628 2837 676 2874 est
693 2837 793 2874 :tc-tus
805 2839 867 2884 qui
880 2837 1040 2872 vei-satur
1054 2836 1145 2872 circa
1158 2847 1303 2876 aeterna,

361 2891 394 2926 8(
408 2889 529 2936 praxis
541 2886 700 2934 ejusdem
718 2888 893 2936 portionis
908 2886 957 2922 est
983 2885 1084 2922 aflus
1112 2885 1302 2934 respiciens

360 2939 603 2988 temporalein
616 2938 740 2974 ordine
764 2937 807 2973 ad
834 2944 1024 2972 aeternum.
1054 2939 1139 2983 Qua
1157 2940 1305 2984 propter

361 2993 465 3035 vult,
497 2994 554 3024 'eas
570 2989 749 3036 pottiones
765 2988 932 3033 distingui
949 2997 1091 3022 tantum
1126 2996 1233 3031 penes
1247 2986 1304 3021 of-

361 3043 463 3086 ficia,
493 3040 527 3074 8<
543 3040 576 3074 in
593 3049 746 3086 utraque
758 3038 806 3074 est
818 3038 978 3073 Trinitas
996 3063 1006 3078 ‚
1040 3037 1120 3072 licet
1134 3037 1168 3071 in
1199 3035 1303 3081 supe-

362 3099 451 3133 riore
464 3090 628 3138 portione
645 3091 823 3136 praecipue
838 3089 996 3123 'reluceat
1011 3087 1132 3132 imago
1143 3086 1302 3121 Trinita-

360 3152 406 3185 tis
422 3173 430 3182 ‚
444 3143 588 3180 Docen's
603 3140 710 3184 igitur
724 3137 957 3184 Augustinus
976 3165 988 3180 ,
1014 3135 1204 3182 superioris
1221 3149 1305 3182 por-

360 3199 471 3235 tionis
489 3190 555 3228 esse
580 3201 706 3225 :eterna
718 3189 951 3235 contemplari
970 3216 979 3229 ‚
1005 3187 1091 3232 quia
1109 3186 1181 3234 ipsa
1202 3186 1303 3223 sola-2

361 3247 502 3298 respicit
515 3244 643 3276 aeterna
658 3267 668 3282 ,
692 3252 762 3276 non
778 3238 927 3275 intendit
943 3237 1090 3275 subinde
1107 3263 1117 3279 ‚
1129 3249 1204 3273 eam
1217 3249 1304 3272 con-

360 3295 629 3346 templationem
644 3289 711 3326 effe
725 3289 844 3325 aetum
860 3289 1060 3325 intellcssus
1078 3287 1302 3335 speculativi,

362 3363 400 3387 ut
415 3356 541 3399 putant
554 3351 759 3386 arguentes,
773 3342 856 3386 quia
868 3336 942 3375 hoec
957 3339 1215 3386 contemplatio
1228 3344 1301 3373 non

360 3397 618 3437 determinatur
659 3389 702 3425 ad
742 3390 1020 3438 speculationem
1057 3391 1148 3424 intra
1187 3400 1302 3436 genus

361 3448 529 3487 scientiae.
542 3441 810 3489 Compleffitur
824 3443 916 3477 enim
930 3441 963 3476 id
979 3434 1301 3486 contemplativum

362 3498 583 3538 memoriam,
596 3492 864 3537 intelligentiam
878 3519 887 3534 ,
905 3491 938 3527 8<
953 3493 1172 3526 voluntatem
1188 3503 1199 3530 3
1216 3489 1301 3523 alio·

361 3551 450 3598 quin
464 3558 532 3583 non
548 3541 765 3593 praeseferret
780 3543 966 3591 imaginem
982 3541 1125 3577 summa:
1139 3540 1300 3577 Trinita-

361 3604 408 3638 tis
424 3596 495 3640 ;est
511 3597 622 3642 igitur
636 3593 696 3629 tali
708 3593 742 3628 in
755 3594 1053 3640 contemplatione
1065 3591 1224 3628 extensio
1240 3601 1300 3625 ex.

358 3663 414 3689 tra
428 3659 540 3697 genus
559 3645 709 3682 scicntia:
728 3670 738 3686 ‚
765 3643 945 3680 sicuticss'e
958 3643 1070 3691 potest
1100 3644 1132 3678 in
1162 3640 1297 3682 aftivo,

355 3704 427 3740 hoc
441 3698 495 3736 est
510 3725 520 3741 ,
535 3699 569 3734 in
587 3696 753 3745 portione
765 3694 922 3732 infcriori
939 3694 1141 3742 respiciente
1157 3704 1298 3740 tempo·

359 3754 441 3791 ralia
455 3777 467 3793 ‚
495 3750 529 3785 in
544 3760 616 3794 qua
629 3747 756 3794 pariter
767 3745 817 3782 est
831 3748 950 3792 imago
963 3745 1156 3781 Trinitatis
1172 3771 1178 3779 .
1193 3745 1228 3779 St
1242 3754 1297 3779 er-

357 3815 404 3851 go
420 3800 607 3838 beatitudo
618 3795 773 3833 consistit
785 3799 818 3833 in
831 3797 1131 3844 contemplatione
1158 3792 1296 3840 objeeti

355 3851 572 3898 beatifici‚ut
584 3851 621 3887 in
634 3847 785 3896 allegata
801 3847 1016 3885 auetoritate
1034 3846 1149 3885 alsetit
1166 3844 1296 3892 Augu*-

948 199 1132 249 Summae
1161 194 1354 270 Joanm‘s
1385 199 1517 248 Duns
1550 194 1672 248 'Sc-oti
1697 227 1715 247 .

1374 268 1487 305 stinus
1498 296 1511 312 ,
1537 280 1610 304 non
1623 268 1834 306 excluditur
1850 274 1898 304 ex
1909 266 1952 303 eo
1962 265 2008 303 ab
2019 264 2324 312 contemplatione

1374 322 1468 356 ratio
1483 319 1634 368 practici
1649 336 1662 362 ‚-
1684 331 1766 357 cum
1783 318 2004 356 extendatur
2016 317 2059 352 ad
2072 318 2209 363 praxim
2235 325 2321 366 por-

1373 373 1481 407 tionis
1494 370 1690 419 superioris
1700 391 1713 414 ‚-
1730 371 1764 407 in
1772 369 1952 407 volventiS
1965 364 2157 404 neceffario
2173 367 2322 416 ipsam.,

1370 423 1593 459 voluntatem
1611 440 1621 458 .-
1968 461 1975 463 „

1428 516 1431 518 ,
1472 472 1531 509 Ad
1544 483 1792 517 argumentum
1807 466 1841 507 in
1855 469 2061 519 oppositum
2077 467 2127 503 est
2145 467 2324 516 responsio

1371 523 1471 559 talisi
1503 522 1711 559 inteneetus
1723 523 1903 569 prasticus
1921 520 2028 555 babet
2041 520 2177 554 bonum
2193 545 2206 561 ,
2221 519 2323 566 quod

2349 487 2380 516 S.
2390 486 2519 517 Thomas
2541 487 2586 519 hie
2638 486 2641 494 ⁴
2660 509 2661 519 t

2350 525 2586 569 Adsit-undante
2639 525 2641 532 '

1371 573 1422 609 est
1433 580 1533 610 extra
1546 568 1659 620 ipsum
1676 599 1684 608 .
1698 573 1766 609 Sed
1783 570 1988 607 intelle-etus
2003 568 2243 616 speculativos
2259 570 2322 605 ha·
2343 563 2525 603 principale.

1371 625 1431 660 bet
1443 625 1576 660 bonum
1595 624 1628 656 in
1643 621 1763 669 seipso
1775 649 1785 664 ‚
1812 621 1950 656 scilicet
1980 618 2322 665 contemplationem

1370 675 1533 710 veritatis
1547 692 1556 708 .»
1576 674 1618 708 Et
1631 673 1652 707 s1
1670 672 1758 707 illud
1771 674 1909 708 bonum
1923 670 1964 705 {it
1979 669 2180 716 perfeetum
2192 692 2205 711 ,
2217 681 2262 704 ex
2277 682 2323 705 eo

1369 735 1470 760 totus
1486 725 1597 760 homo
1623 721 1811 769 perficitur
1823 747 1836 762 ‚
1862 721 1979 766 fitque
1995 719 2138 759 beatus,
2151 719 2253 765 quod
2269 719 2316 755 sa-

1369 787 1412 811 ne
1424 775 1603 822 praeticus
1617 771 1819 808 inteneetus
1840 782 1913 807 non
1929 769 2038 806 habet
2050 788 2064 813 ,-
2095 768 2153 805 sed
2166 769 2209 804 ad
2224 769 2324 806 aliud

1368 825 1533 862 ordinat.
1598 866 1602 871 ‚
1778 863 1785 868 ,
1858 863 1861 865 Α
1903 860 1913 866 ,,
2097 860 2102 862 „
2272 863 2276 865 ,

1374 919 1378 923 .
1470 873 1552 914 Nos
1568 869 1723 910 dicimus
1738 869 1952 913 ostendiss'e4
1975 868 2214 918 perfeetionis
2225 870 2325 907 effe.»

1369 926 1573 962 intelleetus
1586 924 1735 972 prac'tici
1745 923 1903 958 ordinari
1917 923 1961 958 ad
1973 921 2091 957 aetum
2106 920 2327 967 praestantio.

1370 979 1417 1012 ris
1431 977 1619 1023 potentiae,
1636 975 1755 1021 qualis
1773 971 1823 1009 est
1855 974 2026 1009 voluntas
2044 970 2205 1017 respeetu
2222 972 2326 1006 intel-

1368 1028 1484 1063 leetus
1497 1027 1662 1073 potentiae
1675 1024 1845 1060 naturalis
1861 1049 1872 1066 ‚
1897 1035 1938 1058 ac
1954 1032 2149 1069 propterea
2163 1031 2323 1057 contem-

1367 1078 1563 1125 plationem
1579 1077 1766 1112 beatorum
1793 1073 1859 1109 effe
1880 1074 2075 1120 praelicam
2099 1070 2325 1113 vifionem...,

1367 1128 1454 1174 quia
1468 1126 1510 1161 ad
1526 1130 1684 1162 amorem
1697 1123 1896 1161 eorundem
1909 1124 2099 1158 ordinatur
2122 1146 2132 1157 .
2201 1133 2245 1155 ua
2259 1133 2326 1156 au-

1368 1189 1441 1214 tem
1454 1177 1594 1212 ratione
1609 1188 1671 1223 per
1686 1174 1911 1211 intelleetum
1926 1172 2136 1223 perficiatur
2148 1171 2258 1207 homo
2272 1173 2327 1206 vi·

1368 1227 1488 1264 dendo
1505 1225 1920 1274 objeetumbeatificum
1937 1241 1950 1270 5
1966 1223 2172 1274 expolitum
2190 1222 2258 1259 fuit
2267 1233 2327 1259 ar.

1367 1277 1479 1316 ticulo
1488 1276 1705 1327 praecedemi
1720 1302 1732 1313 .

1528 1368 2044 1416 ARthULUS
2095 1376 2164 1414 vt.

1468 1472 1606 1519 Utrum
1623 1472 1815 1517 beatitudo
1829 1470 2000 1515 confistat
2014 1480 2048 1514 in
2067 1475 2231 1512 confide-

1543 1533 1684 1567 ratione
1712 1529 1946 1567 scientiarum
1963 1528 2154 1577 speculati-

1777 1589 1908 1613 varum
1920 1593 1931 1610 ὁ

1543 1677 1674 1715 Βοὲἵον
1686 1677 1769 1714 locis
1779 1669 1817 1710 1⁴⁹1
1828 1670 1992 1722 margine
2004 1669 2125 1710 ct³tatis
2142 1697 2152 1708 .

1618 1730 1661 1765 S.
1679 1726 1829 1763 Thomas
1844 1751 1856 1767 ,
1893 1737 1921 1761 ι.
1938 1737 1974 1761 2.
1992 1736 2026 1772 q.
2044 1736 2077 1771 3.

1780 1783 1852 1814 art.
1872 1775 1911 1812 6.

1432 1867 1450 1872 Η
1488 1876 1614 1914 idetur
1628 1876 1747 1913 nostra
1760 1867 1953 1912 beatitudo
1981 1874 2174 1911 consistere
2191 1875 2228 1909 in
2243 1883 2314 1908 con

1499 1928 1711 1964 fideratione
1726 1927 1958 1963 scientiarum
1974 1926 2332 1973 speculativarum-2.

1367 1983 1466 2018 Nam
1495 1980 1530 2014 in
1559 1990 1601 2014 eo
1632 1977 1787 2014 conssstit
1821 1977 1951 2012 ultima
1980 1977 2136 2012 hominis
2162 1974 2330 2016 felicitas,

1367 2029 1468 2077 quod
1485 2029 1705 2065 desideratur
1718 2029 1763 2063 ab
1784 2028 1958 2063 omnibus
1979 2039 2124 2074 propter
2150 2023 2330 2071 seipsum,

1368 2083 1404 2117 8<
1421 2092 1492 2116 non
1507 2079 1620 2126 gratia
1637 2078 1784 2114 alterius
1802 2099 1811 2107 -
1839 2077 1913 2114 Sed
1926 2076 2104 2124 ejusmodi
2121 2076 2201 2113 sunt
2219 2074 2330 2111 scien-

1368 2132 1426 2168 tiae
1446 2129 1671 2178 speculativae
1700 2155 1709 2164 .
1735 2128 1929 2174 Siquidem
1963 2140 2013 2164 eae
2031 2127 2111 2163 sunt
2130 2137 2279 2174 propter
2295 2125 2329 2164 se

1369 2182 1463 2229 iplas
1480 2207 1492 2224 ‚
1505 2179 1695 2227 ipsumque
1709 2178 1813 2221 scire,
1824 2190 1908 2213 cum
1924 2178 2088 2224 praeticae
2101 2178 2166 2214 sint
2181 2189 2328 2224 propter

1369 2231 1481 2273 usus;
1508 2235 1603 2279 Ergo
1616 2231 1653 2266 in
1669 2231 1720 2267 eis
1735 2228 1796 2266 fita
1809 2228 1859 2265 est
1878 2229 2001 2265 ultima
2030 2229 2186 2264 hominis
2214 2228 2325 2264 felici—

1367 2293 1446 2320 tas,
1475 2324 1491 2329 μ
1708 2323 1721 2326 ,
1862 2320 1867 2324 .
1955 2320 1964 2325 .

1471 2333 1649 2368 Praeterea
1665 2356 1676 2373 ,
1701 2329 1899 2367 Beatitudo
1925 2328 1975 2366 est
2002 2331 2133 2367 ultima
2160 2328 2328 2365 consum-

1370 2389 1465 2421 'mata
1494 2382 1652 2419 hominis
1680 2381 1857 2429 perfectio
1882 2405 1892 2415 .
1932 2382 1970 2417 ln
1987 2392 2031 2417 eo
2061 2393 2180 2417 autem
2197 2392 2330 2416 unum-

1374 2434 1550 2482 quodque
1593 2433 1775 2480 propriam
1810 2429 2020 2479 adipiscitur
2056 2430 2329 2479 perfeetionem,

1373 2483 1473 2532 quod
1488 2483 1585 2518 nulla
1601 2486 1634 2518 in
1649 2494 1692 2518 eo
1705 2481 1858 2530 superest
1875 2482 2098 2529 imperfeEtio
2122 2509 2131 2518 .
2155 2481 2222 2518 Sed
2252 2478 2330 2526 spe·

1374 2534 1543 2570 culativae
1574 2532 1726 2568 scientiae
1741 2534 1877 2579 pellunt
1890 2534 1934 2568 ab
1951 2532 2113 2568 humano
2142 2529 2329 2569 itttellee'tu

1375 2592 1517 2620 'omnem
1532 2581 1838 2632 imperfee'tionem
1853 2609 1864 2625 ‚
1892 2583 1927 2619 8<
1941 2585 2118 2632 probatur
2132 2596 2143 2623 ς
2171 2586 2268 2621 Nam
2283 2592 2329 2616 ex

1378 2633 1600 2682 Philotopho
1614 2638 1650 2668 e.
1667 2633 1820 2681 metaph.
1839 2643 1915 2671 tex.
1930 2644 2014 2669 com.
2025 2637 2058 2677 3.
2074 2631 2234 2670 Scientia
2250 2631 2326 2680 spe·

1376 2685 1535 2720 culativa
1565 2682 1743 2731 'diyiditur
1772 2685 1806 2719 in
1839 2683 2122 2732 metapbyficam
2140 2704 2152 2726 ,
2182 2692 2326 2718 natura-

1376 2737 1459 2776 lem,
1473 2736 1507 2770 &
1523 2734 1850 2775 mathematicam;
1872 2734 1967 2779 Ergo
1981 2734 2092 2769 homo
2106 2732 2232 2769 exacte
2247 2744 2326 2780 per-

1374 2785 1496 2833 ficitur
1512 2785 1567 2819 bis
1582 2784 1735 2820 scientiis
1747 2784 1793 2819 {ic
1809 2810 1822 2827 ,
1834 2789 1875 2819 ut
1889 2785 2022 2831 pellant
2037 2785 2082 2820 ab
2093 2782 2170 2833 ipso
2182 2795 2325 2819 omnem

1374 2833 1678 2883 imperfec'iionem
1692 2833 1726 2868 8(
1742 2834 1982 2879 ignorantiam
1997 2859 2007 2869 .
2093 2876 2099 2881 Ρ

1483 2886 1680 2925 Praeterea,
1703 2883 1950 2932 *Philosophus
1966 2911 1976 2927 ,
2004 2879 2164 2921 i.Ethic.
2192 2896 2269 2932 cap.
2290 2882 2324 2920 8.

1376 2931 1410 2973 8(
1429 2949 1464 2984 9.
1489 2934 1679 2976 Felicitas,
1703 2934 1845 2981 inquit,
1876 2936 1925 2982 est
1937 2938 2091 2983 operatio
2112 2937 2244 2982 optima
2258 2932 2324 2979 se*

1376 2987 1528 3024 cundum
1544 2987 1707 3031 optimam
1722 2988 1898 3021 virtutem
1909 3005 1917 3021 >.
1931 2987 1979 3022 Et
1995 2996 2047 3022 10.
2062 2986 2181 3023 Ethic.
2197 2993 2271 3033 cap.
2289 2986 2325 3022 8.

1378 3035 1583 3085 specificans
1599 3037 1630 3070 in
1646 3046 1801 3080 quanam
1816 3038 2025 3083 operatione
2042 3033 2221 3084 contistat,
2236 3035 2321 3071 scri·

1377 3089 1430 3124 bit
1444 3113 1456 3129 ,
1469 3088 1536 3123 Dii
1552 3109 1563 3127 ‚
1578 3097 1658 3133 quos
1675 3087 1899 3125 arbitramur
1907 3085 2114 3135 seliciffimos
2130 3099 2175 3124 ex
2190 3099 2257 3136 quo
2269 3092 2323 3122 eolr

1376 3149 1488 3173 omnes
1506 3138 1631 3170 vivere
1636 3132 1812 3183 suspicati
1817 3136 1923 3183 sunt,
1936 3137 1979 3176 ὠ·
1991 3149 2057 3173 non
2076 3137 2323 3179 dormircffir-

1369 3199 1415 3233 go
1429 3189 1569 3235 operari
1595 3198 1604 3220 ε
1624 3197 1734 3233 quare
1749 3188 1824 3222 Dei
1833 3188 1988 3236 operatio
2001 3189 2225 3226 beatitudine
2249 3186 2322 3233 dis-

1367 3236 1730 3283 serensspeculaffl-z‘a
1742 3240 1866 3285 utique
1883 3241 1956 3274 erit
1976 3251 1988 3278 ς
2012 3237 2108 3284 Ergo
2124 3238 2231 3276 ctiam
2257 3237 2322 3272 ho-

1376 3289 1478 3323 minis
1493 3286 1677 3322 beatitudo
1689 3288 1721 3321 in
1735 3285 1975 3335 speculatione
1989 3288 2323 3332 scientiarum,cau·

1376 3337 1555 3383 sarunque
1571 3338 1762 3384 primarum
1779 3335 1828 3372 cst
1845 3339 2030 3375 statuenda
2045 3366 2055 3377 .

1478 3389 1619 3422 Contra
1638 3414 1649 3430 ,
1678 3388 1871 3424 Beatitudo
1897 3401 1941 3425 eo
1953 3384 2085 3429 modo,
2111 3403 2188 3437 quo
2210 3391 2252 3426 ad
2269 3393 2323 3427 in·

1373 3440 1554 3476 ‘telleHum
1572 3439 1722 3483 pertinet
1742 3464 1752 3479 ,
1767 3437 1814 3473 est
1829 3440 1929 3476 aelus
1944 3440 2146 3478 intelleE’tus
2162 3441 2323 3488 praefici,

1374 3503 1445 3526 non
1461 3488 1690 3536 speculaffivi
1705 3486 1811 3534 juxta
1826 3489 1918 3525 dina
1930 3492 2083 3529 articulo
2093 3491 2321 3539 praecedenti.

1374 3540 1470 3585 Ergo
1482 3537 1550 3587 ipsa
1566 3539 1996 3589 beatitudonequaquam
2007 3541 2321 3591 confisterepotest

1372 3592 1408 3626 in
1422 3591 1502 3626 aetu
1518 3588 1741 3626 scientiarum
1756 3588 2054 3637 speculativarum
2072 3617 2084 3630 .

1475 3639 1689 3688 Respondeo
1704 3667 1714 3683 ,
1735 3637 1811 3676 Aut
1826 3641 1875 3677 est
1893 3641 2004 3678 sermo
2024 3643 2068 3678 de
2096 3644 2320 3681 beatitudine

1375 3693 1582 3739 simpliciter
1600 3717 1610 3733 ,
1626 3703 1706 3737 quae
1717 3690 1767 3727 est
1784 3691 1954 3738 perfec-'iio
1968 3692 2123 3730 secunda
2139 3695 2321 3731 immedia-

1373 3754 1408 3779 te
1420 3741 1644 3788 conjungens
1658 3741 1858 3778 extrinseco
1870 3743 2069 3792 perfefitivo
2096 3745 2320 3789 nobilissimo,

1372 3794 1471 3840 quod
1487 3794 1535 3832 ‹st
1549 3794 1579 3828 ἃ
1598 3791 1802 3839 supremum
1815 3795 2005 3843 appetibile
2020 3820 2029 3831 .
2042 3796 2120 3833 Aut
2135 3797 2319 3843 loquimur

1368 3846 1416 3883 de
1429 3843 1652 3883 beatitudine
1669 3843 1863 3886 secundum
1881 3844 1971 3896 quid
1984 3872 1996 3889 ,
2023 3858 2099 3896 quo
2113 3847 2259 3885 nomine
2274 3846 2318 3882 st-

2166 3895 2274 3944 gnifi-

2364 1900 2485 1940 I’rologi
2499 1914 2528 1943 q,
2539 1909 2596 1942 4⁴⁶·

2364 1941 2386 1969 S
2386 1941 2490 1974 nuncio
2498 1953 2599 1984 qum,
2644 1942 2645 1975 ξ

2353 2635 2471 2676 Prologi
2480 2644 2510 2673 q.
2524 2641 2552 2664 1.
2564 2638 2594 2668 §-

2352 2677 2386 2704 In
2398 2674 2447 2708 illa
2468 2674 2575 2712 quastio
2583 2690 2592 2698 -
2643 2688 2646 2710 χ

2352 2722 2388 2740 ne
2397 2714 2434 2740 V.
2448 2713 2589 2741 Putem:
2643 2715 2645 2722 ⁴

2352 2754 2382 2780 6.
2394 2750 2516 2790 metaph.

2351 2908 2457 2945 4-‹1111-
2469 2921 2590 2951 φημι.
2642 2888 2645 2938 I

2353 2948 2427 2979 §.Ad
2433 2952 2590 2989 oppfimn,

2352 3044 2493 3081 :dist-3.
2517 3055 2590 3084 qa.
2642 3022 2645 3026 ι

2349 3086 2375 3114 6.
2401 3083 2446 3113 Ad
2466 3083 2590 3124 quaefla'o.¹
2643 3106 2645 3110 .

2349 3131 2415 3151 nem
2424 3139 2437 3153 ο

2350 3642 2380 3670 4·
2393 3632 2422 3662 d·
2432 3642 2511 3671 494
2523 3644 2550 3664 ε.
2561 3640 2586 3669 §1

2348 3675 2400 3702 ‘De
2400 3666 2517 3714 secundo
2526 3693 2536 3703 .
