2602 4011
1 557 24 586 ii)

114 559 276 597 2.Report.

75 599 138 640 dip-
157 607 186 632 7·
208 609 235 638 q·
251 608 278 635 3·

73 648 103 668 n.
127 648 174 676 ¹3·

73 938 101 957 2·
115 928 177 958 disto
200 937 231 963 ⁷⁶
243 941 275 970 q·

72 976 120 996 uu·
132 971 156 998 6.
173 969 274 1008 Dese-

71 1006 158 1036 cundo
170 1006 230 1038 dico
244 1017 273 1039 n·

72 1053 122 1082 ¹5·-

131 2190 219 2218 Rom·
232 2193 262 2220 ⁷·

741 142 900 187 Tomus
918 142 998 188 HI.
1016 145 1121 190 Par.
1143 145 1199 191 ῙῘ.
1228 143 1419 221 Qaestio
1439 146 1549 193 CIX
1559 150 1660 196 Art.
1672 150 1752 197 'III-

414 211 495 246 Nos
509 208 661 244 dicimus
676 209 779 254 supra
795 221 826 255 q.
847 222 882 251 9.
900 221 972 244 art⁴
984 223 1020 255 4.
1038 213 1079 252 εἴ)
1097 213 1131 247 6.
1145 213 1262 248 decla-

315 259 438 294 ravifle
460 288 466 297 ,
483 261 642 305 qualiter
658 271 775 295 creata
795 260 962 295 voluntas
979 261 1027 296 est
1042 263 1259 309 principium

313 308 472 345 aftivum
506 310 538 344 se
561 309 671 357 ipsam
696 310 934 346 determinans
962 311 1005 345 ad
1033 313 1260 357 agendum,

311 358 442 394 adeout
459 360 570 395 stante
583 359 853 407 praeostensione
868 360 1000 407 objefti
1017 387 1028 402 ‚
1045 362 1159 397 veluti
1176 374 1262 398 cau-

313 409 344 442 sa
360 411 526 456 partiali,
544 421 604 446 aut
618 410 748 457 (quod
776 411 888 455 magis
916 413 1139 460 probamus)
1155 424 1261 448 ocea-

313 459 430 503 fione,
453 460 622 497 voluntas
641 473 706 508 pro
734 459 1022 497 fuidominativa
1052 463 1259 510 potestate..

312 522 415 546 exeat
433 511 476 545 ad
492 511 686 547 volendum
712 522 774 548 aut
799 513 994 549 nolendum
1009 540 1018 555 ,
1047 526 1113 550 nec
1130 515 1195 550 fibi
1210 514 1260 549 est

312 572 403 608 opus
416 561 481 597 alia
509 562 764 599 deliberatione
792 564 1041 610 praecedente3
1071 566 1156 611 quia
1185 577 1261 600 om-

315 613 414 647 nium
441 613 553 658 prima
596 613 808 650 deliberatio
842 615 899 651 vel
925 615 1178 652 determinatio
1214 618 1260 652 ab

312 661 386 708 ipsa
400 662 602 699 immediate
612 665 662 701 est
679 692 692 707 ,
706 665 816 712 prima
835 665 939 701 causa
957 677 1018 713 per
1030 675 1259 701 communem

311 713 536 749 influentiam
555 728 680 762 agente
699 743 710 758 ‚
736 726 777 751 ac
793 716 1015 754 concursum
1029 714 1131 751 suum
1144 716 1258 751 CaufiS

310 763 472 800 secundis
485 767 706 811 quibuslibet
722 779 794 802 non
808 766 1008 811 denegante
1024 790 1036 802 .

410 813 607 862 Propterea
621 819 723 856 aliter
750 829 965 864 argumento
990 815 1257 861 respondentes,

306 876 481 909 negamus
499 893 510 908 ,
536 867 716 906 hominem
734 869 807 903 dici
829 866 924 914 pofl‘e
944 867 1129 903 dominum
1154 867 1259 902 reela:

309 916 494 954 volitionis
506 919 760 965 bonorumque
775 930 925 958 onerum
953 929 996 954 eo
1021 917 1129 952 modo
1145 943 1157 959 ,
1182 928 1258 964 quo

308 978 431 1003 revera
446 969 581 1006 cadunt
601 970 666 1007 fub
682 970 764 1017 ejus
777 969 974 1004 dominium
991 981 1030 1003 ea
1047 979 1128 1014 quae
1146 967 1180 1002 in
1196 979 1259 1002 na-

306 1029 397 1054 turae
415 1020 554 1057 viribus
587 1023 816 1058 continentur
833 1047 843 1061 ‚
869 1020 911 1054 ad
928 1031 999 1067 que
1024 1018 1259 1075 facienda-vel

305 1069 551 1107 nonfacienda
579 1071 651 1119 ipse
679 1084 752 1108 non
773 1070 914 1114 indiget
941 1070 1078 1106 auxilio
1096 1070 1257 1109 alterius,

302 1120 405 1166 quod
424 1120 464 1156 fit
479 1120 582 1166 supra
595 1134 736 1159 omnem
753 1131 915 1158 naturam
932 1146 941 1155 .
973 1120 1082 1156 Adest
1109 1119 1257 1156 ouidem

305 1171 371 1208 fibi
396 1172 616 1221 principium
644 1172 788 1209 volendi
814 1171 906 1206 recle
931 1197 943 1213 ‚
972 1182 1013 1204 ac
1039 1170 1194 1206 exeundi
1222 1169 1259 1203 in

303 1233 412 1268 opera
426 1223 518 1257 bona
535 1250 544 1264 ‚
562 1222 621 1259 sed
638 1225 706 1258 tale
721 1221 934 1270 princininm
950 1232 1021 1256 non
1035 1220 1084 1256 est
1099 1221 1257 1267 adequa-

303 1282 383 1307 tum
404 1300 413 1314 ,
429 1273 524 1308 deest
541 1274 635 1309 enim
650 1286 665 1307 a
679 1275 720 1309 lia
734 1271 914 1309 concausa
926 1272 1146 1316 praevenlefls
1162 1298 1172 1312 2
1195 1281 1257 1306 CX-

302 1323 420 1359 citans
433 1334 542 1370 atque
555 1323 736 1370 adjuvans
749 1325 793 1359 ad
811 1323 1004 1357 volendum
1034 1323 1067 1358 8(
1100 1332 1257 1368 operan-

302 1373 390 1409 dum
403 1375 538 1410 bonum
553 1400 564 1415 ‚
580 1386 620 1410 ut
632 1385 777 1421 oportet
790 1398 798 1406 -
827 1375 907 1409 Nec
920 1371 970 1408 est
993 1374 1027 1407 in
1053 1373 1252 1418 potestate-2

301 1425 498 1460 voluntatis
517 1426 585 1460 alia
595 1424 772 1460 concausa
786 1426 929 1460 elevans
946 1448 958 1463 ‚
990 1424 1022 1458 ἃ
1040 1434 1256 1458 convertens

302 1473 411 1522 ipsam
428 1474 470 1509 ad
489 1475 654 1511 ultimum
673 1475 777 1512 finem
792 1489 803 1516 ;
821 1484 901 1508 nam
916 1476 1029 1521 gratia
1046 1500 1057 1515 ,
1088 1475 1121 1509 8(
1149 1473 1258 1519 quid-

301 1525 392 1573 quid
409 1526 563 1573 pertinet
581 1526 623 1560 ad
649 1527 811 1561 ordinem
837 1521 1015 1559 donorum
1042 1523 1258 1569 supernatu-

302 1577 460 1617 ralium,
488 1574 592 1612 asolo
614 1576 694 1612 Deo
718 1585 862 1612 creante
887 1576 920 1611 8(
944 1576 1114 1620 largiente
1140 1574 1258 1609 homi-

302 1627 339 1663 ni
353 1625 422 1661 effe
436 1627 548 1670 potest
565 1640 576 1667 ;
591 1628 625 1663 8(
640 1640 709 1668 nrm
725 1626 942 1662 adstruimus
956 1623 1014 1660 hic
1030 1626 1181 1668 gratiam
1195 1624 1256 1659 ha-

300 1676 473 1712 bitualem
502 1678 534 1712 8(
562 1689 831 1724 permanentem
847 1702 857 1716 ‚
875 1674 934 1710 sed
950 1686 1090 1711 tantum
1110 1676 1257 1712 aauale

301 1727 372 1763 Dei
384 1726 556 1762 auxilium
576 1754 585 1769 ,
601 1730 657 1763 vel
675 1729 824 1772 graiiam
838 1726 954 1769 gratis
967 1724 1083 1762 datam
1100 1727 1144 1761 de
1155 1738 1256 1761 com-

299 1777 401 1812 muni
419 1776 488 1812 Dei
506 1778 690 1814 influentia
722 1776 918 1813 secundum
951 1777 1254 1821 providentiam..-

299 1829 503 1872 generalem
520 1840 615 1875 ,qua
630 1828 774 1864 ordinat
803 1826 968 1863 homines
996 1826 1041 1860 ad
1074 1826 1177 1862 finem
1193 1826 1253 1862 su-

299 1879 564 1924 pernaturalem
579 1904 592 1922 ‚
608 1877 895 1927 vultquesarvos
910 1876 985 1911 fieri
1001 1887 1147 1913 Omnes·
1166 1880 1253 1914 Non

299 1926 349 1963 est
367 1928 478 1973 igitur
494 1929 604 1966 homo
617 1929 788 1966 dominus
801 1927 903 1965 acius
920 1926 1012 1963 reete
1047 1928 1189 1965 volendi
1212 1939 1253 1964 ac

297 1978 469 2022 operandi
489 1982 623 2016 bonum
640 2007 651 2023 ‚
687 1989 872 2028 quatenus
900 1978 1065 2025 proxima
1091 1982 1254 2027 potentia

297 2027 343 2063 ad
359 2029 460 2066 aelus
478 2030 558 2077 ejus
570 2042 804 2078 comparatur
818 2058 826 2067 .
851 2029 920 2064 Sed
935 2040 1075 2065 tantum
1089 2031 1137 2066 est
1151 2042 1257 2067 com-

295 2080 438 2125 paratio
463 2083 635 2127 potentia:
665 2092 812 2117 remotae
831 2105 844 2120 ,
870 2082 925 2116 vel
951 2080 1065 2116 causae
1092 2083 1254 2127 partialis

295 2128 521 2177 expefflntis
539 2158 550 2174 ,
575 2134 609 2169 &
638 2132 836 2178 indigentis
864 2132 1039 2177 compleri
1061 2144 1122 2180 per
1148 2133 1253 2168 aliam

296 2179 510 2218 concausam
527 2206 540 2225 ‚
554 2195 636 2229 quae
651 2194 723 2217 non
738 2183 835 2218 eadit-
860 2179 1048 2229 subiplius
1073 2186 1164 2221 vires
1190 2196 1254 2218 na-

297 2231 432 2267 turales
446 2257 456 2267 .
475 2234 638 2269 Preclare
652 2232 800 2278 Magist.
817 2244 850 2267 z.
863 2230 950 2267 dist.
970 2242 1030 2277 25.
1049 2246 1129 2282 cap.
1142 2235 1251 2270 finali.

296 2306 325 2323 ‚,
354 2281 520 2319 Libertas
534 2309 545 2324 ,
563 2283 679 2330 iuquit
698 2309 707 2321 ‚
739 2295 756 2317 a
775 2292 946 2329 peccam,
975 2284 1009 2318 8(
1038 2296 1057 2318 a
1085 2284 1254 2321 miseria-2

297 2358 326 2374 „
353 2334 577 2380 pergratiam
590 2332 827 2368 esttlibertas
852 2342 938 2365 vero
965 2345 983 2368 a
1008 2334 1253 2380 necestitate-›‚

294 2407 328 2424 2,
356 2393 418 2428 per
435 2394 600 2419 naturam
622 2409 630 2417 .
651 2383 860 2431 Utramque
879 2382 1078 2420 libertatem
1095 2408 1104 2424 ,
1118 2395 1253 2423 naturae

300 2457 328 2474 ‚‚
356 2431 489 2469 scilicet
508 2431 680 2479 &gratiae
702 2444 803 2469 notat
827 2432 1029 2478 Apostolus
1056 2463 1066 2477 ‚
1100 2449 1181 2472 cun·
1205 2451 1252 2474 ex

300 2506 328 2523 ‚‚
356 2481 505 2532 persona
532 2483 690 2519 hominis
729 2496 800 2520 non
825 2482 1014 2531 redempti·
1026 2487 1072 2520 ait
1100 2513 1114 2529 ,
1147 2489 1251 2526 Velle

299 2554 328 2575 ‚,
355 2532 491 2569 adiacet
507 2534 593 2570 mihi
612 2561 622 2575 ,
634 2533 806 2581 perficere
819 2544 943 2569 autem
961 2537 1094 2572 bonum
1109 2551 1180 2575 non
1194 2541 1252 2576 in·

299 2607 328 2623 „
357 2584 466 2619 venio
485 2598 493 2620 :
511 2596 551 2620 ac
570 2584 593 2620 si
607 2584 740 2620 diceret
758 2611 767 2627 ,
793 2584 909 2619 habeo
926 2585 1125 2627 libertatem
1141 2601 1251 2627 natu-

354 2645 398 2670 rae
414 2632 471 2668 sed
489 2646 561 2670 non
578 2634 693 2670 habeo
709 2635 911 2671 libertatem
929 2638 1069 2682 gratiae,
1085 2640 1164 2677 ideo
1177 2654 1248 2678 non

354 2682 401 2720 est
415 2684 508 2730 apud
536 2698 590 2720 me
617 2684 788 2731 perfeffio
814 2686 925 2722 boni.
958 2691 1052 2725 Nam
1078 2693 1248 2730 voluntas

351 2734 511 2770 hominis
528 2761 540 2776 ‚
556 2747 665 2782 quam
685 2736 896 2771 naturaliter
912 2737 1019 2775 habet
1032 2768 1044 2788 ,
1062 2755 1133 2778 non
1152 2745 1249 2780 valet

299 2809 326 2826 2,
353 2785 441 2830 erigi
469 2785 512 2820 ad
550 2787 685 2821 bonum
720 2785 911 2822 efficaciter
944 2791 1136 2829 volendum
1153 2821 1162 2837 ‚
1190 2797 1247 2832 vel

296 2858 322 2878 ‚,
351 2846 458 2882 opere
473 2835 689 2881 implendum
707 2864 714 2876 ,
728 2836 788 2871 nili
805 2849 866 2885 per
880 2842 1030 2883 gratiam
1060 2845 1245 2889 liberetur,

352 2886 387 2922 8(
405 2883 601 2930 adjuvetur
614 2911 623 2919 .
636 2885 828 2923 Liberetur
847 2889 993 2934 quidem
1013 2904 1052 2929 ut
1069 2897 1155 2932 velit
1171 2921 1183 2939 ‚
1208 2897 1243 2932 8(

294 2962 324 2978 ,,
352 2935 548 2981 adjttvetur
562 2948 600 2971 ut
621 2935 804 2984 perficiat.
838 2939 937 2986 Quia
957 2953 996 2977 ut
1015 2946 1061 2980 ait
1087 2947 1247 2994 Aposto-

299 3012 326 3029 „
354 2989 432 3027 lus,
448 2989 534 3024 Non
552 2987 599 3022 est
619 2988 773 3025 volentis
786 2990 879 3025 velle
897 3017 908 3032 ,
933 3004 1049 3040 neque
1065 2999 1244 3034 curi-emis

349 3048 517 3079 currere,
549 3037 635 3073 idest
661 3041 825 3084 operari,
854 3040 911 3077 sed
936 3043 1132 3083 miserentis
1160 3051 1243 3093 Dei,

350 3089 595 3135 quioperatur
613 3091 647 3124 in
665 3090 766 3124 nobis
780 3091 875 3127 velle
892 3118 903 3133 ,
929 3094 962 3130 8(
976 3100 1115 3142 operari
1133 3101 1243 3140 bona:

350 3137 457 3183 cujus
483 3140 632 3185 gratiam
653 3150 721 3174 non
750 3140 903 3177 advocat
930 3143 1086 3183 bominis
1110 3151 1243 3186 volun.

295 3214 322 3230 „
350 3199 404 3224 tas
423 3190 476 3224 vel
491 3190 657 3237 operatio
672 3216 681 3231 ‚
699 3189 757 3225 scd
775 3190 845 3237 ipsa
876 3195 991 3240 gratia
1019 3198 1242 3238 voluntatem

294 3263 323 3279 ‚,
349 3241 512 3284 prevenit
537 3266 548 3281 ,
573 3241 806 3287 praeparando
833 3255 872 3279 ut
899 3245 986 3280 velit
1017 3248 1179 3293 bonum,
1206 3253 1241 3290 &

298 3313 323 3329 ,‚
351 3299 580 3334 praeparatam
591 3290 740 3326 adiuvat
754 3302 790 3326 ut
806 3294 980 3339 perficiat.
1001 3298 1091 3333 Haec
1105 3299 1168 3335 ille
1180 3327 1191 3338 .

393 3337 462 3373 Sed
476 3340 656 3377 &ibidem
673 3340 756 3376 dist.
771 3344 829 3378 28.
849 3356 928 3392 cap.
960 3346 1001 3381 In
1030 3349 1241 3395 expositione

293 3396 337 3422 cx
353 3386 509 3432 August.
531 3401 556 3425 t.
576 3391 737 3428 Retrach
750 3404 828 3432 cap.
849 3405 906 3440 23-
919 3396 994 3432 haec
1007 3397 1147 3436 scribit.
1165 3404 1239 3436 Ve-

294 3448 375 3473 rum
388 3437 527 3484 quidem
540 3440 588 3485 est
599 3467 609 3482 ‚
625 3454 644 3476 a
661 3441 735 3477 lm,
747 3441 810 3492 effe
825 3471 835 3485 ‚
861 3447 956 3487 quod
984 3457 1169 3491 operamur
1184 3450 1204 3484 b
1225 3472 1241 3481 -

295 3497 380 3522 num
396 3485 479 3531 :sed
489 3488 610 3524 eadem
621 3491 742 3536 regula
754 3496 941 3542 utriusque
964 3499 1012 3544 est
1024 3525 1035 3539 ,
1063 3500 1107 3537 (9-
1123 3501 1241 3538 volen-

292 3535 497 3581 aiseium,
509 3536 721 3583 &faciendi
738 3555 749 3582 ;
780 3541 823 3581 ὠ·
847 3556 1041 3592 utrumque
1058 3549 1160 3597 ipsim
1186 3554 1242 3589 eff

291 3586 378 3633 quia
392 3586 466 3633 ipse
475 3595 654 3634 praeparat
666 3591 885 3631 voluntatem
898 3597 964 3637 ,²69⁴
977 3607 1170 3647 utrumque
1181 3615 1240 3638 no.

281 3636 400 3681 strum
414 3636 475 3683 est,
491 3639 578 3684 quia
592 3651 656 3675 non
658 3639 708 3682 fit
723 3641 791 3687 nist
803 3645 1001 3683 volentibus
1018 3651 1112 3685 nobis
1128 3675 1137 3685 .

391 3686 450 3724 Ad
466 3686 657 3724 secundum
671 3689 861 3729 dicendum
879 3721 892 3738 ‚
907 3697 995 3732 vitia
1007 3722 1020 3737 ,
1040 3699 1071 3733 8(
1092 3711 1237 3744 peccata

293 3735 361 3772 esse
377 3746 503 3772 contra
518 3749 679 3775 naturam
697 3742 902 3781 rationalem
921 3772 929 3787 ,
948 3747 1035 3782 idest
1050 3760 1174 3785 contra
1188 3752 1239 3786 di-

291 3785 442 3823 &amini
459 3787 553 3833 reste
572 3791 743 3834 rationis,
768 3793 985 3833 ostendentis
1003 3797 1174 3843 honesta,
1202 3802 1236 3838 St

405 3836 501 3877 Tora.
519 3836 586 3874 Ill.

297 2657 326 2674 3,

297 2708 326 2725 ³)

296 2758 324 2776 29

296 2911 324 2927 ἃ)

295 3062 322 3080 2>

296 3114 322 3130 ³2

295 3164 320 3180 :a

2110 159 2225 219 387⁷

1329 214 1425 259 justa
1438 240 1447 255 ,
1462 215 1496 250 8(
1515 227 1588 262 que
1601 217 1794 253 secundum
1810 224 2078 268 temperantiam
2093 226 2277 269 fiunt,ma-
2300 242 2305 247 ·

1330 265 1384 308 gis
1399 264 1460 300 fibi
1477 276 1677 310 congruere
1693 294 1704 309 ,
1718 280 1825 313 quam
1842 275 2001 317 opposita
2018 276 2165 312 illorum
2181 304 2188 312 .
2204 278 2274 315 Ve-

2348 257 2421 286 vitii
2459 263 2507 292 eff:

2308 302 2405 324 contra
2431 308 2509 329 natu.

1330 319 1613 363 ruutamenquia
1629 318 1699 352 illis
1713 320 1912 356 virtutibus
1928 327 2103 360 contraria
2117 329 2273 375 apprime
2303 340 2369 360 ram
2416 336 2507 367 socon.

1331 365 1488 401 arrident
1506 367 1857 415 inferioriappetitui
1873 396 1884 412 ‚
1912 376 1976 418 qui
2000 374 2153 410 trah⁷tur
2176 392 2192 413 a
2212 380 2274 415 fibi

1331 417 1633 454 convenientibus
1663 416 1697 452 8(
1731 419 1877 456 ducitur
1905 447 1916 463 ‚
1945 424 1979 460 8(
2012 426 2177 463 voluntas
2209 442 2273 475 pro

1331 465 1382 499 sui
1397 468 1606 503 conditione
1623 478 1703 502 nata
1721 468 1769 504 est
1789 470 1851 507 fibi
1869 474 2096 520 complacere
2122 478 2155 512 8(
2188 491 2272 514 cen·

1331 515 1499 552 deleaari
1515 518 1548 553 in
1562 519 1604 552 iis
1615 519 1785 555 omnibus
1799 547 1810 562 ,
1837 532 1911 569 que
1932 524 2092 561 inferiori
2115 531 2273 575 compla-

1331 576 1416 601 cent
1431 569 1634 614 appetitui,
1646 569 1876 616 perspicuum
1888 571 1937 608 est
1952 575 2174 612 inordinatas
2188 578 2273 615 affe-

1329 615 1469 653 &iones
1483 619 1685 655 discordare
1695 621 1841 666 quidem
1854 634 1871 656 a
1887 635 2013 660 natura
2029 629 2218 671 rationali,
2232 642 2271 666 ut

1327 668 1468 712 predita
1483 669 1532 704 est
1563 667 1752 706 effestione
1771 669 1938 721 justitie;
1965 675 2021 711 sed
2040 689 2272 725 nequaquam

1328 716 1463 754 dissona
1476 720 1544 756 effe
1558 721 1609 757 illi
1625 747 1635 763 ,
1652 731 1693 755 ut
1708 723 1816 767 pollet
1831 727 2017 763 commodi
2041 727 2272 774 affeetione„

1332 766 1524 805 secundum
1542 783 1651 817 quam
1666 771 1860 808 inclinatur
1872 774 1916 809 ad
1934 776 1995 812 fibi
2021 780 2272 817 convenientia

1332 820 1450 863 qualia
1464 818 1543 857 sunt
1556 823 1613 858 illa
1629 849 1640 865 ‚
1655 834 1727 869 que
1740 823 1904 860 senfitivo
1917 827 2075 864 arrident
2088 831 2271 877 appetitui

1328 867 1516 915 Propterea
1534 899 1545 914 ‚
1560 883 1640 907 cum
1658 874 1718 919 sue
1730 873 1913 919 potestatis
1929 889 1998 914 non
2027 879 2067 914 fit
2092 879 2273 921 retrahere

1327 918 1511 967 seipsam,
1536 933 1575 957 ut
1604 923 1692 956 citra
1720 923 1993 971 difficultatem,
2023 929 2058 965 8(
2081 930 2273 981 displicen-

1325 970 1411 1005 tiam
1425 968 1478 1004 sui
1498 998 1507 1012 ,
1523 972 1777 1019 appetitusque
1792 975 1972 1014 inferioris
1988 992 2171 1020 avertatur
2185 995 2202 1017 a
2219 995 2273 1022 ta-

1325 1019 1678 1063 licondescenlione‚
1707 1023 1743 1058 &
1769 1027 2023 1073 complacentia
2050 1034 2205 1072 consona
2227 1039 2274 1076 js,

1325 1071 1492 1106 rationaii
1506 1073 1680 1119 appetitui
1697 1072 1832 1120 semper
1849 1077 2050 1117 inordinate
2065 1080 2098 1118 se
2125 1098 2274 1125 moven-

1324 1123 1380 1163 ti,
1392 1132 1486 1167 opus
1501 1121 1566 1158 fibi
1582 1122 1631 1158 est
1645 1121 1831 1169 adjutorio
1847 1127 1997 1176 desuper
2013 1132 2132 1169 infuso
2146 1163 2154 1177 ‚
2172 1142 2272 1184 quod

1324 1173 1439 1207 totius
1465 1185 1591 1221 nature
1603 1174 1696 1209 vires
1719 1174 1780 1209 fibi
1798 1177 1954 1223 prestare
1975 1193 2052 1221 *non
2069 1188 2191 1223 valent
2208 1215 2216 1225 .

1423 1224 1484 1262 Ad
1497 1226 1643 1260 tertium
1656 1224 1704 1261 est
1720 1225 1899 1274 responsio
1910 1230 1992 1265 talis
2006 1259 2014 1267 .
2033 1233 2150 1281 ipsum
2177 1251 2271 1287 quo-

1324 1286 1396 1320 que
1412 1286 1539 1311 verum
1552 1275 1661 1310 homo
1673 1276 1890 1321 cognoscere
1904 1292 1976 1316 non
1994 1284 2109 1331 potest
2125 1287 2195 1325 fine
2207 1304 2270 1327 au-

1323 1325 1412 1360 xilio
1434 1325 1586 1366 divin03
1615 1327 1649 1363 8(
1674 1326 1910 1365 nihilominus
1933 1344 2059 1370 natura
2083 1336 2132 1372 est
2157 1344 2272 1387 magis

1324 1386 1493 1423 corrupta
1512 1387 1572 1424 per
1590 1388 1782 1423 peccatum
1797 1382 1919 1425 quoad
1944 1386 2143 1432 appetitum
2170 1392 2269 1436 boni,

1323 1437 1364 1464 a:
1379 1425 1418 1461 sit
1434 1438 1611 1473 quantum
1630 1428 1673 1462 ad
1686 1429 1929 1473 cognitionem
1945 1437 2043 1470 veri.

1425 1481 1506 1515 Nos
1525 1477 1906 1527 articulopraecedenti
1916 1484 2178 1527 declaravimus
2205 1493 2271 1528 ho-

1322 1527 1452 1563 minem
1465 1539 1536 1563 non
1564 1528 1725 1574 indigere
1755 1528 1899 1576 speciali
1925 1537 1991 1571 Dei
2019 1537 2201 1577 influentia
2227 1544 2272 1580 ad

1323 1579 1435 1613 multa
1451 1590 1529 1613 vera
1544 1579 1790 1623 cognoscenda
1804 1607 1814 1617 .
1831 1585 2015 1633 vais
2043 1590 2137 1625 enim
2161 1596 2274 1629 omni„

1323 1628 1440 1663 busid
1453 1628 1573 1665 datum
1589 1641 1660 1665 non
1687 1630 1749 1672 sit,
1775 1630 1932 1679 speaare
1960 1638 2005 1673 ad
2035 1640 2274 1686 praestantiora

1322 1679 1499 1714 naturalia
1518 1690 1535 1713 a
1551 1682 1630 1715 Deo
1645 1681 1797 1725 praestita
1810 1684 1876 1720 illis
1893 1690 1997 1733 ,-qui
2011 1691 2047 1726 in
2064 1702 2103 1725 ea
2116 1694 2274 1740 possunt,

1323 1730 1438 1774 magis
1453 1740 1563 1776 quau·¹
1580 1731 1622 1765 ad
1636 1729 1787 1777 speciale
1805 1732 1877 1772 Dei
1895 1740 2089 1776 auxilium.
2102 1742 2273 1781 Attamen

1322 1779 1497 1826 disparem
1512 1778 1578 1815 effe
1591 1780 1763 1818 rationem
1782 1784 1824 1820 de
1837 1787 2019 1826 intelleem
2037 1815 2048 1831 ‚
2077 1793 2110 1828 ἃ
2137 1797 2277 1843 appeti-

1324 1840 1364 1864 tu
1376 1830 1566 1871 rationali3
1591 1830 1675 1877 quia
1693 1833 1898 1872 intelleetus
1915 1841 2093 1888 attingens
2107 1843 2273 1895 intelligi·

1322 1881 1434 1923 bilia,
1458 1882 1589 1927 quaein
1603 1880 1824 1920 sensibilibus
1845 1887 1909 1923 fibi
1936 1889 2176 1932 ostenduntur
2195 1910 2206 1937 3
2233 1910 2279 1935 eo

1321 1930 1421 1978 quod
1435 1931 1599 1977 potentia
1612 1936 1785 1973 naturalis
1799 1937 1837 1973 lit
1851 1963 1862 1980 ,
1890 1939 1986 1976 ι-εᾶὶε
2004 1942 2036 1979 se
2059 1943 2168 1981 habet
2185 1974 2196 1989 ‚
2221 1961 2276 1986 ea.

1320 1992 1393 2028 que
1408 1981 1619 2028 operatione
1633 1985 1797 2029 profesto
1813 1989 1997 2033 perficitur
2017 2007 2028 2035 3
2061 2006 2095 2030 at
2120 1999 2278 2035 rationa-

1320 2032 1362 2068 lis
1376 2033 1555 2080 appetitus
1572 2032 1731 2082 eousque
1756 2038 1941 2085 indulgere
1971 2043 2085 2089 potest
2101 2074 2113 2090 ,
2139 2046 2278 2094 sibique

1320 2088 1545 2129 complacere
1559 2083 1595 2118 in
1613 2085 1670 2128 iis,
1694 2099 1774 2133 quae
1789 2089 1946 2128 inferiori
1965 2094 2044 2130 sunt
2057 2092 2279 2134 convenien-

1320 2135 1369 2168 tia
1386 2133 1564 2180 appetitui
1587 2159 1598 2175 ‚
1624 2146 1801 2181 quantum
1829 2140 1890 2176 sibi
1914 2154 1934 2177 a
1963 2146 2098 2191 regulis
2123 2145 2276 2199 superior

1319 2184 1368 2220 ris
1385 2185 1587 2220 voluntatis
1600 2189 1823 2232 permittitur
1839 2216 1848 2225 .

1474 2282 1991 2333 ARTICULUS
2047 2297 2117 2336 ΙΙΙ.

1399 2383 1535 2419 Utrum
1553 2383 1665 2422 bomo
1680 2389 1780 2435 potiit
1793 2391 1942 2438 diligere
1962 2397 2082 2434 Deum
2095 2399 2201 2449 super

1467 2435 1585 2471 omnia
1601 2463 1614 2479 ,
1642 2439 1787 2475 exsulis
1802 2446 2029 2484 naturalibus
2053 2449 2124 2486 sine

1725 2503 1839 2539 gratia
1855 2520 1864 2530 ι

1367 2587 1505 2623 Εὒοὲἶον
1521 2598 1554 2634 3.
1584 2587 1670 2626 diff.
1687 2602 1746 2638 27.
1764 2606 1798 2640 q.
1818 2607 1879 2631 un..
1895 2606 1967 2634 art.
1989 2611 2021 2647 3.
2036 2603 2079 2639 S.
2100 2599 2222 2641 Thom.

1608 2651 1639 2675 1.
1662 2652 1697 2677 z.
1713 2654 1746 2690 q.
1767 2655 1846 2694 109.
1861 2656 1934 2684 art.
1955 2661 1988 2697 3.

1315 2738 1419 2832 'V'
1433 2741 1558 2777 ldetur
1571 2741 1682 2776 homo
1696 2745 1840 2783 minime
1866 2750 1963 2796 posse
1978 2751 2128 2798 diligere
2154 2759 2271 2793 Deum

1424 2792 1526 2840 super
1540 2793 1659 2828 omnia
1674 2806 1716 2831 ex
1729 2795 1809 2833 solis
1824 2804 2048 2840 naturalibus
2064 2806 2133 2841 line
2145 2809 2271 2855 gratia.

1315 2843 1453 2879 Etenim
1472 2854 1599 2878 natura
1629 2842 1891 2884 determinatur
1912 2853 1955 2887 ad
1982 2865 2094 2890 unum
2113 2882 2123 2898 ‚
2151 2860 2268 2896 deter-

1315 2895 1602 2930 minatur-autem
1620 2893 1661 2927 ad
1679 2896 1744 2943 effi
1757 2901 1946 2947 proprium
1960 2908 2265 2952 appetendum,ex

1316 2955 1350 2979 2.
1369 2944 1412 2979 de
1426 2943 1517 2981 Gen.
1534 2953 1607 2979 tex.
1637 2946 1697 2989 56.
1724 2949 1838 2994 igitur
1860 2964 2028 3000 appetere
2052 2969 2122 2992 non
2153 2961 2267 3007 potest

1317 2995 1368 3031 sui
1387 3005 1452 3031 non
1470 2995 1535 3043 effi
1555 3007 1566 3035 3
1594 2996 1627 3030 8(
1641 2997 1790 3041 quidem
1803 3013 2026 3052 quocunque
2045 3009 2157 3053 posito
2171 3036 2180 3051 ‚
2204 3012 2266 3047 nili

1316 3045 1459 3081 dicatur
1474 3046 1698 3082 determinari
1716 3050 1757 3084 ad
1772 3055 2010 3098 appetendum
2026 3057 2074 3093 sui
2099 3058 2166 3105 eff?
2192 3071 2269 3099 tan.

1314 3107 1394 3131 tum
1411 3095 1835 3147 conditionaliter‚quod
1849 3102 1928 3139 sane
1943 3118 2013 3141 uon
2029 3108 2267 3158 videturpro—

1315 3147 1458 3187 babilc3
1490 3147 1848 3198 igiturquaecunque
1861 3166 1985 3191 natura
2011 3159 2265 3197 intelleetualis

1316 3197 1429 3242 magis
1456 3196 1689 3233 determinata
1716 3200 1766 3236 est
1792 3202 1833 3236 ad
1860 3208 2099 3252 appetendum
2139 3209 2171 3245 se
2200 3211 2266 3254 eff}¹

1313 3259 1421 3296 quam
1450 3247 1493 3282 ad
1519 3248 1757 3294 appetendum
1788 3254 1903 3290 Deum
1917 3255 2043 3303 effinsi
2074 3271 2144 3295 non
2166 3256 2266 3309 poslit

1315 3308 1501 3344 utrunque
1513 3298 1601 3335 stare
1632 3297 1732 3336 simul
1749 3328 1758 3340 ,
1782 3306 1865 3350 quia
1895 3307 1938 3342 ad
1964 3311 2205 3356 appetendum
2232 3313 2265 3348 sc

1315 3348 1382 3397 effe
1404 3348 1664 3385 determinatur
1689 3361 1860 3401 tanquam
1885 3357 1928 3392 ad
1953 3371 2065 3395 unum
2090 3364 2263 3406 naturale,

1316 3399 1359 3435 ad
1376 3396 1484 3445 cujus
1496 3399 1700 3447 oppositum
1712 3415 1783 3440 non
1797 3407 1909 3452 potest
1926 3409 2089 3447 inclinari
2102 3425 2263 3458 quacun-

1316 3463 1388 3498 que
1405 3450 1612 3487 conditione
1644 3453 1757 3498 polita
1785 3457 1880 3491 circa
1909 3459 2004 3496 aliud
2024 3488 2034 3504 ‚
2063 3464 2148 3508 quia
2175 3474 2262 3499 tunc

1316 3512 1388 3537 non
1406 3510 1591 3547 appetere<
1607 3501 1639 3538 se
1656 3525 1668 3543 ‚
1696 3504 1758 3540 nili
1771 3517 1852 3541 cum
1867 3509 2075 3548 conditione
2093 3537 2102 3547 .

1419 3552 1591 3587 Praeterea
1609 3579 1620 3594 ‚
1642 3549 1830 3592 Naturalis
1855 3563 2037 3607 appetitus
2066 3574 2136 3597 non
2164 3563 2264 3601 vide-

1317 3600 1455 3637 turell‘e
1475 3628 1484 3643 ,
1515 3601 1576 3636 nili
1601 3602 1762 3650 respc&u
1788 3612 2036 3646 convenientis
2067 3616 2263 3662 appetenti,

1316 3652 1351 3686 8(
1367 3663 1428 3698 per
1441 3650 1666 3698 consequens
1681 3655 1728 3690 est
1744 3659 1859 3702 primo
1874 3659 2032 3706 respeftu
2058 3662 2153 3698 illius
2166 3690 2176 3706 ,
2201 3669 2261 3701 cui

1317 3702 1502 3748 appetitur
1518 3706 1757 3742 conveniens:
1775 3708 1861 3743 illud
1875 3710 1922 3744 est
1943 3713 1974 3757 ip
1984 3708 2013 3745 lc
2030 3724 2173 3750 amans:
2192 3717 2263 3753 At·

1315 3753 1379 3800 qni
1397 3764 1440 3787 ex
1454 3764 1496 3787 eo
1510 3754 1606 3796 quod
1625 3757 1738 3802 ptimo
1753 3757 1790 3791 sit
1806 3758 1964 3807 respeehi
1982 3760 2060 3805 ejus
2076 3788 2086 3804 ‚
2102 3763 2174 3799 fieri
2191 3777 2261 3801 non

1316 3801 1429 3850 potest
1449 3830 1458 3844 ‚
1488 3803 1575 3839 utfit
1591 3808 1702 3850 magis
1716 3806 2061 3853 respcetualtcrius;
2082 3825 2169 3859 ergo
2195 3815 2262 3850 lio-

1614 3855 1648 3890 C
1678 3869 1696 3892 c
1724 3867 1741 3891 c
1771 3868 1789 3890 z
2154 3877 2214 3900 mo

2307 369 2374 398 dum
2385 373 2508 405 astet-“tio-

2307 417 2372 437 nem
2384 411 2504 450 Justit‘iae,

2307 448 2351 476 sed
2414 456 2507 490 appri-

2319 495 2364 514 me
2383 491 2505 520 consona

2307 527 2400 560 quoad
2443 530 2505 558 affe.

2306 562 2395 593 &ione
2427 575 2507 600 com-

2307 604 2385 632 modi
2398 622 2406 630 .

2306 2713 2336 2741 S.
2365 2706 2508 2756 Thomae}

2305 2754 2332 2780 ὅ(
2347 2754 2423 2793 Mag.
2436 2757 2506 2787 Sco-

2304 2792 2324 2818 ti
2343 2792 2439 2820 eadem
2466 2798 2504 2825 cst

2303 2829 2437 2860 sententia
2451 2845 2505 2864 cir-

2303 2876 2335 2895 ca
2389 2873 2490 2907 por-esen

2302 2905 2444 2943 quaefituni
2458 2930 2466 2939 .
