2653 4053
178 714 360 753 1-d.17·q.3.

157 759 272 793 ῥιγῶ(
286 756 334 783 28.

177 1622 288 1660 qai-49.
301 1633 318 1660 q
332 1625 359 1651 8.

159 1664 186 1695 9.
196 1660 360 1701 Respondeo.

183 2709 370 2750 φὰψ-ψῃ.

180 2751 371 2785 linig-prm-

173 2787 310 2825 cipatibus
325 2801 333 2811 ·

462 167 535 223 34

391 234 437 271 de
455 229 577 268 Aniel.
591 228 634 265 de
647 229 709 266 lib.
726 228 853 266 arbitr.
868 236 947 274 cap.
963 240 993 267 r.
1013 228 1148 274 Quific
1165 228 1341 268 habemn-

396 285 477 334 quit
496 308 506 325 ,
528 281 728 330 quoddecet
742 306 752 319 ,
779 278 978 325 &expedit
994 307 1005 322 ‚
1033 288 1075 314 ut
1084 279 1147 314 hoc
1174 284 1341 313 amittere

394 342 547 381 nequeat
565 359 576 374 ‚
604 332 750 367 liberior
762 357 774 373 ,
799 330 847 377 efll
861 342 968 377 quam
981 330 1040 366 ille
1056 356 1065 369 ,
1091 329 1210 376 quiſse
1234 330 1341 364 habet

395 386 457 422 hoc
473 381 586 431 ipsum
599 409 610 424 ,
631 380 772 430 mpoffic
787 381 934 424 perdere
948 409 956 417 .
970 383 1010 418 Et
1043 380 1173 415 exinde
1195 380 1341 414 conclu·

396 436 450 471 dit
474 445 482 468 :
508 434 658 471 liberior
673 435 791 478 igitur
807 430 846 474 <fi
860 431 1020 468 voluntas
1035 457 1046 473 ‚
1074 442 1178 478 quaea
1195 430 1340 464 reatitu-

394 486 475 525 dinc
485 484 663 520 declinare
674 486 797 530 nequit
811 508 820 517 .

501 535 558 572 Ad
576 534 767 570 secundum
787 531 983 579 respondeo
997 558 1006 572 ‚
1027 530 1237 576 assumptam
1254 541 1341 564 con-

394 588 604 623 ditionalem
617 583 684 620 effe
697 595 816 619 veram
833 610 843 624 ‚
869 582 926 617 sed
944 584 1114 617 minorem
1131 580 1341 614 falsamNe·

397 638 523 674 tissime
549 635 694 684 quidem
723 637 820 669 Deus
845 631 904 667 sua
932 635 1044 676 gratia
1072 632 1289 676 praeveniens
1305 630 1338 664 ἃ

397 690 573 724 adiuvans
591 685 747 720 sedentes
764 684 965 718 intenebris
977 681 1075 716 ducit
1090 708 1098 719 ‚
1121 693 1160 715 ac
1173 681 1279 715 trahit
1294 678 1338 713 ad

396 737 640 783 cognitionem
659 736 819 769 veritatis
837 759 846 773 ‚
865 744 944 779 quae
964 731 1012 766 est
1029 731 1193 765 Christus
1208 730 1341 765 media-

397 800 454 824 tor
469 788 580 823 Dei&
598 786 781 819 hominum
800 797 810 824 ;
826 783 893 818 Sed
908 793 1046 817 tantum
1063 781 1175 823 abest,
1195 791 1232 815 ut
1250 782 1341 815 inte-

398 840 463 875 rim
480 838 538 874 vis
555 837 729 871 inferatur
742 834 940 874 voluntati,
962 843 1023 866 aut
1038 832 1187 867 laedatur
1202 829 1280 876 ejus
1300 831 1340 865 li-

395 891 516 926 bertas
533 914 544 930 ,
557 886 727 933 siquidem
741 882 852 931 potest
868 884 1018 927 gratiam
1033 882 1198 918 collatam
1212 882 1342 916 abiice-

396 952 434 976 re
447 966 457 981 ,
486 950 595 983 atque
607 934 685 981 ejus
700 935 919 969 inclinationi
934 933 1101 979 refragari
1119 945 1131 973 3
1155 931 1227 977 ipsa
1244 931 1340 967 enim

397 990 446 1026 est
457 989 561 1024 causa
590 987 725 1034 prima,
750 997 829 1033 quae
851 985 964 1030 gratia
977 986 1089 1019 utitur
1106 1009 1118 1026 ,
1148 984 1181 1019 8<
1205 994 1275 1018 non
1298 991 1343 1018 e)

395 1038 570 1076 converso
591 1061 600 1072 .

499 1089 557 1126 Ad
571 1087 715 1122 tertium
734 1083 940 1123 dicendum,
959 1085 1076 1119 Deum
1092 1083 1187 1130 poli‘e
1201 1081 1346 1130 quidem

301 1165 308 1174 .
332 1146 359 1175 ιζ
398 1141 625 1176 voluntatem
646 1135 844 1171 annihilare
859 1147 921 1181 per
934 1133 1209 1170 subtraffionem
1224 1145 1347 1168 manu-

355 1205 365 1215 ·
399 1191 569 1226 tenentia:
585 1187 656 1222 suae
672 1211 683 1229 ‚
700 1198 772 1234 qua
785 1197 862 1221 tum
880 1184 951 1230 ipsa
968 1212 979 1227 ,
995 1196 1070 1220 tum
1087 1196 1213 1220 caetera
1229 1183 1348 1218 omnia

398 1240 590 1277 subsistunt
608 1251 620 1279 ς
647 1238 715 1274 Sed
728 1250 768 1272 ea
784 1246 947 1272 manente
960 1262 969 1275 ,
997 1236 1202 1270 violentiam
1217 1234 1278 1270 fibi
1294 1235 1348 1268 in-

397 1293 506 1332 ferri,
529 1289 688 1336 implicat
703 1286 1019 1322 contradiffionem
1035 1312 1043 1326 ‚
1073 1296 1111 1320 ut
1126 1287 1346 1331 explicatum

400 1341 451 1379 est
478 1369 486 1378 .
513 1339 571 1376 Ad
586 1349 746 1374 naturam
768 1336 977 1381 Angelicam
995 1336 1093 1383 quod
1106 1337 1248 1377 attinet,
1264 1336 1350 1371 dici-

398 1404 478 1429 mus
497 1391 660 1435 Angelos
687 1386 756 1423 esse
773 1387 915 1422 homine
935 1387 1152 1433 potentiores
1180 1384 1351 1431 subjeffi-

398 1455 444 1478 ve
463 1469 474 1484 ,
495 1440 581 1488 quia
596 1439 765 1486 potentiae
783 1464 792 1479 ‚
815 1437 1111 1483 quibusliberum
1129 1437 1351 1472 arbitrium..

398 1492 531 1528 dicitur
547 1488 707 1525 constare
725 1514 735 1528 2
760 1487 838 1522 sunt
864 1488 898 1522 in
927 1487 1163 1533 praestantiori
1189 1484 1352 1532 subja&

398 1543 564 1579 radicatae
582 1567 592 1582 ,
615 1539 670 1575 sed
682 1549 801 1574 tamen
814 1538 1040 1574 terminative
1055 1536 1136 1572 sunt
1151 1547 1351 1584 pares,cum

396 1593 504 1629 nobis
519 1591 754 1638 promittatur
766 1586 950 1623 beatitudo
975 1586 1199 1631 Angelorum
1216 1614 1228 1629 ,
1258 1587 1353 1620 Mat-

398 1645 437 1679 th
445 1643 482 1679 aei
503 1651 558 1676 22.
578 1640 697 1676 Erunt
710 1665 721 1682 ‚
735 1639 854 1685 inquit
872 1662 882 1677 ‚
887 1634 979 1680 ficut
995 1636 1134 1680 Angeli
1150 1636 1223 1670 Dei
1237 1639 1276 1670 in
1291 1646 1354 1669 coe-

397 1693 430 1730 lo
450 1718 462 1736 ‚
483 1691 613 1726 &ideo
627 1691 760 1724 nullam
781 1684 988 1720 violentiam
1008 1685 1125 1721 valent
1148 1685 1278 1723 inferre
1309 1685 1354 1721 li·

397 1746 486 1781 bero
496 1740 646 1777 arbitrio
658 1737 842 1774 hominum
853 1759 864 1774 t

563 1839 598 1878 A
627 1843 658 1878 R
687 1838 723 1877 T
752 1839 764 1873 Ι
798 1837 831 1874 C
860 1838 898 1873 U
926 1838 955 1874 L
985 1837 1024 1872 U
1051 1836 1075 1874 S
1125 1834 1172 1871 V.

482 1945 617 1980 Utrum
630 1940 800 1978 violentia
811 1936 932 1975 causet
944 1937 1228 1973 involuntarium
1255 1958 1266 1970 .

465 2045 596 2084 Durior
612 2043 692 2080 locis
704 2045 741 2079 in
756 2043 911 2087 margine
922 2039 1062 2076 citatis.
1082 2040 1126 2074 S·
1143 2038 1290 2075 Thomas

727 2103 803 2129 με.
819 2104 852 2140 q.
869 2093 904 2128 6.
920 2099 980 2126 art
997 2097 1031 2134 ς.

526 2194 652 2231 ldetur
680 2195 849 2237 violentia
870 2203 941 2229 non
965 2190 1108 2227 causare
1147 2191 1353 2226 involunta-

542 2248 630 2282 rium
646 2272 657 2283 .
672 2249 768 2283 Nam
782 2257 825 2281 ex
839 2243 942 2279 dietis
955 2252 1023 2277 arc.
1034 2241 1185 2288 praeced.
1202 2254 1245 2277 ne
1261 2241 1293 2274 di
1305 2240 1353 2272 υἱ-

402 2299 502 2334 nitus
516 2297 661 2344 quidem
679 2297 848 2333 violentia
880 2294 1060 2328 voluntati
1078 2291 1191 2339 potest
1215 2290 1353 2331 inferri,

404 2351 440 2385 ἕ(
456 2360 526 2383 non
545 2346 653 2383 solum
667 2358 843 2395 quantum
858 2344 900 2378 ad
928 2345 1027 2379 aflus
1042 2344 1086 2378 ab
1103 2340 1174 2387 ipsa
1199 2342 1354 2380 elicitos,

405 2398 463 2434 sed
477 2399 583 2433 etiam
598 2397 718 2445 quoad
732 2399 925 2443 imperatos
943 2420 952 2430 .
975 2393 1076 2431 Nihil
1093 2404 1210 2427 autem
1225 2391 1272 2427 est
1288 2401 1353 2424 vo-

406 2450 599 2485 luntarium
614 2474 624 2490 ‚
641 2459 701 2482 aut
720 2444 1002 2482 involuntarium
1020 2471 1028 2485 ‚
1043 2443 1104 2479 niii
1121 2452 1296 2489 quatenus
1312 2439 1354 2474 ad

406 2498 516 2546 ipsam
530 2498 662 2545 l'peEttat
673 2498 898 2532 voluntatem
915 2505 1020 2536 ;cum
1034 2505 1119 2537 ergo
1133 2495 1298 2528 voluntas
1316 2491 1351 2525 lit

407 2550 511 2596 supra
527 2560 670 2584 omnem
701 2549 911 2583 violentiam
925 2570 937 2587 ,
961 2557 1022 2592 per
1038 2545 1241 2580 violentiam
1268 2540 1357 2578 nihil

406 2600 457 2638 est
471 2601 648 2635 voluntati
664 2598 948 2635 involuntarium
965 2623 974 2632 .

509 2650 694 2690 Praeterea‚
707 2649 820 2698 Qod
836 2648 883 2684 est
897 2661 915 2683 a
934 2647 1136 2688 voluntate,
1148 2645 1215 2683 esse
1232 2643 1356 2690 nequit

409 2701 711 2740 involuntarium3
724 2699 791 2735 Sed
808 2701 931 2746 aliqua
948 2699 1117 2733 violentia
1132 2697 1180 2732 est
1195 2710 1213 2732 a
1231 2695 1358 2730 volun,

408 2763 480 2789 tate
494 2778 505 2794 ,
531 2751 648 2787 saltem
664 2761 872 2795 acceptante
889 2777 901 2793 ,
928 2750 957 2784 ἢ
979 2748 1009 2785 se
1023 2749 1266 2795 complacente
1293 2747 1355 2781 itt-

409 2805 464 2840 illa
481 2816 492 2843 3
517 2815 602 2850 ergo
621 2801 790 2836 violentia
810 2812 879 2835 non
892 2800 995 2835 efficit
1024 2800 1354 2834 involuntarium.

409 2855 578 2890 Probatio
593 2853 758 2887 minoris:
775 2851 942 2896 Corpora
959 2852 1146 2886 bearorum
1163 2849 1307 2895 reperiri
1320 2848 1354 2883 8<

407 2906 516 2941 iocari
534 2903 685 2944 sursum,
699 2903 786 2950 quid
806 2902 1007 2936 violentum
1020 2898 1069 2934 est
1084 2926 1093 2939 ,
1107 2901 1191 2946 quia
1207 2902 1359 2934 elemcn-

406 2965 442 2991 ta
457 2953 535 2989 sunt
564 2965 663 2988 eura
681 2954 864 2999 proprium
883 2952 1000 2986 locum
1023 2976 1033 2991 ,
1060 2950 1094 2985 8<
1119 2949 1355 2985 nihilominus

407 3006 576 3040 voluntas
589 3004 776 3039 hominum
793 3006 977 3037 beatorum
994 2999 1126 3045 gaudet
1137 2999 1180 3034 de
1194 3000 1253 3034 tali
1278 2999 1357 3034 vio-

409 3057 542 3095 lentia;
570 3055 681 3101 gitur
709 3054 754 3090 de
777 3053 949 3090 violentia
974 3063 1044 3086 non
1070 3050 1234 3098 procedit
1259 3051 1356 3087 invo.

410 3106 603 3142 luntarium
617 3131 626 3141 .
658 3103 664 3106 ’
1340 3133 1363 3162 ⁸³

510 3155 678 3192 Praetcrea
692 3182 701 3197 ‚
716 3156 1004 3191 lnvoluntarium
1024 3153 1186 3201 sequitur
1199 3152 1358 3195 tristitia,

409 3206 601 3243 secundum
625 3206 872 3249 Augustinum
888 3234 898 3250 ,
930 3218 987 3250 14.
1004 3204 1047 3240 de
1079 3205 1195 3242 Ctvic.
1213 3213 1284 3248 cap.
1304 3213 1358 3246 ις.

408 3256 614 3292 scribentem
631 3284 642 3299 ,
657 3260 795 3294 ‘qm'mi
808 3257 903 3293 dolor
917 3284 926 3299 ,
938 3259 1000 3304 qui
1014 3263 1236 3303 nuncupatur
1247 3251 1365 3300 trtsti-

411 3310 463 3344 t'a
479 3334 487 3348 ,
513 3309 564 3343 er?
577 3309 619 3344 ab
636 3310 688 3344 his
700 3310 802 3344 rebus
818 3335 826 3349 ‚
851 3320 927 3356 quae
939 3305 1035 3343 nobis
1064 3304 1258 3343 nolentibus
1269 3306 1362 3341 acci-

413 3358 503 3394 dunt
516 3384 524 3392 .
546 3358 615 3394 Sed
637 3359 787 3405 aliquam
805 3361 887 3406 quis
905 3358 1048 3393 sustinet
1059 3358 1282 3399 violentiam,
1297 3368 1362 3391 nec

415 3420 532 3444 tamen
548 3408 628 3444 inde
641 3409 803 3444 tristatur
818 3436 826 3449 ‚
845 3420 884 3445 ut
902 3410 1018 3457 liquet
1033 3409 1066 3442 in
1081 3406 1206 3442 sanetis
1224 3409 1362 3453 Marty-

418 3460 515 3495 ribus
550 3472 562 3500 ;
603 3470 690 3505 ergo
716 3460 886 3495 violentia
919 3471 990 3496 non
1017 3457 1135 3494 causat
1161 3459 1366 3495 involunta-

418 3521 509 3545 rium
525 3534 532 3542 .

519 3560 657 3598 Contra
679 3587 688 3602 ,
712 3559 830 3597 Potest
845 3563 926 3610 quis
940 3562 1116 3597 violenter
1133 3560 1294 3609 impediri
1322 3573 1365 3596 ne

429 3618 555 3646 utatur
566 3613 722 3658 potentia
737 3613 817 3646 loco
831 3615 963 3648 motiva
979 3613 1020 3647 ad
1034 3613 1220 3659 imperium
1239 3613 1368 3647 volun-

421 3660 612 3705 tat153ergo
628 3663 724 3697 illata
744 3663 915 3699 violentia
932 3663 1048 3699 causat
1067 3662 1364 3698 involuntarium.

522 3710 931 3757 Respondeodicendum
951 3739 963 3757 ‚
984 3726 1026 3749 eo
1041 3713 1170 3755 modo,
1201 3725 1276 3761 quo
1301 3726 1366 3748 vo-

421 3759 596 3795 luntatem
611 3762 780 3802 habenti,
796 3765 967 3800 violentia
985 3763 1096 3811 potest
1116 3764 1366 3811 infe1·ri,ipsam

422 3809 865 3852 causarcinvoluntarium
886 3841 897 3853 .
922 3819 1014 3867 Q
1032 3814 1163 3851 solutio
1178 3813 1364 3866 perspicua

1023 160 1205 207 Summae
1232 159 1412 210 Ioannis
1453 159 1585 205 Duns
1615 157 1732 205 Scoti

1422 226 1470 262 est
1483 239 1528 263 ex
1540 228 1648 264 ἀίξὶῐε
1660 237 1731 263 art.
1741 225 1958 275 praecedenti
1969 253 1979 262 .
1992 228 2062 264 Etsi
2091 227 2183 263 enim
2212 228 2375 269 implicet

1419 279 1739 314 contradiffionem
1752 306 1763 321 ‚
1792 283 2013 314 voluntatem
2048 280 2121 327 pati
2136 279 2377 315 violentiam..

1420 329 1454 363 in
1468 328 1605 364 aeribus
1622 357 1630 368 ‚
1651 331 1713 375 qui
1727 331 1773 365 ab
1785 341 1824 364 ea
1845 329 2052 364 immediate
2068 331 2261 365 eliciuntur
2273 355 2283 370 ,
2313 340 2375 364 aut

1418 379 1636 423 imperantur
1649 381 1777 425 praex‘ia
1788 379 2043 415 deliberatione
2056 407 2066 420 ,
2091 391 2245 416 attamen
2261 378 2374 425 potest

1418 428 1541 464 inferri
1554 432 1610 466 vis
1623 432 1734 465 libero
1747 430 1899 465 arbitrio
1912 430 2071 473 praeditis
2088 431 2132 466 fic
2149 457 2157 471 ‚
2182 443 2221 466 ut
2240 441 2375 473 cogan-

1419 489 1480 513 tur
1498 481 1609 515 multa
1628 481 1732 515 inviti
1747 479 1916 515 sustinere
1933 506 1943 520 ‚
1964 480 2094 515 adeout
2110 482 2286 517 voluntati
2303 491 2374 514 non

1418 529 1459 564 fit
1472 530 1624 576 porestas
1639 530 1792 565 exeundi
1808 531 1842 564 in
1856 531 2057 565 contrarios
2076 531 2177 567 acius
2200 559 2207 572 ‚
2223 532 2285 577 qui
2300 530 2374 564 nati

1416 579 1495 614 sunt
1507 579 1583 616 fieri
1601 594 1660 626 per
1677 581 1870 625 potentiam
1885 581 1964 614 loco
1977 581 2098 615 motivi
2113 583 2217 623 m3est
2236 592 2320 622 ergo
2337 579 2374 614 fi.

1418 631 1454 665 bi
1468 643 1552 666 tunc
1569 632 1846 666 involuntarium
1860 630 2036 676 quicquid
2054 635 2197 677 cogitur
2224 632 2375 667 sustine-

1419 693 1454 716 re
1470 691 1596 715 contra
1613 680 1650 715 su
1659 693 1715 714 um
1733 679 1942 714 defiderium
1959 705 1967 719 ,
1983 692 2190 726 percuperet
2204 684 2297 717 enim
2313 682 2370 714 uti

1418 742 1484 776 pro
1503 731 1605 765 libito
1624 730 1780 777 potentia
1799 729 2065 770 locomotiva,&
2082 733 2317 768 nihilominus
2334 728 2370 764 id

1420 781 1482 815 fibi
1495 793 1557 827 per
1580 779 1821 815 extrinsecum
1849 779 2044 825 impediens
2060 792 2130 817 non
2150 784 2227 818 licet
2245 807 2254 816 .

1520 830 1590 866 Sed
1608 830 1873 874 intelligendum
1891 829 1989 876 quod
2004 832 2170 867 natm-ale
2183 832 2230 867 est
2258 831 2371 877 aequi-

1419 892 1550 916 vocum
1568 894 1580 921 ς
1605 893 1681 915 nam
1697 881 1846 916 diversis
1860 881 2058 926 opponitur
2074 907 2085 922 ,
2111 894 2190 928 quae
2204 881 2253 917 est
2265 893 2369 926 regu-

1421 932 1451 966 la
1468 930 1705 975 cognoscendi
1722 931 1915 977 multiplex
1930 957 1940 972 ‚
1963 927 2070 975 juxta
2090 930 2292 967 Aristotelis
2307 932 2372 966 do·
2418 946 2421 952 v

1422 981 1571 1016 &tinam
1589 1008 1601 1024 ,
1637 994 1665 1016 ι.
1686 981 1798 1025 Topic.
1813 989 1884 1028 cap.
1906 990 1962 1016 12.
1981 980 2108 1026 ltaque
2118 982 2282 1018 naturale
2295 994 2370 1016 uno

1424 1031 1533 1067 modo
1545 1032 1741 1077 opponitur
1755 1033 1883 1070 libero,
1897 1041 1976 1075 quae
1990 1028 2070 1065 sunt
2085 1034 2241 1067 membra
2256 1034 2373 1080 primo

1423 1082 1620 1117 dividentia
1640 1082 1855 1128 principium
1881 1080 2038 1115 :tc-tivum
2057 1108 2068 1123 ,
2101 1094 2145 1117 ex
2177 1082 2372 1120 Aristotele

1425 1145 1460 1167 2.
1491 1132 1598 1180 Phys]
1612 1141 1702 1168 text.
1714 1144 1778 1177 49.
1789 1143 1901 1178 eaque
1918 1130 2050 1165 habent
2063 1133 2266 1180 oppositum
2296 1143 2376 1168 rno-

1425 1184 1509 1219 dum
1535 1182 1797 1229 principiandi3
1831 1194 1908 1216 nam
1937 1182 2152 1229 principium
2180 1183 2375 1219 aetivuam

1426 1235 1588 1270 naturale
1625 1231 1815 1269 neceffario
1849 1232 2108 1267 determinatur
2161 1234 2202 1267 ad
2244 1245 2374 1274 unum,

1426 1284 1557 1320 adeout
1572 1296 1641 1319 non
1656 1283 1755 1330 poffit
1772 1283 1805 1316 in
1816 1281 2021 1328 oppositum
2037 1309 2048 1324 ‚
2076 1281 2134 1318 sed
2159 1284 2376 1330 principium

1428 1335 1586 1370 aistivum
1602 1335 1749 1370 liberum
1766 1360 1778 1377 ‚
1805 1334 1909 1368 etiam
1928 1344 1993 1381 pro
2006 1344 2093 1377 t‘unc
2109 1334 2258 1381 quando
2286 1334 2376 1378 agit,

1430 1385 1543 1435 potest
1557 1387 1590 1420 in
1607 1383 1808 1430 oppositum
1822 1382 1901 1430 ejus
1917 1410 1928 1426 ‚
1954 1383 2051 1430 quod
2065 1385 2379 1432 repraesentatzcae-

1427 1448 1543 1473 terum
1561 1435 1624 1471 sub
1641 1435 1707 1470 hac
1720 1433 1892 1470 divifione
1918 1446 1989 1469 non
2003 1434 2097 1469 cadit
2123 1435 2376 1482 principium„

1429 1488 1599 1537 passivum
1617 1514 1630 1531 ,μ
1652 1488 1736 1532 quia
1755 1497 1859 1521 omne
1872 1484 2042 1531 paffivum
2059 1486 2274 1532 inquantum
2303 1483 2375 1518 tale

1428 1540 1635 1574 naturaliter
1650 1537 1784 1583 patitur
1800 1561 1812 1577 ‚
1837 1537 1871 1570 8<
1886 1546 1956 1568 non
1971 1535 2080 1568 libere
2096 1561 2106 1574 ,
2135 1546 2175 1568 ac
2197 1531 2379 1578 proinde-2

1428 1589 1644 1635 principium
1659 1585 1818 1619 naturale
1831 1581 2082 1629 complectitur
2102 1592 2251 1628 quoque
2281 1582 2380 1627 prin·

1427 1639 1562 1686 cipium
1578 1635 1747 1680 passivum
1763 1658 1772 1669 .

1530 1684 1672 1724 Deinde
1689 1685 1737 1720 Te>
1747 1682 1913 1720 naturale
1922 1683 2123 1731 opponitur
2135 1682 2378 1730 violentaque
2403 1687 2411 1691 “

1426 1741 1465 1774 in
1478 1739 1689 1781 acceptione
1707 1746 1775 1768 non
1791 1733 2109 1780 comprehenditur
2123 1733 2379 1780 principium-³

1430 1787 1588 1821 affivum
1607 1809 1619 1827 ,
1644 1784 1701 1819 vel
1719 1794 1826 1829 agens
1847 1796 1856 1818 ι
1893 1784 2083 1831 Siquidem
2116 1784 2254 1819 nullum
2270 1794 2380 1828 agens

1428 1835 1601 1871 violenter
1612 1836 1683 1879 agit
1698 1861 1706 1874 ‚
1730 1845 1811 1869 cum
1827 1834 1980 1880 quilibet
1997 1844 2079 1880 agat
2091 1833 2284 1869 secundum
2303 1833 2380 1868 for·

1429 1899 1520 1922 mam
1545 1885 1640 1920 suam
1664 1885 1859 1931 naturalem
1875 1910 1883 1924 ‚
1914 1896 2023 1932 atque
2039 1882 2199 1929 ejusdem
2228 1883 2380 1918 inclina-

1428 1937 1584 1972 tionem.
1600 1935 1782 1970 Violentia
1797 1944 1915 1969 autem
1934 1936 1968 1971 in
1984 1935 2042 1968 illo
2061 1960 2070 1974 ,
2083 1936 2117 1970 in
2131 1946 2206 1981 quo
2217 1931 2381 1975 est‚sem·

1430 1999 1491 2034 per
1506 1987 1551 2022 est
1568 1997 1691 2021 contra
1704 1986 1972 2021 intimationem
1990 1984 2110 2020 formae
2143 1985 2382 2019 violentiam-s

1428 2038 1596 2086 patientis
1614 2035 1851 2076 ,submoxrtns
1868 2063 1875 2073 ,
1889 2037 1948 2071 vel
1961 2036 2174 2082 impediens,
2192 2037 2378 2071 autetiam

1431 2100 1554 2124 arcens
1571 2086 1817 2133 pcrfiffiionem
1833 2085 1914 2130 ejus
1943 2087 2136 2121 naturalem
2161 2111 2172 2121 .
2201 2086 2236 2121 Si
2264 2085 2381 2129 igitur

1429 2140 1602 2177 violentia
1616 2148 1684 2171 non
1703 2135 1807 2170 afficit
1821 2138 2034 2181 principium
2061 2137 2218 2173 afflvum
2234 2163 2243 2177 ,
2261 2135 2385 2181 super-

1431 2189 1479 2226 est
1493 2200 1530 2224 ut
1546 2188 1836 2223 dicaturtantum
1855 2187 1896 2221 de
1911 2188 2090 2234 principio
2106 2186 2236 2233 passivo
2261 2213 2270 2221 .
2300 2184 2384 2221 Pas-

1433 2241 1509 2276 sum
1526 2251 1612 2274 vero
1626 2249 1711 2273 tunc
1726 2237 1940 2281 intelligitur
1953 2239 2156 2274 violentiam
2172 2239 2244 2284 pati
2255 2247 2382 2284 quum

1432 2291 1473 2327 ad
1490 2289 1696 2337 oppositum
1713 2288 1823 2324 illius.
1836 2299 1911 2334 quo
1925 2287 2090 2330 afficitur,
2105 2289 2313 2324 naturaliter
2326 2289 2380 2322 in-

1433 2339 1702 2378 clinattir,fici1t
1716 2351 1776 2385 per
1790 2338 1989 2385 oppositum
2005 2341 2212 2375 naturaliter
2227 2341 2380 2386 patitur,

1433 2392 1577 2440 qnando
1591 2390 1630 2425 ad
1644 2389 1731 2425 illud
1750 2390 1958 2425 naturaliter
1973 2391 2165 2426 inclinatur
2182 2402 2192 2423 ι
2212 2390 2384 2425 violentia

1433 2445 1543 2489 igitur
1558 2454 1627 2476 non
1641 2439 1689 2475 est
1704 2440 1867 2476 conditio
1882 2440 2275 2488 agentis.sedpafl'1.ssrfi
2288 2441 2384 2475 enim

1434 2494 1563 2538 aliquis
1593 2492 1772 2526 violenter
1798 2503 1937 2534 arrepta
1954 2505 2060 2527 :nanu
2091 2505 2164 2527 mea
2196 2492 2379 2537 percutiat

1435 2544 1542 2581 alium
1556 2569 1566 2584 ‚
1593 2553 1698 2589 quem
1715 2542 1798 2576 nolo
1807 2544 1955 2578 verbera
1964 2556 1998 2579 re
2010 2571 2019 2585 ‚
2046 2555 2114 2578 non
2129 2553 2318 2590 propterea
2331 2540 2387 2574 di·

1436 2607 1498 2632 cor
1510 2605 1578 2639 ego
1595 2594 1769 2628 violenter
1782 2605 1886 2639 agere
1902 2618 1914 2635 .,
1938 2593 1994 2628 sed
2012 2595 2126 2638 magis
2144 2594 2218 2640 pati
2246 2592 2387 2627 violen-

1435 2648 1522 2683 tiam
1539 2671 1547 2685 ‚
1573 2645 1656 2691 quia
1674 2643 1834 2689 respeftu
1854 2644 2080 2690 percuffionis
2098 2654 2168 2678 non
2184 2642 2265 2690 plus
2299 2652 2385 2685 ago,

1434 2708 1543 2744 quam
1558 2696 1646 2740 lapis
1668 2718 1676 2726 .
1705 2695 1841 2729 Etenim
1855 2695 2073 2741 principium
2091 2694 2217 2738 agendi
2234 2692 2390 2740 quamli-

1435 2750 1493 2784 bet
1508 2745 1564 2782 a&
1579 2757 1681 2780 onem
1699 2743 1746 2779 est
1759 2747 1876 2788 agenti
1890 2745 1983 2779 intri1
2003 2742 2119 2780 secum
2136 2769 2146 2784 ,
2172 2742 2274 2778 sedin
2303 2739 2389 2777 casu

1435 2798 1483 2835 est
1511 2796 1660 2831 omnino
1687 2793 1928 2830 extrinsecum
1948 2819 1957 2829 .
1973 2793 2030 2830 13st
2062 2795 2174 2841 igitur
2190 2793 2388 2829 violentia-³

1436 2848 1593 2884 conditio
1608 2844 1688 2895 passi
1703 2871 1716 2888 ‚
1737 2846 1791 2882 vel
1806 2845 1975 2895 principii
1989 2844 2112 2894 paffivi
2129 2870 2140 2886 ‚
2166 2855 2206 2880 ut
2219 2842 2390 2880 dietum„

1435 2899 1484 2937 est
1498 2926 1506 2936 .

1539 2950 1598 2989 Ad
1615 2957 1822 2995 argumenta
1838 2973 1847 2982 .
1862 2945 1919 2984 Ad
1939 2948 2090 2994 primum
2108 2944 2393 2993 respondeomti-

1437 3013 1509 3050 que
1527 3002 1747 3036 voluntatem
1764 2999 1831 3034 effe
1858 2998 1962 3045 supra
1976 3009 2116 3034 omnem
2148 2997 2392 3032 violentiam-³

1436 3052 1558 3100 quoad
1572 3051 1670 3087 aetus
1685 3052 1729 3085 ab
1758 3049 1790 3085 se
1804 3050 2037 3094 procedentes
2056 3047 2259 3084 immediate
2280 3073 2289 3087 ‚
2320 3056 2385 3080 aut

1438 3103 1544 3140 ctiam
1562 3100 1826 3143 elicitos,modo
1838 3099 1902 3134 sint
1915 3101 2015 3138 afihis
2029 3096 2260 3135 humani.Sed
2274 3107 2393 3132 tamen

1439 3155 1462 3190 {i
1478 3155 1561 3200 quis
1590 3153 1725 3200 pollens
1737 3152 1874 3186 viribus
1906 3161 2013 3186 manu
2032 3161 2107 3184 mea
2138 3150 2288 3187 alterum
2317 3146 2392 3192 ple·

1440 3205 1510 3241 &at
1529 3232 1538 3246 ,
1562 3204 1772 3239 menolente
1799 3212 1875 3237 eam
1895 3199 2145 3248 percussionem
2160 3223 2172 3243 ‚
2193 3198 2394 3234 violentia-2

1443 3256 1519 3292 haec
1531 3256 1624 3289 illata
1639 3252 1688 3288 est
1701 3251 1882 3287 manifeste
1893 3249 1998 3286 causa
2015 3248 2254 3286 involuntarii
2266 3275 2276 3284 .

1545 3305 1603 3343 Ad
1621 3302 1812 3340 secundum
1839 3301 2000 3337 concedo
2013 3326 2024 3342 ,
2045 3300 2297 3347 quotiesillata
2313 3297 2392 3331 vio·

1447 3357 1554 3394 lentia
1570 3364 1713 3401 accepta
1729 3352 1778 3388 est
1795 3352 1945 3398 patienti
1965 3379 1975 3394 ‚
1997 3351 2128 3387 exinde
2151 3362 2220 3386 non
2249 3345 2392 3384 causari

1451 3408 1736 3444 involuntarium
1751 3430 1759 3437 .
1779 3401 1848 3438 Sed
1863 3401 1944 3437 falsa
1962 3402 2011 3437 cst
2027 3402 2141 3438 illatio
2154 3399 2314 3437 absolute
2330 3398 2392 3432 de-

1450 3455 1557 3493 duaa
1569 3483 1577 3491 .
1592 3456 1688 3489 Cum
1704 3454 1878 3500 probatur
1891 3455 2009 3489 minor
2024 3478 2035 3496 ,
2060 3463 2210 3500 accepto
2223 3449 2393 3495 exemplo

1449 3520 1495 3543 ex
1511 3507 1723 3554 corporibus
1738 3506 1920 3539 beatorum
1933 3531 1944 3546 ,
1966 3506 1999 3539 in
2012 3505 2146 3550 quibus
2161 3501 2390 3547 reperiuntur

1450 3559 1626 3593 elementa
1656 3567 1756 3590 extra
1788 3555 1973 3600 proprium
1999 3555 2136 3590 locum.
2168 3551 2392 3598 Responsio,
2427 3554 2598 3627 §.35905323

2447 3612 2454 3620 ·
2507 3601 2548 3620 ter
2563 3601 2572 3618 1

2426 3631 2520 3671 primi
2518 3629 2582 3671 pale
2591 3644 2596 3652 ·

1451 3611 1536 3656 Qa
1557 3609 1693 3642 ratione
1710 3606 1881 3641 clementa
1895 3604 2007 3640 sintin
2022 3606 2140 3641 mixto
2161 3603 2295 3652 dicium
2324 3601 2391 3637 fuit

1458 3672 1488 3696 1.
1504 3669 1535 3707 p.
1554 3671 1587 3705 q.
1602 3659 1666 3705 76.
1680 3665 1753 3692 arc.
1769 3667 1805 3701 4.
1832 3656 1868 3691 in
1886 3655 2064 3691 incidenti
2079 3680 2088 3690 .
2117 3653 2186 3690 Sed
2203 3667 2247 3690 ex
2277 3652 2395 3701 hypo-

1457 3710 1543 3746 thesi
1558 3709 1656 3756 quod
1671 3710 1842 3750 elementa
1855 3707 1992 3742 realiter
2010 3709 2042 3741 in
2062 3707 2178 3740 mixto
2210 3705 2396 3753 reperian-

1454 3774 1514 3798 tur
1533 3787 1543 3802 ‚
1557 3759 1751 3807 respondeo
1769 3757 1813 3792 sic
1835 3771 1845 3798 ς
1879 3757 1967 3792 lllud
1983 3757 2031 3794 est
2044 3756 2243 3801 simpliciter
2259 3754 2399 3790 violen-

1456 3825 1535 3851 tum
1554 3811 1653 3861 quod
1666 3810 1861 3860 opponitur
1878 3808 2082 3858 {impliciter
2099 3807 2304 3850 naturam&
2323 3816 2401 3840 ma-

2295 3856 2351 3902 gis
