2643 4043
134 229 175 256 D.
190 228 337 265 hmetaph.

137 277 163 302 q.
176 275 203 302 3·
224 274 254 295 ⁷¹·
268 270 333 300 3-2‘7‘

139 1457 170 1476 2.
194 1445 223 1475 d.
250 1447 296 1482 35².
318 1448 341 1475 ὁ.
379 1384 473 1471 R

139 1487 296 1522 Pyrantho
309 1502 316 1509 .

138 1543 158 1553 ι.
181 1526 196 1552 d
210 1533 342 1558 :io-qro-

139 1572 194 1591 ρι’.
210 1572 237 1588 2.
262 1565 286 1589 ὖ.
303 1561 345 1599 Es}

163 1640 286 1684 ..r-..Qun
305 1637 346 1675 fil?
382 1646 450 1669 tem
477 1634 666 1670 efficaciter
705 1635 820 1669 volito
845 1662 852 1674 ,

156 1687 228 1704 olm·

149 1703 231 1744 iim-9..

158 1774 164 1780 .
181 1764 209 1781 Aa

157 1802 215 1820 lum
226 1810 234 1818 ι

444 102 512 146 86

370 171 450 206 dam
466 175 571 212 agant
587 163 631 199 ad
650 161 756 199 instar
771 161 957 197 hominum
976 171 1020 195 ex
1051 158 1307 193 deliberatione

372 224 405 259 8<
422 218 569 256 confiiio
597 214 810 250 exeuntium
839 214 873 248 in
898 222 1018 258 opus,
1049 220 1094 244 ex
1121 220 1166 243 eo
1188 219 1307 243 tamen

373 285 445 309 non
459 266 699 315 sequipariter
717 265 924 308 cognitione
943 261 1020 296 finis
1041 260 1076 294 &
1102 257 1305 295 mediorum

371 325 530 373 ponere:
549 313 796 362 namidipsum
808 313 908 361 quod
938 311 1135 347 deliberato
1161 308 1308 346 consilio

374 374 414 410 fit
433 400 444 416 ,
468 368 558 407 effici
573 364 688 413 potest
705 364 838 413 absque
859 362 1113 400 deliberatione
1130 388 1138 401 ‚
1168 359 1202 394 8<
1233 359 1308 393 εἱς-,ι

371 424 447 461 solo
462 417 625 457 sensitivo
640 417 800 463 appetitu
815 416 956 463 prodire
968 426 976 448 2
990 414 1023 448 &
1036 413 1151 448 similis
1163 408 1306 456 quidem

373 485 461 512 tunc
476 471 566 508 foret
584 478 739 512 utraque
754 464 848 501 afflo
867 465 1025 500 exterius
1038 490 1049 504 ‚
1072 461 1128 498 sed
1148 472 1219 495 non
1248 469 1309 506 pa-

373 526 459 562 riter
473 531 628 566 uterque
643 528 751 561 agens
770 516 854 551 effet
870 515 1036 551 dominus
1060 511 1129 548 suae
1142 510 1307 546 aetionis.

372 577 501 622 ltaque
513 569 683 619 quoniam
702 568 806 602 bruta
820 567 854 600 in
870 565 966 601 omni
984 564 1141 608 ipsorum
1167 560 1309 596 afflone

372 627 557 662 ducuntur
571 647 584 668 ,
610 619 643 653 Sc
658 629 728 655 non
742 618 879 651 ducunt
895 642 907 658 ‚
933 612 1020 651 nihii
1037 624 1142 661 agere
1166 619 1308 658 queunt

373 673 598 723 providendo
611 669 673 703 sabi
686 665 846 714 respestu
863 666 1071 702 futurorum
1101 675 1148 699 ex
1175 671 1310 696 memo-

373 728 423 761 ria
440 721 631 773 praeteriti:
648 718 774 754 similes
788 717 935 763 proinde
948 716 1184 751 humanarum
1206 710 1312 747 exhi·

374 778 459 812 beut
475 775 655 811 εξὶίοῃεε,
681 767 725 801 ad
753 777 810 802 eas
842 765 1067 814 propellente
1090 774 1218 801 natura
1235 786 1246 801 ,
1270 770 1311 794 ac

373 825 645 873 repraesentante
654 820 772 855 omnia
789 827 895 864 prout
912 817 991 865 ipfis
1005 816 1156 854 inditum
1182 811 1249 853 fuit
1264 821 1311 846 ex

370 887 447 912 arte
457 875 579 912 divina
593 897 605 907 .

523 968 1031 1010 ARTICULUS
1094 967 1164 1007 111.

397 1081 533 1115 Utrum
548 1075 675 1112 eleStio
690 1075 729 1111 sit
744 1074 854 1110 solum
873 1073 994 1109 eorum
1011 1098 1022 1114 ,
1044 1082 1125 1116 quae
1151 1068 1231 1105 sunt
1246 1063 1290 1101 ad

422 1129 530 1166 finem
548 1153 559 1169 ,
589 1129 645 1164 vel
661 1128 765 1163 etiam
778 1123 998 1173 quandoque
1024 1121 1134 1170 ipsius
1159 1118 1263 1156 finis.

423 1230 554 1269 Dos-*lor
568 1228 627 1264 loe.
646 1231 683 1264 in
698 1228 856 1274 margine
870 1224 989 1261 citatis
1017 1250 1029 1262 .
1059 1225 1101 1262 S.
1120 1223 1267 1260 Thmui

668 1289 870 1326 r.2.q.13v
902 1285 974 1312 art.
992 1288 1025 1324 3.

492 1380 678 1427 Espondeo
693 1379 881 1416 dicendum
898 1403 911 1423 ‚
944 1379 1164 1416 Elefflonem
1179 1375 1245 1414 esse
1261 1374 1317 1410 so-

500 1432 571 1466 lum
588 1443 712 1467 eorum
731 1458 741 1473 ‚
774 1443 854 1477 qiiae
871 1430 948 1466 sunt
972 1430 1014 1464 ad
1043 1429 1148 1465 finem
1167 1456 1178 1472 ,
1200 1438 1317 1475 quau-

381 1490 499 1528 doque
511 1492 628 1518 tamen
647 1481 711 1517 sub
724 1483 932 1517 eleeiionem
946 1480 1071 1516 cadere
1087 1479 1192 1516 finem
1206 1505 1215 1521 ‚
1231 1488 1315 1514 cum

380 1535 409 1567 is
425 1534 464 1567 ad
483 1533 686 1568 ulteriorem
702 1531 806 1570 finem
836 1532 1031 1570 ordinatur.
1049 1531 1237 1578 Siquidem
1253 1539 1318 1564 vo-

385 1585 529 1619 luntate
543 1584 590 1619 est
607 1583 713 1618 finem
732 1584 916 1620 intendere
931 1596 1002 1619 non
1015 1586 1146 1628 eligere
1162 1592 1227 1616 :eo
1254 1591 1318 1614 au-

888 1634 992 1679 jubet
1022 1630 1240 1668 intelie&um
1264 1629 1318 1662 in-

230 1677 341 1742 ‹zien—
380 1685 520 1730 quii-ere
534 1709 543 1723 ‚
573 1685 607 1717 8<
624 1684 807 1718 deliberari
824 1685 867 1717 de
887 1683 1012 1717 mediis
1033 1683 1075 1715 ad
1106 1680 1201 1714 illius
1233 1677 1321 1712 affe-

220 1734 341 1780 'ud'du-
381 1744 597 1780 quutionem
615 1733 928 1773 conducentibus;
954 1744 1032 1779 quae
1044 1744 1124 1767 cum
1138 1729 1318 1764 voluntati

380 1782 690 1832 praezistenduntiir
718 1808 728 1823 ,
764 1783 839 1818 haec
861 1784 990 1816 exinde
1015 1779 1212 1827 praeeligit,
1239 1779 1319 1812 reli-

377 1836 461 1881 quis
478 1833 630 1868 relictis:
649 1831 697 1865 est
713 1832 823 1877 igitur
838 1831 1097 1865 eleffloeorum
1130 1835 1210 1869 quae
1237 1823 1318 1857 sunt

377 1878 565 1925 adfinem,
596 1882 789 1928 &proprie
817 1879 919 1914 aetus
946 1876 1143 1912 voluntatis
1169 1871 1320 1918 sequens

380 1933 644 1969 conclusionem
675 1956 685 1972 ‚
714 1944 794 1978 quae
824 1929 1059 1965 deliberative
1088 1923 1319 1961 concluditur

379 1997 443 2033 per
462 1981 705 2030 syllogismum
721 1981 917 2027 pras-“ticum
937 2005 947 2015 .

485 2035 668 2080 Qniam
684 2043 770 2067 vero
788 2032 869 2066 hcet
902 2031 1068 2065 voluntas
1093 2024 1251 2062 intendat
1279 2022 1322 2059 fi-

144 2081 344 2154 }iejffix'pjj
383 2100 462 2122 nem
482 2110 495 2129 ‚
514 2087 693 2129 eligarque
706 2081 819 2118 media
836 2091 978 2128 propter
1005 2080 1106 2115 illum
1137 2076 1324 2122 assequen-

142 2169 163 2186 lt
175 2168 194 2185 Ι.
220 2159 246 2183 δι’
285 2154 343 2183 diste

146 2203 190 2232 3⁶·
217 2199 242 2225 ο.
267 2193 346 2221 [ΛΖ-ει

143 2234 231 2263 istud.
257 2242 286 2260 n.
302 2232 346 2259 18.

383 2137 467 2175 dum
484 2161 495 2179 ‚
522 2147 592 2170 non
608 2133 743 2180 semper
755 2133 914 2170 tamenis
930 2157 939 2172 ,
971 2143 1078 2176 quem
1101 2127 1251 2163 intendit
1278 2123 1321 2159 fi-

385 2190 435 2223 nis
448 2186 657 2222 estultimus
675 2208 686 2223 ‚
712 2182 767 2218 sed
783 2182 860 2218 finis
873 2182 914 2216 ad
932 2182 1039 2216 alium
1058 2191 1101 2214 ex
1119 2188 1245 2212 natura
1271 2175 1323 2211 rei

383 2239 598 2278 ordinatus,
623 2236 703 2269 ideo
720 2235 885 2269 voluntas
898 2244 939 2267 eo
968 2232 1021 2265 uti
1047 2227 1160 2276 potest
1186 2238 1224 2262 ut
1251 2238 1323 2261 me-

383 2287 509 2330 dioad
533 2286 636 2326 finem
665 2285 773 2319 alium
790 2310 798 2324 ‚
822 2294 929 2328 atque
959 2281 1165 2316 ulteriorem
1184 2304 1194 2320 ,
1222 2276 1322 2324 quod

384 2338 464 2373 finis
478 2350 551 2372 crat
571 2340 606 2372 in
619 2335 742 2370 ordine
759 2333 916 2369 inferiori
939 2359 947 2367 .
975 2330 1187 2377 Exemplum
1217 2340 1226 2362 ε
1252 2326 1323 2374 ipse

384 2391 493 2424 bomo
512 2388 588 2424 finis
601 2385 781 2422 estmundi
798 2384 963 2419 sensibilis
978 2408 987 2423 ,
1013 2380 1066 2415 sed
1086 2393 1131 2415 ex
1152 2378 1202 2413 sui
1218 2388 1325 2412 natu-

386 2439 478 2474 raad
508 2439 672 2473 ultimum
698 2435 885 2469 ordinatur
915 2433 1018 2468 finem
1038 2457 1048 2472 ,
1073 2428 1180 2476 cujus
1209 2427 1324 2475 gratia

384 2490 553 2524 conditus
567 2487 615 2523 est
635 2514 643 2522 .
663 2487 849 2521 Virtutes‘
863 2484 947 2518 tiam
967 2483 1044 2518 sunt
1064 2481 1150 2515 fines
1166 2480 1326 2523 particu-

386 2541 511 2575 l÷rium
529 2563 540 2579 ,
570 2536 687 2584 eisque
713 2534 1066 2577 correspondentium
1092 2529 1323 2569 eieffionum,

386 2590 442 2624 std
464 2601 581 2624 tamen
595 2587 672 2634 ipsa:
688 2588 842 2622 virtutes
859 2584 936 2621 sunt
949 2584 1063 2618 media
1082 2593 1146 2628 pro
1170 2580 1324 2615 beatitu-

385 2641 479 2675 dinis
506 2639 694 2687 adeptione
710 2664 720 2680 ,
743 2648 824 2685 quae
846 2635 890 2671 ad
913 2635 1021 2673 alium
1049 2633 1156 2669 finem
1178 2642 1249 2667 non
1269 2641 1327 2665 or-

385 2691 530 2726 dinatur
548 2717 556 2725 .

538 2788 1048 2826 ARTlCULUS
1112 2787 1180 2824 iv.

441 2892 579 2930 Utrum
593 2889 770 2930 elec-tiofit
789 2899 927 2923 tantum
945 2901 1070 2925 eorum
1083 2914 1094 2930 ,
1116 2899 1197 2936 quae
1220 2896 1283 2934 pei·

721 2951 786 2975 nos
808 2949 967 2984 aguntur
999 2965 1009 2974 .

442 3043 571 3079 130ῖῖον
581 3042 664 3078 Iocis
678 3043 716 3076 in
729 3042 889 3085 margine
904 3041 1024 3076 citatis
1043 3063 1052 3072 .
1078 3039 1121 3076 S.
1140 3037 1287 3073 Thomas

696 3105 723 3127 i.
740 3103 774 3127 2.
789 3099 988 3137 q-13.ar!.
1004 3102 1039 3135 4.

396 3191 481 3280 R
511 3244 734 3279 madmodum
758 3246 909 3279 intentio
922 3240 970 3276 est
993 3238 1073 3275 finis
1102 3267 1110 3277 ,
1132 3241 1180 3275 ita
1209 3239 1338 3274 eletiio

395 3309 443 3329 cit
461 3307 583 3330 „orum
600 3320 609 3334 ,
631 3305 709 3338 quae
728 3292 858 3330 suntad
875 3294 978 3329 finem
1007 3302 1015 3323 z
1044 3290 1124 3325 finis
1142 3301 1260 3325 autem
1283 3288 1340 3322 vel

397 3346 445 3380 ci't
463 3344 555 3380 ofilio
572 3371 582 3387 ‚
607 3345 662 3377 vei
682 3355 734 3377 res
751 3345 891 3390 naliqua:
915 3343 945 3377 St
966 3351 1046 3376 cum
1061 3351 1114 3376 res
1129 3342 1248 3386 aliqua
1262 3341 1340 3375 sue-

398 3396 440 3431 rii
462 3395 565 3435 finis,
591 3404 733 3438 oportet
760 3395 952 3430 humnnam
982 3391 1136 3437 aliquam
1166 3391 1342 3427 aetionem

500 3193 686 3240 Espondco
701 3220 712 3235 ,
740 3192 798 3228 hic
812 3194 944 3229 dicitur
963 3190 997 3224 in
1019 3187 1190 3225 sententia
1207 3213 1216 3223 .
1232 3190 1340 3236 Qe-

399 3446 614 3481 intervenire
649 3469 660 3485 ,
687 3454 758 3489 qua
783 3447 837 3481 vel
861 3445 970 3479 homo
995 3440 1103 3476 saciat
1127 3453 1199 3476 rem
1229 3441 1342 3480 illam,

398 3508 480 3541 oiiae
501 3493 548 3529 est
567 3493 646 3530 finis
662 3519 672 3533 ,
692 3503 729 3528 ut
744 3497 902 3530 medicus
913 3491 1018 3527 efficit
1033 3490 1344 3536 sanitatem‚quam

398 3545 551 3581 intendit
569 3555 605 3580 ut
619 3543 720 3579 finem
737 3570 748 3586 ,
775 3546 829 3579 vil
845 3556 863 3579 c
877 3555 939 3579 ·rte
958 3554 1029 3585 qua
1046 3541 1157 3577 homo
1172 3542 1347 3589 potiatur,

400 3597 455 3631 vei
472 3606 596 3631 uretur
611 3607 646 3629 rc
664 3594 720 3629 illa
733 3620 744 3635 ,
773 3607 855 3640 qtzae
873 3594 920 3629 est
936 3592 1014 3628 finis
1033 3619 1043 3633 ,
1071 3592 1155 3627 sicut
1172 3602 1282 3626 avaro
1298 3589 1348 3626 est

400 3645 486 3680 finis
499 3646 648 3690 pacunia
666 3672 676 3687 ‚
702 3645 756 3679 vel
774 3644 933 3689 ριϊΐείῖῖο
951 3641 1053 3688 ejus:
1070 3641 1103 3677 8<
1120 3641 1242 3677 consirt
1255 3640 1349 3676 iliter

402 3694 452 3731 cst
469 3695 511 3728 d:
530 3698 569 3731 iis
584 3723 592 3736 ‚
618 3707 698 3742 quoe
714 3693 851 3729 suntad
868 3692 968 3728 finem
999 3703 1170 3738 :oportet
1197 3691 1288 3727 cuim
1316 3691 1351 3725 521

408 3744 510 3791 quod
529 3747 574 3782 tsi
591 3747 632 3780 ad
648 3746 753 3780 finem
775 3771 783 3786 ‚
807 3744 873 3780 elle
891 3744 1131 3779 xvclaetiontm
1161 3743 1352 3782 humanam

958 104 961 107 ⁴
986 91 1168 136 Summae
1203 86 1392 155 Jeannis
1423 83 1553 131 Dum
1581 78 1702 133 Scoti

1385 152 1439 188 vel
1452 147 1523 190 reni
1539 155 1696 201 aliquam
1711 180 1724 198 ‚
1752 152 1874 201 aliqua
1889 153 1953 189 tali
1982 151 2123 189 afflone
2147 151 2320 199 possiden·

1380 203 1485 246 dam,
1511 206 1569 240 vei
1584 205 1783 245 utendam;
1806 204 1855 240 est
1867 206 1980 250 igitur
2006 202 2152 239 evidens
2174 201 2322 238 eleetio-

1381 264 1464 288 nem
1480 251 1614 302 semper
1624 254 1690 292 effe
1704 266 1831 293 eorum
1844 281 1855 296 ,
1871 267 1956 302 quae
1970 267 2031 302 per
2045 264 2110 288 nos
2134 263 2292 298 aguntur
2309 279 2319 288 .

1481 306 1576 352 Qae
1606 306 1777 344 sententia
1802 317 1873 342 non
1897 305 1946 342 est
1971 303 2207 352 improbanda
2223 329 2234 344 ,
2255 303 2318 338 nisi

1385 351 1477 389 sorte
1501 355 1748 402 intelligatur,
1770 356 1983 393 eieaionem
2005 355 2143 402 semper
2169 354 2319 389 influere

1385 402 1509 441 debere
1520 405 1556 441 in
1571 407 1671 443 aftus
1682 409 1872 455 imperatos
1884 406 2126 442 exterioribus
2146 403 2321 452 potentiis

1383 455 1688 500 repraesentandos
1702 485 1713 500 ‚
1729 469 1791 494 aut
1805 458 2013 494 executioni
2028 454 2318 492 demandandum

1381 505 1482 551 quod
1496 506 1626 552 eligere
1642 509 1778 556 placuit
1792 534 1802 543 .
1816 511 1913 546 Nam
1930 507 1954 543 si
1966 507 2095 543 eleetio
2105 506 2145 542 {it
2156 504 2228 541 sola
2247 505 2320 542 fine

1381 554 1508 591 ordine
1523 556 1565 592 ad
1578 558 1694 594 aetum
1721 561 1933 608 imperatum
1945 584 1957 601 ‚
1983 568 2067 604 puta
2093 567 2241 605 propter
2259 557 2322 592 de-

1383 604 1517 642 fefuim
1533 610 1687 645 materiae
1699 609 1800 647 aftus
1825 609 2014 646 exterioris
2031 634 2043 649 ‚
2069 606 2120 644 est
2144 619 2229 644 vera
2250 607 2324 643 ele·

1382 654 1458 690 &io
1469 669 1595 695 eorum
1608 685 1620 701 ‚
1645 672 1726 707 quae
1740 662 1820 698 sunt
1835 660 1879 697 ad
1893 658 1998 696 finem
2012 684 2024 700 ‚
2049 671 2113 695 nec
2123 668 2240 694 tamen
2259 669 2323 702 per

1378 716 1443 742 ¹¹08
1458 706 1532 748 fieri
1547 710 1661 757 potest
1676 739 1687 753 ,
1699 724 1740 748 Ut
1755 713 1801 749 ita
1811 712 2024 747 ordinentur
2036 733 2049 751 ‚
2074 708 2162 745 idest
2178 734 2189 750 ‚
2210 710 2245 742 in
2263 706 2327 754 effe

1380 770 1563 807 ponantur
1591 786 1600 796 .
1631 761 1863 810 Affiimptum
1893 759 2095 795 declaratur
2110 786 2121 801 ³
2152 759 2326 806 siquidem

1381 820 1455 864 non
1466 807 1603 847 habens
1621 815 1808 859 pecuniam
1821 838 1833 855 ,
1859 808 1967 856 cujus
1979 820 2098 845 tamen
2127 809 2329 845 intellecffui

1381 859 1610 905 objiciuntur
1621 866 1780 910 pecuniae
1794 888 1806 908 ‚
1827 871 2023 907 antequam
2046 859 2203 906 alicujus
2224 860 2328 895 aetus

1381 908 1512 946 eieffio
1529 911 1568 948 fit
1582 915 1795 962 principium
1810 910 2019 951 effestivum
2035 937 2046 953 2
2070 912 2128 946 vel
2142 910 2332 946 ordinetur

1383 959 1427 995 ad
1440 961 1834 1012 aliquidimperandum
1856 976 1896 1001 ut
1924 963 2111 999 excutioni
2136 960 2334 997 demande-

1385 1023 1445 1048 tur
1457 1037 1468 1052 2
1495 1012 1518 1049 fi
1535 1015 1640 1060 eligat
1653 1019 1822 1063 pecunias
1837 1013 2031 1052 liberaliter
2044 1011 2258 1048 distribuere
2276 1038 2288 1053 ,
2303 1011 2331 1047 st

1384 1062 1570 1111 poffideret
1584 1092 1594 1107 ‚
1620 1078 1795 1113 quantum
1811 1067 1856 1102 ad
1869 1066 1987 1102 aetum
2004 1064 2038 1098 Sc
2064 1063 2230 1098 habitum
2257 1063 2337 1096 vii·-

1385 1113 1477 1150 tutis
1493 1126 1563 1150 non
1581 1118 1775 1164 requiritur
1792 1119 1941 1154 ulterior
1957 1113 2220 1162 prosequuti0,
2244 1113 2335 1158 <1⁰³²

1382 1162 1532 1210 objesto
1544 1168 1755 1212 praesentato
1768 1171 1802 1205 in
1814 1166 2056 1216 phantasmate
2073 1191 2083 1206 2
2111 1167 2205 1200 Circa
2231 1162 2337 1209 q⁰⁰d

1384 1215 1453 1252 esse
1472 1216 1587 1263 porest
1603 1218 1704 1255 αξὶυε
1717 1221 1936 1256 liberalitatis
1954 1245 1963 1260 ‚
1990 1216 2166 1264 complete
2178 1214 2337 1250 habetur

1387 1268 1516 1303 eieeiio
1532 1295 1543 1310 ,
1567 1280 1611 1304 ex
1629 1281 1701 1316 qna
1719 1272 1881 1317 gignitur
1896 1273 2013 1306 virtus
2028 1267 2262 1307 liberalitatis,
2274 1264 2335 1300 vel

1387 1331 1469 1366 quae
1483 1319 1625 1355 elicitur
1643 1334 1687 1357 ex
1711 1323 1914 1359 liberalitate
1931 1349 1942 1365 ‚
1970 1319 2006 1354 &
2037 1329 2106 1354 non
2134 1316 2336 1364 requiritur

1385 1371 1539 1408 ulterior
1549 1371 1785 1419 prosequutio
1797 1374 1954 1411 exterius
1965 1397 1977 1413 ,
1992 1381 2056 1406 nec
2069 1367 2159 1404 ordo
2174 1368 2219 1403 ad
2233 1365 2338 1403 atstus

1388 1423 1584 1459 exteriores
1598 1447 1611 1466 ‚
1637 1437 1682 1460 ex
1700 1423 1888 1472 hypothesi
1904 1420 2004 1470 quod
2017 1420 2176 1467 pecuniae
2202 1420 2339 1454 libera-

1387 1475 1468 1510 liter
1481 1473 1692 1518 elargiendae
1704 1487 1778 1511 non
1792 1475 2031 1522 possideantur
2047 1496 2056 1506 .
2084 1469 2223 1506 Deinde
2238 1496 2250 1512 ³
2272 1480 2337 1504 ΘΓ·

1386 1526 1434 1561 do
1448 1523 1511 1560 iste
1524 1524 1761 1560 eleffionisad
1774 1526 1894 1561 aerum
1912 1526 2127 1570 imperatum
2142 1545 2154 1560 ‚
2180 1519 2248 1555 effe
2276 1530 2341 1556 ne·

1387 1577 1468 1623 quit
1484 1573 1544 1608 nifi
1560 1600 1571 1614 ‚
1601 1585 1642 1607 ut
1659 1574 1776 1613 causa:
1790 1571 1949 1617 respefitu
1968 1567 2117 1606 effec-'kus
2130 1568 2340 1613 producen-

1387 1628 1444 1661 di.
1463 1622 1577 1671 Q19d
1595 1631 1713 1656 autem
1726 1621 1834 1656 causa
1851 1632 1922 1656 non
1936 1618 2023 1655 sitin
2037 1616 2070 1653 se
2082 1618 2163 1652 talis
2181 1644 2194 1660 ,
2221 1629 2263 1654 ut
2286 1618 2341 1655 ef·

1386 1674 1522 1711 festum
1552 1670 1718 1719 praecedit
1731 1697 1744 1712 ‚
1775 1669 1831 1707 sed
1859 1671 1894 1704 id
1922 1679 2110 1713 acceptum
2133 1667 2265 1704 habeat
2289 1681 2339 1706 ex

1386 1723 1515 1762 effthu
1529 1748 1542 1763 ‚
1563 1729 1742 1768 quatenus
1759 1721 1802 1753 ad
1817 1719 1912 1753 illius
1937 1714 2214 1764 produstionern
2240 1721 2341 1755 ordi-

1386 1785 1494 1809 natur
1520 1795 1532 1808 ‚
1562 1771 1705 1803 videtur
1726 1768 1957 1804 inconvenies
1988 1777 2070 1802 cum
2098 1766 2184 1802 nihil
2207 1768 2340 1806 habeat

1387 1818 1493 1854 causa
1506 1819 1550 1851 ab
1565 1814 1709 1860 effestu,
1723 1830 1786 1854 uec
1801 1830 1847 1854 ex
1857 1818 1982 1855 ordine
1995 1814 2038 1853 ad
2052 1814 2343 1861 ipsum-Submo-

1389 1881 1423 1904 ta
1439 1869 1550 1915 igitur
1570 1869 1668 1903 omni
1691 1867 1916 1905 ordinatione
1943 1866 2125 1906 eiefflonis
2151 1868 2195 1903 ad
2235 1870 2341 1907 aetus

1389 1921 1580 1967 imperatos
1596 1930 1660 1965 per
1676 1930 1742 1953 nos
1757 1921 1875 1966 primo
1891 1915 2206 1967 repraesentandos,
2219 1920 2341 1957 adhuc

1390 1969 1456 2006 stat
1469 1969 1647 2015 completa
1661 1968 1788 2006 electio
1802 1997 1809 2004 .
1823 1969 1880 2006 Est
1896 1972 2004 2017 igitur
2018 1965 2240 2006 admittenda
2258 1981 2344 2019 pars

1390 2019 1603 2057 affirmativa
1618 2046 1628 2061 ‚
1660 2032 1786 2068 nempe
1800 2020 2009 2057 elec-'tionem
2022 2015 2091 2056 effe
2102 2028 2242 2062 eorum,
2258 2033 2343 2068 quae

1391 2083 1453 2120 per
1465 2082 1530 2105 nos
1545 2081 1718 2117 geruntur
1732 2097 1744 2112 ‚
1777 2069 1834 2106 sed
1851 2083 1922 2107 non
1941 2072 1988 2107 ibi
2003 2065 2146 2118 praecise
2164 2075 2344 2119 reperitur

1390 2120 1519 2158 elthio
1539 2145 1551 2163 ‚
1577 2121 1873 2168 quandoquidem
1900 2121 1966 2157 stat
1989 2116 2119 2156 eleistio
2147 2122 2242 2158 reeta
2271 2123 2346 2159 fine

1391 2173 1454 2208 tali
1464 2171 1591 2207 ordine
1606 2171 1650 2206 ad
1663 2171 1766 2207 aaus
1778 2173 1990 2214 exteriores3
2003 2183 2042 2208 ut
2058 2173 2265 2217 expositum
2277 2174 2344 2213 est.

1551 2271 2059 2312 ARTiCVLVS
2125 2275 2177 2312 V.

1507 2373 1643 2410 Vtrum
1657 2374 1786 2410 elec-*tio
1803 2374 1841 2410 sit
1859 2373 1975 2411 solum
1988 2375 2204 2421 poffibiiium
2222 2401 2234 2413 0

1469 2473 1602 2510 Dofior
1618 2488 1652 2512 2.
1669 2475 1705 2512 d.
1718 2475 1753 2511 6.
1766 2488 1798 2524 q.
1818 2487 1847 2511 1.
1863 2476 2191 2526 utriusquescripti
2207 2503 2217 2519 ‚
2228 2474 2274 2515 (θ’

1544 2539 1582 2571 4.
1596 2526 1631 2563 d.
1646 2539 1707 2575 49.
1721 2538 1756 2573 q.
1778 2539 1829 2562 io.
1848 2538 1885 2563 n.
1904 2538 1961 2574 13.
1989 2529 2032 2564 S.
2051 2527 2200 2563 Thomas

1703 2589 1732 2613 i.
1747 2587 1780 2613 2.
1797 2590 1831 2625 q.
1848 2589 1886 2625 ¹3
1920 2589 1995 2616 art.
2010 2588 2046 2624 ς.

1516 2679 1642 2716 ldetur
1656 2678 1788 2715 clefflo
1804 2676 1873 2714 esse
1885 2677 1998 2715 solum
2016 2678 2233 2727 possibilium
2247 2705 2257 2715 .
2269 2680 2358 2718 Ete-

1528 2731 1599 2766 nim
1613 2731 1706 2766 ratio
1723 2729 1874 2774 eligendi
1889 2730 2024 2777 aliquid
2039 2729 2087 2765 est
2101 2756 2114 2772 ‚
2140 2740 2178 2766 ut
2210 2742 2255 2766 ex
2282 2730 2356 2768 hoc

1397 2783 1568 2832 pofl‘imus
1580 2780 1714 2826 assequi
1730 2779 1834 2815 finem
1851 2792 1860 2814 :
1878 2780 1942 2815 Per
1958 2780 1992 2815 id
2008 2791 2127 2816 autem
2145 2806 2156 2822 ,
2185 2780 2287 2824 quod
2302 2782 2356 2819 est

1399 2832 1608 2883 impossibile
1623 2857 1633 2872 ,
1655 2842 1726 2866 non
1746 2827 1860 2877 potest
1887 2831 2017 2877 aliquis
2038 2829 2209 2875 consequi
2228 2827 2354 2876 finem,

1402 2885 1510 2932 cujus
1528 2883 1663 2928 iignum
1678 2880 1749 2922 est,
1772 2880 1856 2926 quia
1869 2891 1953 2916 cum
1969 2882 2005 2915 in
2024 2879 2245 2916 consiliando
2270 2893 2356 2929 per..

1404 2936 1566 2972 venirent
1580 2931 1745 2966 homines
1757 2928 1801 2965 ad
1816 2930 1852 2964 id
1868 2955 1878 2970 ‚
1903 2930 2003 2978 quod
2019 2930 2068 2966 est
2082 2931 2117 2966 in
2144 2930 2194 2965 eis
2221 2931 2359 2980 impos-

1407 2986 1505 3024 sibile
1527 3011 1539 3026 ‚
1574 2981 1760 3017 discedunt
1783 2981 1882 3025 quasi
1907 2993 1978 3016 non
2005 2982 2163 3017 valentes
2197 2982 2357 3021 ulterius

1407 3034 1598 3087 procedere
1620 3046 1632 3074 3
1656 3031 1705 3068 est
1733 3031 1846 3079 igitur
1872 3030 2002 3069 elefflo
2025 3042 2164 3067 tantum
2192 3032 2360 3082 respe6hr.

1434 3085 1623 3123 offibilium
1643 3109 1653 3117 .

1408 3103 1431 3138 P
1505 3137 1677 3172 Praeterea
1693 3160 1702 3176 ‚
1729 3135 1782 3169 lta
1795 3134 1831 3171 se
1845 3134 1952 3170 habet
1968 3134 2003 3171 id
2018 3160 2030 3175 ‚
2051 3134 2151 3180 quod
2165 3132 2214 3169 est
2240 3134 2284 3169 ad
2309 3133 2357 3170 ἦ.

1409 3199 1488 3225 nem
1503 3213 1513 3227 ‚
1535 3186 1577 3221 de
1593 3198 1670 3232 quo
1684 3185 1811 3221 eieffio
1833 3185 1881 3220 est
1906 3184 1949 3219 ad
1977 3183 2084 3219 finem
2106 3212 2119 3231 ‚
2146 3185 2237 3222 sicut
2269 3195 2357 3220 con-

1411 3237 1522 3274 clusio
1539 3235 1583 3272 ad
1600 3237 1815 3282 principium
1832 3248 1842 3271 ε
1863 3234 1921 3270 sed
1937 3234 2120 3270 conclusio
2134 3233 2358 3283 impossibilis

1413 3300 1484 3324 non
1518 3289 1678 3334 sequitur
1704 3299 1749 3321 ex
1779 3286 1956 3333 principio
1976 3284 2153 3333 posfibili3
2179 3297 2268 3330 ergo
2291 3297 2359 3321 nec

1413 3338 1492 3373 finis
1510 3339 1575 3372 erit
1591 3337 1758 3385 poffibilis
1773 3363 1784 3379 ‚
1812 3336 1872 3371 nisi
1886 3336 1920 3370 id
1934 3361 1945 3377 ,
1973 3334 2072 3383 quod
2092 3335 2142 3372 est
2165 3336 2206 3371 ad
2233 3334 2360 3377 finem,

1412 3389 1524 3424 fuerit
1540 3388 1697 3435 possibile
1713 3411 1722 3421 .
1741 3387 1798 3422 Ad
1819 3385 1852 3421 id
1865 3396 1982 3422 autem
1999 3413 2009 3428 ,
2039 3385 2137 3432 quod
2153 3385 2201 3422 est
2230 3385 2363 3432 impos-

1415 3440 1514 3475 sibile
1529 3465 1539 3480 ,
1568 3440 1691 3474 nullus
1707 3448 1899 3478 movetur3
1925 3448 2014 3484 ergo
2037 3448 2101 3472 nec
2129 3437 2260 3483 aliquis
2282 3446 2363 3471 ten-

1415 3489 1467 3524 dit
1483 3490 1516 3524 in
1535 3487 1642 3523 finem
1656 3514 1667 3530 ‚
1698 3487 1758 3523 nisi
1777 3499 1840 3535 per
1854 3487 1923 3523 hoc
1935 3486 2033 3534 quod
2045 3498 2194 3535 apparet
2213 3486 2246 3521 id
2261 3486 2363 3533 quod

1416 3539 1465 3575 cst
1482 3538 1647 3574 adfinem
1664 3537 1730 3574 effe
1748 3538 1907 3585 poffibile
1928 3551 1940 3579 ;
1965 3537 2063 3585 quod
2077 3539 2188 3583 igitur
2219 3537 2268 3573 est
2292 3537 2361 3573 im-

1418 3589 1576 3638 possibile
1594 3589 1656 3625 sub
1669 3589 1878 3626 eieffionem
1900 3601 1970 3623 non
1984 3587 2075 3623 cadit
2090 3615 2098 3624 .

1519 3639 1696 3675 Praeterea
1714 3638 1955 3686 Philosophus
1973 3650 2004 3684 3.
2023 3637 2144 3674 Etht'c.
2156 3647 2230 3686 cap.
2246 3648 2282 3674 2.
2309 3638 2365 3673 di-

1419 3690 1508 3726 serte
1524 3701 1629 3735 negat
1649 3689 1860 3726 eiefflonem
1877 3690 1944 3724 esse
1968 3689 2228 3737 impossibilium
2244 3716 2256 3731 ,
2279 3687 2364 3723 scri-

1421 3743 1508 3778 bens
1526 3738 1681 3782 ,Eleflio
1695 3751 1845 3787 namque
1871 3752 1936 3777 non
1959 3740 2006 3786 est
2031 3752 2151 3778 eorum
2181 3751 2255 3786 quae
2273 3736 2365 3781 fieri

2136 3798 2318 3837 nequeunt

2354 388 2473 430 Proiogi
2483 399 2512 428 q.
2522 400 2554 430 4.
2598 418 2600 420 ,

2354 432 2380 462 9-
2392 428 2492 459 Tertia
2505 431 2553 459 via
2598 444 2601 456 i

2355 477 2385 496 n.
2397 476 2413 494 2
2420 467 2473 496 h&
2487 475 2514 502 3.
2522 467 2552 498 d.
2598 466 2601 472 “

2355 514 2369 534 x
2377 516 2405 541 ς.
2416 508 2441 538 9.
2452 505 2556 537 Frater
2599 512 2601 514 ·

2354 544 2424 574 dim
2434 545 2520 574 modo·
2545 563 2556 578 .
2599 570 2601 576 ,
