<?xml version="1.0" encoding="UTF-8"?>
<!DOCTYPE html PUBLIC "-//W3C//DTD XHTML 1.0 Transitional//EN"
    "http://www.w3.org/TR/xhtml1/DTD/xhtml1-transitional.dtd">
<html xmlns="http://www.w3.org/1999/xhtml" xml:lang="en" lang="en">
 <head>
  <title>
</title>
<meta http-equiv="Content-Type" content="text/html;charset=utf-8" />
  <meta name='ocr-system' content='tesseract 3.04.00' />
  <meta name='ocr-capabilities' content='ocr_page ocr_carea ocr_par ocr_line ocrx_word'/>
</head>
<body>
  <div class='ocr_page' id='page_1' title='image "./joannisdunsscoti03duns_0315.png"; bbox 0 0 2628 4011; ppageno 0'>
   <div class='ocr_carea' id='block_1_1' title="bbox 704 174 2176 252">
    <p class='ocr_par' dir='ltr' id='par_1_1' title="bbox 704 174 2176 252">
     <span class='ocr_line' id='line_1_1' title="bbox 704 174 2176 252; baseline 0.003 -28"><span class='ocrx_word' id='word_1_1' title='bbox 704 177 863 225; x_wconf 69' lang='lat' dir='ltr'>somus</span> <span class='ocrx_word' id='word_1_2' title='bbox 878 176 959 222; x_wconf 85' lang='lat' dir='ltr'><em>III.</em></span> <span class='ocrx_word' id='word_1_3' title='bbox 978 180 1103 223; x_wconf 73' lang='lat' dir='ltr'>Part.</span> <span class='ocrx_word' id='word_1_4' title='bbox 1122 175 1177 226; x_wconf 86' lang='lat' dir='ltr'>Il.</span> <span class='ocrx_word' id='word_1_5' title='bbox 1196 175 1390 252; x_wconf 80' lang='lat' dir='ltr'>Qaestio</span> <span class='ocrx_word' id='word_1_6' title='bbox 1414 174 1654 226; x_wconf 84' lang='lat' dir='ltr'><em>LXXXII.</em></span> <span class='ocrx_word' id='word_1_7' title='bbox 1670 181 1768 227; x_wconf 83' lang='lat' dir='ltr'>Art.</span> <span class='ocrx_word' id='word_1_8' title='bbox 1786 180 1872 227; x_wconf 89' lang='lat' dir='ltr'><strong><em>III.</em></strong></span> <span class='ocrx_word' id='word_1_9' title='bbox 2085 198 2108 228; x_wconf 87' lang='lat'>2</span> <span class='ocrx_word' id='word_1_10' title='bbox 2116 197 2145 234; x_wconf 81' lang='lat'>9</span> <span class='ocrx_word' id='word_1_11' title='bbox 2160 198 2176 230; x_wconf 92' lang='lat'>1</span> 
     </span>
    </p>
   </div>
   <div class='ocr_carea' id='block_1_2' title="bbox 280 245 2480 348">
    <p class='ocr_par' dir='ltr' id='par_1_2' title="bbox 280 245 2480 348">
     <span class='ocr_line' id='line_1_2' title="bbox 280 245 2480 297; baseline 0 -19"><span class='ocrx_word' id='word_1_12' title='bbox 280 247 517 297; x_wconf 65' lang='lat' dir='ltr'>omnibusque</span> <span class='ocrx_word' id='word_1_13' title='bbox 533 245 772 292; x_wconf 72' lang='lat' dir='ltr'>posterisejus</span> <span class='ocrx_word' id='word_1_14' title='bbox 803 247 988 281; x_wconf 82' lang='lat' dir='ltr'>voluntate</span> <span class='ocrx_word' id='word_1_15' title='bbox 1015 246 1232 280; x_wconf 77' lang='lat' dir='ltr'>anteceden·</span> <span class='ocrx_word' id='word_1_16' title='bbox 1311 258 1330 280; x_wconf 90' lang='lat' dir='ltr'>a</span> <span class='ocrx_word' id='word_1_17' title='bbox 1357 257 1436 295; x_wconf 71' lang='lat' dir='ltr'>cap.</span> <span class='ocrx_word' id='word_1_18' title='bbox 1465 248 1524 282; x_wconf 91' lang='lat' dir='ltr'>illo</span> <span class='ocrx_word' id='word_1_19' title='bbox 1543 274 1553 288; x_wconf 92' lang='lat'>‚</span> <span class='ocrx_word' id='word_1_20' title='bbox 1574 246 1643 291; x_wconf 83' lang='lat' dir='ltr'>fed</span> <span class='ocrx_word' id='word_1_21' title='bbox 1659 248 1753 294; x_wconf 71' lang='lat' dir='ltr'>quod</span> <span class='ocrx_word' id='word_1_22' title='bbox 1776 249 1950 294; x_wconf 72' lang='lat' dir='ltr'><em>originale</em></span> <span class='ocrx_word' id='word_1_23' title='bbox 1973 259 2152 297; x_wconf 74' lang='lat' dir='ltr'>peccatum</span> <span class='ocrx_word' id='word_1_24' title='bbox 2175 276 2185 285; x_wconf 89' lang='lat'><strong>.</strong></span> <span class='ocrx_word' id='word_1_25' title='bbox 2208 255 2252 290; x_wconf 87' lang='lat' dir='ltr'>Et</span> <span class='ocrx_word' id='word_1_26' title='bbox 2284 250 2480 286; x_wconf 71' lang='lat' dir='ltr'>latiffimedis.</span> 
     </span>
     <span class='ocr_line' id='line_1_3' title="bbox 287 287 2442 348; baseline -0.007 -14"><span class='ocrx_word' id='word_1_27' title='bbox 287 301 314 335; x_wconf 91' lang='lat' dir='ltr'>ti</span> <span class='ocrx_word' id='word_1_28' title='bbox 331 326 340 341; x_wconf 89' lang='lat'>‚</span> <span class='ocrx_word' id='word_1_29' title='bbox 363 300 560 345; x_wconf 83' lang='lat' dir='ltr'>recepturis</span> <span class='ocrx_word' id='word_1_30' title='bbox 572 308 721 343; x_wconf 86' lang='lat' dir='ltr'>quoque</span> <span class='ocrx_word' id='word_1_31' title='bbox 738 297 772 331; x_wconf 91' lang='lat' dir='ltr'>in</span> <span class='ocrx_word' id='word_1_32' title='bbox 787 295 918 332; x_wconf 59' lang='lat' dir='ltr'>effefftu</span> <span class='ocrx_word' id='word_1_33' title='bbox 941 293 1118 341; x_wconf 85' lang='lat' dir='ltr'>justitiam</span> <span class='ocrx_word' id='word_1_34' title='bbox 1146 307 1233 330; x_wconf 88' lang='lat' dir='ltr'>ean·</span> <span class='ocrx_word' id='word_1_35' title='bbox 1305 295 1407 342; x_wconf 83' lang='lat' dir='ltr'><strong>seqq.</strong></span> <span class='ocrx_word' id='word_1_36' title='bbox 1427 297 1488 332; x_wconf 88' lang='lat' dir='ltr'>ubi</span> <span class='ocrx_word' id='word_1_37' title='bbox 1501 295 1576 331; x_wconf 82' lang='lat' dir='ltr'>haec</span> <span class='ocrx_word' id='word_1_38' title='bbox 1588 295 1693 332; x_wconf 86' lang='lat' dir='ltr'>habet</span> <span class='ocrx_word' id='word_1_39' title='bbox 1709 324 1720 339; x_wconf 94' lang='lat'>‚</span> <span class='ocrx_word' id='word_1_40' title='bbox 1745 299 1924 346; x_wconf 74' lang='lat' dir='ltr'>quide-rgo</span> <span class='ocrx_word' id='word_1_41' title='bbox 1945 303 2110 346; x_wconf 60' lang='lat' dir='ltr'>origaemle</span> <span class='ocrx_word' id='word_1_42' title='bbox 2133 310 2249 348; x_wconf 53' lang='lat' dir='ltr'>pecca,</span> <span class='ocrx_word' id='word_1_43' title='bbox 2282 287 2442 320; x_wconf 72' lang='lat' dir='ltr'>ser-omem.</span> 
     </span>
    </p>
   </div>
   <div class='ocr_carea' id='block_1_3' title="bbox 11 407 14 522">
    <p class='ocr_par' dir='ltr' id='par_1_3' title="bbox 11 407 14 522">
     <span class='ocr_line' id='line_1_4' title="bbox 11 407 14 522; baseline 0 0"><span class='ocrx_word' id='word_1_44' title='bbox 11 407 14 522; x_wconf 95' lang='lat' dir='ltr'> </span> 
     </span>
    </p>
   </div>
   <div class='ocr_carea' id='block_1_4' title="bbox 0 2164 241 2251">
    <p class='ocr_par' dir='ltr' id='par_1_4' title="bbox 0 2164 241 2251">
     <span class='ocr_line' id='line_1_5' title="bbox 78 2164 241 2201; baseline -0.006 -6"><span class='ocrx_word' id='word_1_45' title='bbox 78 2164 176 2196; x_wconf 44' lang='lat' dir='ltr'>odist-</span> <span class='ocrx_word' id='word_1_46' title='bbox 190 2172 241 2201; x_wconf 81' lang='lat'>32.</span> 
     </span>
     <span class='ocr_line' id='line_1_6' title="bbox 0 2209 113 2251; baseline -0.009 -15"><span class='ocrx_word' id='word_1_47' title='bbox 0 2213 2 2251; x_wconf 51' lang='lat' dir='ltr'><em>J</em></span> <span class='ocrx_word' id='word_1_48' title='bbox 41 2209 113 2236; x_wconf 68' lang='lat'>..60</span> 
     </span>
    </p>
   </div>
   <div class='ocr_carea' id='block_1_5' title="bbox 0 2373 205 2433">
    <p class='ocr_par' dir='ltr' id='par_1_5' title="bbox 0 2373 205 2433">
     <span class='ocr_line' id='line_1_7' title="bbox 0 2373 205 2433; baseline 0.01 -11"><span class='ocrx_word' id='word_1_49' title='bbox 0 2373 1 2413; x_wconf 71' lang='lat' dir='ltr'>l</span> <span class='ocrx_word' id='word_1_50' title='bbox 35 2400 67 2422; x_wconf 65' lang='lat' dir='ltr'>Q·</span> <span class='ocrx_word' id='word_1_51' title='bbox 78 2390 141 2431; x_wconf 53' lang='lat' dir='ltr'>dist,</span> <span class='ocrx_word' id='word_1_52' title='bbox 154 2404 205 2433; x_wconf 73' lang='lat'>29,</span> 
     </span>
    </p>
   </div>
   <div class='ocr_carea' id='block_1_6' title="bbox 41 3638 248 3755">
    <p class='ocr_par' dir='ltr' id='par_1_6' title="bbox 41 3638 248 3755">
     <span class='ocr_line' id='line_1_8' title="bbox 41 3638 242 3678; baseline -0.01 -10"><span class='ocrx_word' id='word_1_53' title='bbox 41 3638 85 3668; x_wconf 85' lang='lat' dir='ltr'>De</span> <span class='ocrx_word' id='word_1_54' title='bbox 97 3639 150 3668; x_wconf 84' lang='lat' dir='ltr'>hoc</span> <span class='ocrx_word' id='word_1_55' title='bbox 162 3645 242 3678; x_wconf 71' lang='lat' dir='ltr'>argu·</span> 
     </span>
     <span class='ocr_line' id='line_1_9' title="bbox 42 3679 248 3708; baseline 0.01 -2"><span class='ocrx_word' id='word_1_56' title='bbox 42 3688 140 3706; x_wconf 83' lang='lat' dir='ltr'>mento</span> <span class='ocrx_word' id='word_1_57' title='bbox 166 3679 248 3708; x_wconf 75' lang='lat' dir='ltr'>vide.</span> 
     </span>
     <span class='ocr_line' id='line_1_10' title="bbox 43 3715 242 3755; baseline 0.01 -12"><span class='ocrx_word' id='word_1_58' title='bbox 43 3715 73 3744; x_wconf 77' lang='lat' dir='ltr'>fis</span> <span class='ocrx_word' id='word_1_59' title='bbox 85 3721 160 3755; x_wconf 65' lang='lat' dir='ltr'>Mag.</span> <span class='ocrx_word' id='word_1_60' title='bbox 176 3718 242 3745; x_wconf 62' lang='lat' dir='ltr'>Ale-</span> 
     </span>
    </p>
   </div>
   <div class='ocr_carea' id='block_1_7' title="bbox 139 3766 246 3794">
    <p class='ocr_par' dir='ltr' id='par_1_7' title="bbox 139 3766 246 3794">
     <span class='ocr_line' id='line_1_11' title="bbox 139 3766 246 3794; baseline 0.019 -12"><span class='ocrx_word' id='word_1_61' title='bbox 139 3766 206 3793; x_wconf 70' lang='lat' dir='ltr'>20p·</span> <span class='ocrx_word' id='word_1_62' title='bbox 218 3766 246 3794; x_wconf 78' lang='lat' dir='ltr'>q·</span> 
     </span>
    </p>
   </div>
   <div class='ocr_carea' id='block_1_8' title="bbox 45 3803 1232 3875">
    <p class='ocr_par' dir='ltr' id='par_1_8' title="bbox 45 3803 1232 3875">
     <span class='ocr_line' id='line_1_12' title="bbox 46 3803 210 3825; baseline 0.006 -5"><span class='ocrx_word' id='word_1_63' title='bbox 46 3803 109 3821; x_wconf 69' lang='lat'>1:⁴-</span> <span class='ocrx_word' id='word_1_64' title='bbox 134 3806 168 3821; x_wconf 81' lang='lat' dir='ltr'>m.</span> <span class='ocrx_word' id='word_1_65' title='bbox 183 3804 210 3825; x_wconf 88' lang='grc'>7.</span> 
     </span>
     <span class='ocr_line' id='line_1_13' title="bbox 45 3811 1232 3875; baseline 0.008 -15"><span class='ocrx_word' id='word_1_66' title='bbox 45 3811 117 3860; x_wconf 49' lang='lat' dir='ltr'>ari«</span> <span class='ocrx_word' id='word_1_67' title='bbox 131 3854 139 3861; x_wconf 79' lang='grc'>,</span> <span class='ocrx_word' id='word_1_68' title='bbox 150 3839 247 3871; x_wconf 56' lang='grc' dir='ltr'>αμς.</span> <span class='ocrx_word' id='word_1_69' title='bbox 285 3844 341 3870; x_wconf 80' lang='lat' dir='ltr'>me</span> <span class='ocrx_word' id='word_1_70' title='bbox 352 3832 443 3866; x_wconf 71' lang='lat' dir='ltr'>lium</span> <span class='ocrx_word' id='word_1_71' title='bbox 457 3831 704 3875; x_wconf 78' lang='lat' dir='ltr'>compluribus</span> <span class='ocrx_word' id='word_1_72' title='bbox 717 3832 933 3869; x_wconf 62' lang='lat' dir='ltr'>Sanctorum</span> <span class='ocrx_word' id='word_1_73' title='bbox 948 3832 1232 3869; x_wconf 76' lang='lat' dir='ltr'>authoritatibus</span> 
     </span>
    </p>
   </div>
   <div class='ocr_carea' id='block_1_9' title="bbox 42 3754 101 3782">
    <p class='ocr_par' dir='ltr' id='par_1_9' title="bbox 42 3754 101 3782">
     <span class='ocr_line' id='line_1_14' title="bbox 42 3754 101 3782; baseline 0 0"><span class='ocrx_word' id='word_1_74' title='bbox 42 3754 101 3782; x_wconf 74' lang='lat' dir='ltr'>sem</span> 
     </span>
    </p>
   </div>
   <div class='ocr_carea' id='block_1_10' title="bbox 269 346 1230 3328">
    <p class='ocr_par' dir='ltr' id='par_1_10' title="bbox 273 346 1230 1349">
     <span class='ocr_line' id='line_1_15' title="bbox 281 346 1230 396; baseline -0.003 -12"><span class='ocrx_word' id='word_1_75' title='bbox 281 349 360 384; x_wconf 88' lang='lat' dir='ltr'>dem</span> <span class='ocrx_word' id='word_1_76' title='bbox 380 377 390 390; x_wconf 85' lang='lat'>,</span> <span class='ocrx_word' id='word_1_77' title='bbox 419 349 479 385; x_wconf 83' lang='lat' dir='ltr'>nifi</span> <span class='ocrx_word' id='word_1_78' title='bbox 492 359 536 383; x_wconf 85' lang='lat' dir='ltr'>ex</span> <span class='ocrx_word' id='word_1_79' title='bbox 553 347 639 382; x_wconf 79' lang='lat' dir='ltr'>Adae</span> <span class='ocrx_word' id='word_1_80' title='bbox 652 358 803 396; x_wconf 86' lang='lat' dir='ltr'>peccato</span> <span class='ocrx_word' id='word_1_81' title='bbox 839 346 1137 390; x_wconf 78' lang='lat' dir='ltr'>impedimentum</span> <span class='ocrx_word' id='word_1_82' title='bbox 1166 346 1230 381; x_wconf 82' lang='lat' dir='ltr'>in.‚</span> 
     </span>
     <span class='ocr_line' id='line_1_16' title="bbox 281 395 1228 445; baseline -0.003 -10"><span class='ocrx_word' id='word_1_83' title='bbox 281 401 334 436; x_wconf 88' lang='lat' dir='ltr'>eis</span> <span class='ocrx_word' id='word_1_84' title='bbox 348 402 516 437; x_wconf 88' lang='lat' dir='ltr'>obortum</span> <span class='ocrx_word' id='word_1_85' title='bbox 532 397 617 433; x_wconf 68' lang='lat' dir='ltr'>essct</span> <span class='ocrx_word' id='word_1_86' title='bbox 646 425 654 432; x_wconf 92' lang='lat'>.</span> <span class='ocrx_word' id='word_1_87' title='bbox 686 399 802 445; x_wconf 84' lang='lat' dir='ltr'>Atqui</span> <span class='ocrx_word' id='word_1_88' title='bbox 814 397 949 445; x_wconf 85' lang='lat' dir='ltr'>justitia</span> <span class='ocrx_word' id='word_1_89' title='bbox 965 395 1037 431; x_wconf 75' lang='lat' dir='ltr'>hoee</span> <span class='ocrx_word' id='word_1_90' title='bbox 1051 423 1060 438; x_wconf 91' lang='lat'>‚</span> <span class='ocrx_word' id='word_1_91' title='bbox 1083 407 1129 430; x_wconf 86' lang='lat' dir='ltr'>ex</span> <span class='ocrx_word' id='word_1_92' title='bbox 1154 407 1228 441; x_wconf 88' lang='lat' dir='ltr'>qua</span> 
     </span>
     <span class='ocr_line' id='line_1_17' title="bbox 281 445 1227 495; baseline -0.003 -10"><span class='ocrx_word' id='word_1_93' title='bbox 281 449 388 487; x_wconf 80' lang='lat' dir='ltr'>fiebat</span> <span class='ocrx_word' id='word_1_94' title='bbox 405 452 438 486; x_wconf 88' lang='grc'>8(</span> <span class='ocrx_word' id='word_1_95' title='bbox 455 449 614 485; x_wconf 75' lang='lat' dir='ltr'>futurum</span> <span class='ocrx_word' id='word_1_96' title='bbox 631 459 708 484; x_wconf 85' lang='lat' dir='ltr'>erat</span> <span class='ocrx_word' id='word_1_97' title='bbox 725 476 730 480; x_wconf 94' lang='lat'>.</span> <span class='ocrx_word' id='word_1_98' title='bbox 747 460 785 484; x_wconf 90' lang='lat' dir='ltr'>ut</span> <span class='ocrx_word' id='word_1_99' title='bbox 799 450 862 495; x_wconf 87' lang='lat' dir='ltr'>qui</span> <span class='ocrx_word' id='word_1_100' title='bbox 877 447 956 493; x_wconf 75' lang='lat' dir='ltr'>ejus</span> <span class='ocrx_word' id='word_1_101' title='bbox 971 448 1077 494; x_wconf 68' lang='lat' dir='ltr'>potiti</span> <span class='ocrx_word' id='word_1_102' title='bbox 1096 445 1227 488; x_wconf 85' lang='lat' dir='ltr'>forent,</span> 
     </span>
     <span class='ocr_line' id='line_1_18' title="bbox 279 496 1229 550; baseline -0.008 -12"><span class='ocrx_word' id='word_1_103' title='bbox 279 512 464 550; x_wconf 88' lang='lat' dir='ltr'>compotes</span> <span class='ocrx_word' id='word_1_104' title='bbox 474 497 582 535; x_wconf 68' lang='lat' dir='ltr'>elsent</span> <span class='ocrx_word' id='word_1_105' title='bbox 593 499 758 545; x_wconf 61' lang='lat' dir='ltr'>perfetfflae</span> <span class='ocrx_word' id='word_1_106' title='bbox 768 499 1036 546; x_wconf 88' lang='lat' dir='ltr'>tranquillitatis</span> <span class='ocrx_word' id='word_1_107' title='bbox 1049 498 1084 532; x_wconf 89' lang='lat' dir='ltr'>in</span> <span class='ocrx_word' id='word_1_108' title='bbox 1096 496 1229 540; x_wconf 83' lang='lat' dir='ltr'>anima,</span> 
     </span>
     <span class='ocr_line' id='line_1_19' title="bbox 280 549 1226 595; baseline -0.004 -6"><span class='ocrx_word' id='word_1_109' title='bbox 280 554 385 590; x_wconf 85' lang='lat' dir='ltr'>unica</span> <span class='ocrx_word' id='word_1_110' title='bbox 398 551 446 588; x_wconf 86' lang='lat' dir='ltr'>est</span> <span class='ocrx_word' id='word_1_111' title='bbox 463 580 472 594; x_wconf 91' lang='lat'>,</span> <span class='ocrx_word' id='word_1_112' title='bbox 486 549 682 587; x_wconf 84' lang='lat' dir='ltr'>excludens</span> <span class='ocrx_word' id='word_1_113' title='bbox 697 563 837 586; x_wconf 89' lang='lat' dir='ltr'>omnem</span> <span class='ocrx_word' id='word_1_114' title='bbox 855 551 1100 595; x_wconf 80' lang='lat' dir='ltr'>pluralitatem</span> <span class='ocrx_word' id='word_1_115' title='bbox 1119 559 1226 585; x_wconf 87' lang='lat' dir='ltr'>exce-</span> 
     </span>
     <span class='ocr_line' id='line_1_20' title="bbox 281 599 1228 649; baseline -0.004 -11"><span class='ocrx_word' id='word_1_116' title='bbox 281 616 341 649; x_wconf 77' lang='lat' dir='ltr'>pta</span> <span class='ocrx_word' id='word_1_117' title='bbox 356 602 528 639; x_wconf 87' lang='lat' dir='ltr'>numerali</span> <span class='ocrx_word' id='word_1_118' title='bbox 544 613 605 645; x_wconf 91' lang='lat' dir='ltr'>pro</span> <span class='ocrx_word' id='word_1_119' title='bbox 615 599 803 637; x_wconf 86' lang='lat' dir='ltr'>hominum</span> <span class='ocrx_word' id='word_1_120' title='bbox 818 599 1228 647; x_wconf 77' lang='lat' dir='ltr'>multiplicatione3ergo</span> 
     </span>
     <span class='ocr_line' id='line_1_21' title="bbox 281 649 1225 698; baseline -0.004 -8"><span class='ocrx_word' id='word_1_121' title='bbox 281 655 316 690; x_wconf 74' lang='lat'>8&lt;</span> <span class='ocrx_word' id='word_1_122' title='bbox 329 655 482 690; x_wconf 80' lang='lat' dir='ltr'>carentia</span> <span class='ocrx_word' id='word_1_123' title='bbox 497 650 577 698; x_wconf 85' lang='lat' dir='ltr'>ejus</span> <span class='ocrx_word' id='word_1_124' title='bbox 593 663 662 687; x_wconf 91' lang='lat' dir='ltr'>non</span> <span class='ocrx_word' id='word_1_125' title='bbox 679 651 728 688; x_wconf 87' lang='lat' dir='ltr'>est</span> <span class='ocrx_word' id='word_1_126' title='bbox 748 653 809 687; x_wconf 76' lang='lat' dir='ltr'>niii</span> <span class='ocrx_word' id='word_1_127' title='bbox 830 653 934 687; x_wconf 89' lang='lat' dir='ltr'>unica</span> <span class='ocrx_word' id='word_1_128' title='bbox 960 677 970 686; x_wconf 90' lang='lat'><em>.</em></span> <span class='ocrx_word' id='word_1_129' title='bbox 1001 649 1225 686; x_wconf 85' lang='lat' dir='ltr'>Privationes</span> 
     </span>
     <span class='ocr_line' id='line_1_22' title="bbox 279 701 1225 748; baseline -0.006 -7"><span class='ocrx_word' id='word_1_130' title='bbox 279 704 374 741; x_wconf 89' lang='lat' dir='ltr'>enim</span> <span class='ocrx_word' id='word_1_131' title='bbox 389 707 433 740; x_wconf 91' lang='lat' dir='ltr'>ab</span> <span class='ocrx_word' id='word_1_132' title='bbox 446 704 567 740; x_wconf 85' lang='lat' dir='ltr'>formis</span> <span class='ocrx_word' id='word_1_133' title='bbox 581 729 589 743; x_wconf 90' lang='lat'><em>‚</em></span> <span class='ocrx_word' id='word_1_134' title='bbox 613 704 747 748; x_wconf 87' lang='lat' dir='ltr'>quibus</span> <span class='ocrx_word' id='word_1_135' title='bbox 777 713 1013 747; x_wconf 82' lang='lat' dir='ltr'>opponuntur</span> <span class='ocrx_word' id='word_1_136' title='bbox 1040 701 1225 747; x_wconf 85' lang='lat' dir='ltr'>accipiunt</span> 
     </span>
     <span class='ocr_line' id='line_1_23' title="bbox 279 750 1222 801; baseline -0.006 -10"><span class='ocrx_word' id='word_1_137' title='bbox 279 755 453 792; x_wconf 81' lang='lat' dir='ltr'>unitatem</span> <span class='ocrx_word' id='word_1_138' title='bbox 467 757 498 791; x_wconf 57' lang='grc' dir='ltr'>ἃ</span> <span class='ocrx_word' id='word_1_139' title='bbox 515 753 665 801; x_wconf 89' lang='lat' dir='ltr'>speciem</span> <span class='ocrx_word' id='word_1_140' title='bbox 682 754 714 789; x_wconf 71' lang='lat' dir='ltr'>s&lt;</span> <span class='ocrx_word' id='word_1_141' title='bbox 745 753 1005 789; x_wconf 71' lang='lat' dir='ltr'>distinffionem</span> <span class='ocrx_word' id='word_1_142' title='bbox 1032 776 1042 785; x_wconf 83' lang='lat'><strong>.</strong></span> <span class='ocrx_word' id='word_1_143' title='bbox 1069 753 1122 786; x_wconf 81' lang='lat' dir='ltr'>Ex</span> <span class='ocrx_word' id='word_1_144' title='bbox 1150 750 1222 786; x_wconf 87' lang='lat' dir='ltr'>alio</span> 
     </span>
     <span class='ocr_line' id='line_1_24' title="bbox 278 801 1224 852; baseline -0.003 -11"><span class='ocrx_word' id='word_1_145' title='bbox 278 805 385 841; x_wconf 79' lang='lat' dir='ltr'>eriam</span> <span class='ocrx_word' id='word_1_146' title='bbox 404 807 521 852; x_wconf 74' lang='lat' dir='ltr'>capite</span> <span class='ocrx_word' id='word_1_147' title='bbox 551 805 664 849; x_wconf 87' lang='lat' dir='ltr'>potest</span> <span class='ocrx_word' id='word_1_148' title='bbox 696 803 847 852; x_wconf 87' lang='lat' dir='ltr'>praesens</span> <span class='ocrx_word' id='word_1_149' title='bbox 880 803 1010 839; x_wconf 86' lang='lat' dir='ltr'>solutio</span> <span class='ocrx_word' id='word_1_150' title='bbox 1036 801 1224 838; x_wconf 85' lang='lat' dir='ltr'>declarari.</span> 
     </span>
     <span class='ocr_line' id='line_1_25' title="bbox 276 851 1222 902; baseline -0.008 -8"><span class='ocrx_word' id='word_1_151' title='bbox 276 856 458 900; x_wconf 60' lang='lat' dir='ltr'>Nam(u1</span> <span class='ocrx_word' id='word_1_152' title='bbox 475 856 612 892; x_wconf 62' lang='lat' dir='ltr'>dietum</span> <span class='ocrx_word' id='word_1_153' title='bbox 631 856 698 891; x_wconf 87' lang='lat' dir='ltr'>fuit</span> <span class='ocrx_word' id='word_1_154' title='bbox 713 863 784 890; x_wconf 85' lang='lat' dir='ltr'>art.</span> <span class='ocrx_word' id='word_1_155' title='bbox 801 866 834 890; x_wconf 85' lang='lat' dir='ltr'>z.</span> <span class='ocrx_word' id='word_1_156' title='bbox 850 867 884 902; x_wconf 86' lang='lat' dir='ltr'>q.</span> <span class='ocrx_word' id='word_1_157' title='bbox 898 851 1134 902; x_wconf 76' lang='lat' dir='ltr'>praeced.)ex</span> <span class='ocrx_word' id='word_1_158' title='bbox 1148 853 1222 897; x_wconf 84' lang='lat' dir='ltr'>pri-</span> 
     </span>
     <span class='ocr_line' id='line_1_26' title="bbox 277 903 1224 955; baseline -0.003 -16"><span class='ocrx_word' id='word_1_159' title='bbox 277 918 338 943; x_wconf 84' lang='lat' dir='ltr'>mo</span> <span class='ocrx_word' id='word_1_160' title='bbox 349 918 449 943; x_wconf 77' lang='lat' dir='ltr'>tantu</span> <span class='ocrx_word' id='word_1_161' title='bbox 459 921 488 944; x_wconf 92' lang='lat' dir='ltr'>m</span> <span class='ocrx_word' id='word_1_162' title='bbox 505 917 651 955; x_wconf 87' lang='lat' dir='ltr'>peccato</span> <span class='ocrx_word' id='word_1_163' title='bbox 664 906 768 953; x_wconf 86' lang='lat' dir='ltr'>primi</span> <span class='ocrx_word' id='word_1_164' title='bbox 781 905 937 943; x_wconf 85' lang='lat' dir='ltr'>hominis</span> <span class='ocrx_word' id='word_1_165' title='bbox 949 904 1135 951; x_wconf 81' lang='lat' dir='ltr'>originalis</span> <span class='ocrx_word' id='word_1_166' title='bbox 1149 903 1224 939; x_wconf 89' lang='lat' dir='ltr'>cul-</span> 
     </span>
     <span class='ocr_line' id='line_1_27' title="bbox 276 952 1227 1004; baseline -0.005 -11"><span class='ocrx_word' id='word_1_167' title='bbox 276 968 323 1004; x_wconf 83' lang='lat' dir='ltr'>pa</span> <span class='ocrx_word' id='word_1_168' title='bbox 336 957 495 995; x_wconf 76' lang='lat' dir='ltr'>derivata</span> <span class='ocrx_word' id='word_1_169' title='bbox 509 959 557 994; x_wconf 89' lang='lat' dir='ltr'>est</span> <span class='ocrx_word' id='word_1_170' title='bbox 573 959 606 992; x_wconf 90' lang='lat' dir='ltr'>in</span> <span class='ocrx_word' id='word_1_171' title='bbox 623 957 781 1004; x_wconf 87' lang='lat' dir='ltr'>posteros</span> <span class='ocrx_word' id='word_1_172' title='bbox 795 954 875 1002; x_wconf 85' lang='lat' dir='ltr'>ejus</span> <span class='ocrx_word' id='word_1_173' title='bbox 890 983 900 999; x_wconf 93' lang='lat'>‚</span> <span class='ocrx_word' id='word_1_174' title='bbox 926 969 996 994; x_wconf 90' lang='lat' dir='ltr'>non</span> <span class='ocrx_word' id='word_1_175' title='bbox 1012 967 1100 990; x_wconf 82' lang='lat' dir='ltr'>vero</span> <span class='ocrx_word' id='word_1_176' title='bbox 1112 956 1160 990; x_wconf 93' lang='lat' dir='ltr'>ob</span> <span class='ocrx_word' id='word_1_177' title='bbox 1176 952 1227 989; x_wconf 84' lang='lat' dir='ltr'>se.</span> 
     </span>
     <span class='ocr_line' id='line_1_28' title="bbox 277 1005 1224 1053; baseline 0 -11"><span class='ocrx_word' id='word_1_178' title='bbox 277 1010 424 1053; x_wconf 79' lang='lat' dir='ltr'>quentia</span> <span class='ocrx_word' id='word_1_179' title='bbox 442 1020 582 1050; x_wconf 73' lang='lat' dir='ltr'>peccata</span> <span class='ocrx_word' id='word_1_180' title='bbox 599 1009 694 1045; x_wconf 88' lang='lat' dir='ltr'>illius</span> <span class='ocrx_word' id='word_1_181' title='bbox 712 1035 720 1045; x_wconf 80' lang='grc'>,</span> <span class='ocrx_word' id='word_1_182' title='bbox 745 1008 769 1043; x_wconf 84' lang='lat' dir='ltr'>fi</span> <span class='ocrx_word' id='word_1_183' title='bbox 785 1010 819 1043; x_wconf 89' lang='lat' dir='ltr'>in</span> <span class='ocrx_word' id='word_1_184' title='bbox 830 1019 910 1053; x_wconf 82' lang='lat' dir='ltr'>quae</span> <span class='ocrx_word' id='word_1_185' title='bbox 923 1008 991 1044; x_wconf 74' lang='lat' dir='ltr'>alia</span> <span class='ocrx_word' id='word_1_186' title='bbox 1024 1005 1158 1043; x_wconf 84' lang='lat' dir='ltr'>exinde</span> <span class='ocrx_word' id='word_1_187' title='bbox 1175 1006 1224 1040; x_wconf 83' lang='lat' dir='ltr'>la-</span> 
     </span>
     <span class='ocr_line' id='line_1_29' title="bbox 275 1057 1223 1107; baseline 0 -15"><span class='ocrx_word' id='word_1_188' title='bbox 275 1058 361 1105; x_wconf 84' lang='lat' dir='ltr'>psus</span> <span class='ocrx_word' id='word_1_189' title='bbox 377 1059 545 1098; x_wconf 84' lang='lat' dir='ltr'>est.Licet</span> <span class='ocrx_word' id='word_1_190' title='bbox 562 1071 648 1105; x_wconf 88' lang='lat' dir='ltr'>ergo</span> <span class='ocrx_word' id='word_1_191' title='bbox 659 1059 816 1107; x_wconf 81' lang='lat' dir='ltr'>poffibile</span> <span class='ocrx_word' id='word_1_192' title='bbox 841 1057 947 1094; x_wconf 87' lang='lat' dir='ltr'>fuerit</span> <span class='ocrx_word' id='word_1_193' title='bbox 972 1059 1042 1094; x_wconf 88' lang='lat' dir='ltr'>tale</span> <span class='ocrx_word' id='word_1_194' title='bbox 1068 1058 1223 1102; x_wconf 84' lang='lat' dir='ltr'>primum</span> 
     </span>
     <span class='ocr_line' id='line_1_30' title="bbox 275 1108 1223 1155; baseline 0.001 -12"><span class='ocrx_word' id='word_1_195' title='bbox 275 1121 463 1155; x_wconf 82' lang='lat' dir='ltr'>peccatum</span> <span class='ocrx_word' id='word_1_196' title='bbox 482 1112 642 1152; x_wconf 80' lang='lat' dir='ltr'>pluribus</span> <span class='ocrx_word' id='word_1_197' title='bbox 654 1108 805 1145; x_wconf 85' lang='lat' dir='ltr'>conflari</span> <span class='ocrx_word' id='word_1_198' title='bbox 819 1109 1144 1145; x_wconf 72' lang='lat' dir='ltr'>inordinationibus</span> <span class='ocrx_word' id='word_1_199' title='bbox 1156 1134 1168 1150; x_wconf 91' lang='lat'>,</span> <span class='ocrx_word' id='word_1_200' title='bbox 1182 1119 1223 1144; x_wconf 92' lang='lat' dir='ltr'>ut</span> 
     </span>
     <span class='ocr_line' id='line_1_31' title="bbox 273 1160 1221 1207; baseline -0.002 -12"><span class='ocrx_word' id='word_1_201' title='bbox 273 1160 528 1198; x_wconf 75' lang='lat' dir='ltr'>inobedientiae</span> <span class='ocrx_word' id='word_1_202' title='bbox 548 1195 552 1201; x_wconf 82' lang='lat'><strong><em>‚</em></strong></span> <span class='ocrx_word' id='word_1_203' title='bbox 583 1161 774 1207; x_wconf 84' lang='lat' dir='ltr'>superbiae,</span> <span class='ocrx_word' id='word_1_204' title='bbox 796 1160 890 1205; x_wconf 85' lang='lat' dir='ltr'>gulae</span> <span class='ocrx_word' id='word_1_205' title='bbox 915 1162 1154 1196; x_wconf 62' lang='lat' dir='ltr'>&amp;mattamen</span> <span class='ocrx_word' id='word_1_206' title='bbox 1181 1170 1221 1194; x_wconf 88' lang='lat' dir='ltr'>ea</span> 
     </span>
     <span class='ocr_line' id='line_1_32' title="bbox 275 1210 1222 1257; baseline 0 -12"><span class='ocrx_word' id='word_1_207' title='bbox 275 1212 398 1245; x_wconf 74' lang='lat' dir='ltr'>omnia</span> <span class='ocrx_word' id='word_1_208' title='bbox 425 1225 533 1248; x_wconf 83' lang='lat' dir='ltr'>unum</span> <span class='ocrx_word' id='word_1_209' title='bbox 573 1223 757 1257; x_wconf 68' lang='lat' dir='ltr'>peccatum</span> <span class='ocrx_word' id='word_1_210' title='bbox 796 1210 1104 1246; x_wconf 80' lang='lat' dir='ltr'>consumaverunt</span> <span class='ocrx_word' id='word_1_211' title='bbox 1123 1233 1136 1253; x_wconf 87' lang='lat'><strong>‚</strong></span> <span class='ocrx_word' id='word_1_212' title='bbox 1159 1220 1222 1251; x_wconf 83' lang='lat' dir='ltr'>per</span> 
     </span>
     <span class='ocr_line' id='line_1_33' title="bbox 274 1259 1222 1306; baseline 0.002 -12"><span class='ocrx_word' id='word_1_213' title='bbox 274 1261 374 1304; x_wconf 62' lang='lat' dir='ltr'>quoi</span> <span class='ocrx_word' id='word_1_214' title='bbox 391 1262 539 1298; x_wconf 84' lang='lat' dir='ltr'>inditam</span> <span class='ocrx_word' id='word_1_215' title='bbox 554 1275 570 1296; x_wconf 87' lang='lat' dir='ltr'>a</span> <span class='ocrx_word' id='word_1_216' title='bbox 589 1264 666 1298; x_wconf 86' lang='lat' dir='ltr'>Deo</span> <span class='ocrx_word' id='word_1_217' title='bbox 679 1259 848 1304; x_wconf 82' lang='lat' dir='ltr'>justitiam</span> <span class='ocrx_word' id='word_1_218' title='bbox 863 1262 975 1297; x_wconf 76' lang='lat' dir='ltr'>amisit</span> <span class='ocrx_word' id='word_1_219' title='bbox 989 1271 1097 1306; x_wconf 87' lang='lat' dir='ltr'>arque</span> <span class='ocrx_word' id='word_1_220' title='bbox 1111 1260 1145 1296; x_wconf 86' lang='lat' dir='ltr'>in</span> <span class='ocrx_word' id='word_1_221' title='bbox 1157 1271 1222 1295; x_wconf 82' lang='lat' dir='ltr'>no-</span> 
     </span>
     <span class='ocr_line' id='line_1_34' title="bbox 277 1308 1196 1349; baseline 0 -4"><span class='ocrx_word' id='word_1_222' title='bbox 277 1308 392 1348; x_wconf 78' lang='lat' dir='ltr'>steros</span> <span class='ocrx_word' id='word_1_223' title='bbox 410 1315 517 1349; x_wconf 87' lang='lat' dir='ltr'>etiam</span> <span class='ocrx_word' id='word_1_224' title='bbox 529 1313 688 1348; x_wconf 80' lang='lat' dir='ltr'>debitum</span> <span class='ocrx_word' id='word_1_225' title='bbox 702 1312 856 1348; x_wconf 79' lang='lat' dir='ltr'>habendi</span> <span class='ocrx_word' id='word_1_226' title='bbox 871 1325 946 1348; x_wconf 90' lang='lat' dir='ltr'>eam</span> <span class='ocrx_word' id='word_1_227' title='bbox 975 1310 1170 1348; x_wconf 74' lang='lat' dir='ltr'>transfudit</span> <span class='ocrx_word' id='word_1_228' title='bbox 1192 1337 1196 1343; x_wconf 90' lang='lat'>.</span> 
     </span>
    </p>

    <p class='ocr_par' dir='ltr' id='par_1_11' title="bbox 269 1361 1226 2360">
     <span class='ocr_line' id='line_1_35' title="bbox 383 1361 1221 1409; baseline 0 -11"><span class='ocrx_word' id='word_1_229' title='bbox 383 1361 441 1398; x_wconf 84' lang='lat' dir='ltr'>Ad</span> <span class='ocrx_word' id='word_1_230' title='bbox 454 1362 741 1409; x_wconf 82' lang='lat' dir='ltr'>argtrmenta.Ad</span> <span class='ocrx_word' id='word_1_231' title='bbox 756 1363 905 1409; x_wconf 76' lang='lat' dir='ltr'>primum</span> <span class='ocrx_word' id='word_1_232' title='bbox 923 1362 1221 1407; x_wconf 79' lang='lat' dir='ltr'>responde03Uti.</span> 
     </span>
     <span class='ocr_line' id='line_1_36' title="bbox 279 1412 1221 1460; baseline -0.001 -13"><span class='ocrx_word' id='word_1_233' title='bbox 279 1422 352 1459; x_wconf 86' lang='lat' dir='ltr'>que</span> <span class='ocrx_word' id='word_1_234' title='bbox 364 1413 509 1449; x_wconf 73' lang='lat' dir='ltr'>babitus</span> <span class='ocrx_word' id='word_1_235' title='bbox 522 1413 772 1460; x_wconf 75' lang='lat' dir='ltr'>quoscumque</span> <span class='ocrx_word' id='word_1_236' title='bbox 785 1425 846 1457; x_wconf 86' lang='lat' dir='ltr'>per</span> <span class='ocrx_word' id='word_1_237' title='bbox 859 1415 1003 1450; x_wconf 80' lang='lat' dir='ltr'>modum</span> <span class='ocrx_word' id='word_1_238' title='bbox 1019 1424 1153 1448; x_wconf 85' lang='lat' dir='ltr'>naturae</span> <span class='ocrx_word' id='word_1_239' title='bbox 1168 1412 1221 1447; x_wconf 88' lang='lat' dir='ltr'>in-</span> 
     </span>
     <span class='ocr_line' id='line_1_37' title="bbox 276 1462 1222 1509; baseline 0 -12"><span class='ocrx_word' id='word_1_240' title='bbox 276 1462 413 1498; x_wconf 82' lang='lat' dir='ltr'>clinare</span> <span class='ocrx_word' id='word_1_241' title='bbox 426 1465 623 1509; x_wconf 85' lang='lat' dir='ltr'>potentiam</span> <span class='ocrx_word' id='word_1_242' title='bbox 644 1491 650 1497; x_wconf 92' lang='lat'>.</span> <span class='ocrx_word' id='word_1_243' title='bbox 679 1476 787 1509; x_wconf 81' lang='lat' dir='ltr'>quam</span> <span class='ocrx_word' id='word_1_244' title='bbox 806 1464 997 1509; x_wconf 75' lang='lat' dir='ltr'>perficiunt</span> <span class='ocrx_word' id='word_1_245' title='bbox 1013 1491 1021 1500; x_wconf 92' lang='lat'><em>.</em></span> <span class='ocrx_word' id='word_1_246' title='bbox 1048 1464 1089 1498; x_wconf 78' lang='lat' dir='ltr'>Et</span> <span class='ocrx_word' id='word_1_247' title='bbox 1103 1465 1149 1497; x_wconf 87' lang='lat' dir='ltr'>ita</span> <span class='ocrx_word' id='word_1_248' title='bbox 1167 1475 1222 1498; x_wconf 86' lang='lat' dir='ltr'>re-</span> 
     </span>
     <span class='ocr_line' id='line_1_38' title="bbox 276 1508 1220 1560; baseline 0 -13"><span class='ocrx_word' id='word_1_249' title='bbox 276 1523 363 1547; x_wconf 74' lang='lat' dir='ltr'>vera</span> <span class='ocrx_word' id='word_1_250' title='bbox 377 1513 571 1550; x_wconf 73' lang='lat' dir='ltr'>inclinabat</span> <span class='ocrx_word' id='word_1_251' title='bbox 597 1513 735 1560; x_wconf 85' lang='lat' dir='ltr'>justitia</span> <span class='ocrx_word' id='word_1_252' title='bbox 763 1515 949 1559; x_wconf 83' lang='lat' dir='ltr'>originalis</span> <span class='ocrx_word' id='word_1_253' title='bbox 979 1508 1220 1557; x_wconf 73' lang='lat' dir='ltr'>voluntatem,</span> 
     </span>
     <span class='ocr_line' id='line_1_39' title="bbox 276 1560 1219 1611; baseline 0.005 -15"><span class='ocrx_word' id='word_1_254' title='bbox 276 1560 373 1597; x_wconf 80' lang='lat' dir='ltr'>salva</span> <span class='ocrx_word' id='word_1_255' title='bbox 405 1564 514 1611; x_wconf 73' lang='lat' dir='ltr'>ipsius</span> <span class='ocrx_word' id='word_1_256' title='bbox 543 1565 731 1605; x_wconf 67' lang='lat' dir='ltr'>libertate;</span> <span class='ocrx_word' id='word_1_257' title='bbox 757 1577 798 1599; x_wconf 88' lang='lat' dir='ltr'>ea</span> <span class='ocrx_word' id='word_1_258' title='bbox 829 1577 948 1601; x_wconf 79' lang='lat' dir='ltr'>autem</span> <span class='ocrx_word' id='word_1_259' title='bbox 977 1563 1095 1601; x_wconf 70' lang='lat' dir='ltr'>amissa</span> <span class='ocrx_word' id='word_1_260' title='bbox 1126 1565 1219 1601; x_wconf 75' lang='lat' dir='ltr'>vires</span> 
     </span>
     <span class='ocr_line' id='line_1_40' title="bbox 277 1613 1220 1662; baseline 0.003 -15"><span class='ocrx_word' id='word_1_261' title='bbox 277 1623 401 1649; x_wconf 85' lang='lat' dir='ltr'>omnes</span> <span class='ocrx_word' id='word_1_262' title='bbox 414 1616 538 1651; x_wconf 71' lang='lat' dir='ltr'>animae</span> <span class='ocrx_word' id='word_1_263' title='bbox 555 1614 713 1651; x_wconf 73' lang='lat' dir='ltr'>effraenes</span> <span class='ocrx_word' id='word_1_264' title='bbox 725 1614 801 1660; x_wconf 82' lang='lat' dir='ltr'>post</span> <span class='ocrx_word' id='word_1_265' title='bbox 814 1617 956 1662; x_wconf 74' lang='lat' dir='ltr'>propria</span> <span class='ocrx_word' id='word_1_266' title='bbox 986 1613 1128 1659; x_wconf 62' lang='lat' dir='ltr'>obieeta</span> <span class='ocrx_word' id='word_1_267' title='bbox 1145 1615 1220 1650; x_wconf 84' lang='lat' dir='ltr'>ive-</span> 
     </span>
     <span class='ocr_line' id='line_1_41' title="bbox 276 1665 1219 1711; baseline 0.003 -12"><span class='ocrx_word' id='word_1_268' title='bbox 276 1674 375 1699; x_wconf 81' lang='lat' dir='ltr'>runt:</span> <span class='ocrx_word' id='word_1_269' title='bbox 388 1675 468 1708; x_wconf 84' lang='lat' dir='ltr'>quae</span> <span class='ocrx_word' id='word_1_270' title='bbox 479 1675 518 1700; x_wconf 89' lang='lat' dir='ltr'>ut</span> <span class='ocrx_word' id='word_1_271' title='bbox 531 1665 656 1700; x_wconf 83' lang='lat' dir='ltr'>debito</span> <span class='ocrx_word' id='word_1_272' title='bbox 668 1677 749 1700; x_wconf 91' lang='lat' dir='ltr'>cum</span> <span class='ocrx_word' id='word_1_273' title='bbox 767 1666 1021 1709; x_wconf 71' lang='lat' dir='ltr'>moderamine,</span> <span class='ocrx_word' id='word_1_274' title='bbox 1036 1665 1219 1711; x_wconf 59' lang='lat' dir='ltr'>juxtaque</span> 
     </span>
     <span class='ocr_line' id='line_1_42' title="bbox 275 1712 1221 1762; baseline 0.002 -13"><span class='ocrx_word' id='word_1_275' title='bbox 275 1712 468 1749; x_wconf 63' lang='lat' dir='ltr'>diaamina</span> <span class='ocrx_word' id='word_1_276' title='bbox 484 1717 633 1751; x_wconf 82' lang='lat' dir='ltr'>rationis</span> <span class='ocrx_word' id='word_1_277' title='bbox 645 1742 654 1757; x_wconf 92' lang='lat'><strong>,</strong></span> <span class='ocrx_word' id='word_1_278' title='bbox 677 1725 717 1750; x_wconf 88' lang='lat' dir='ltr'>ut</span> <span class='ocrx_word' id='word_1_279' title='bbox 729 1717 1033 1762; x_wconf 72' lang='lat' dir='ltr'>prosequerentur</span> <span class='ocrx_word' id='word_1_280' title='bbox 1046 1715 1221 1751; x_wconf 74' lang='lat' dir='ltr'>efficiebat</span> 
     </span>
     <span class='ocr_line' id='line_1_43' title="bbox 275 1763 1221 1813; baseline 0.003 -15"><span class='ocrx_word' id='word_1_281' title='bbox 275 1763 411 1800; x_wconf 84' lang='lat' dir='ltr'>donum</span> <span class='ocrx_word' id='word_1_282' title='bbox 426 1763 696 1812; x_wconf 86' lang='lat' dir='ltr'>supernaturale</span> <span class='ocrx_word' id='word_1_283' title='bbox 709 1763 855 1810; x_wconf 80' lang='lat' dir='ltr'>justitiae</span> <span class='ocrx_word' id='word_1_284' title='bbox 866 1768 1055 1809; x_wconf 71' lang='lat' dir='ltr'>originalis</span> <span class='ocrx_word' id='word_1_285' title='bbox 1072 1793 1080 1800; x_wconf 89' lang='lat'><strong>.</strong></span> <span class='ocrx_word' id='word_1_286' title='bbox 1106 1767 1221 1813; x_wconf 85' lang='lat' dir='ltr'>Quod</span> 
     </span>
     <span class='ocr_line' id='line_1_44' title="bbox 274 1814 1221 1862; baseline 0.002 -12"><span class='ocrx_word' id='word_1_287' title='bbox 274 1814 389 1859; x_wconf 82' lang='lat' dir='ltr'>igitur</span> <span class='ocrx_word' id='word_1_288' title='bbox 406 1814 569 1852; x_wconf 83' lang='lat' dir='ltr'>homines</span> <span class='ocrx_word' id='word_1_289' title='bbox 589 1818 621 1851; x_wconf 90' lang='lat' dir='ltr'>in</span> <span class='ocrx_word' id='word_1_290' title='bbox 638 1817 736 1862; x_wconf 85' lang='lat' dir='ltr'>plura</span> <span class='ocrx_word' id='word_1_291' title='bbox 764 1817 796 1850; x_wconf 67' lang='lat'>81</span> <span class='ocrx_word' id='word_1_292' title='bbox 821 1815 958 1850; x_wconf 79' lang='lat' dir='ltr'>diversa</span> <span class='ocrx_word' id='word_1_293' title='bbox 982 1816 1221 1860; x_wconf 82' lang='lat' dir='ltr'>prolabantur</span> 
     </span>
     <span class='ocr_line' id='line_1_45' title="bbox 274 1867 1222 1914; baseline 0.002 -15"><span class='ocrx_word' id='word_1_294' title='bbox 274 1876 422 1912; x_wconf 86' lang='lat' dir='ltr'>peccata</span> <span class='ocrx_word' id='word_1_295' title='bbox 449 1878 519 1901; x_wconf 88' lang='lat' dir='ltr'>non</span> <span class='ocrx_word' id='word_1_296' title='bbox 532 1867 640 1902; x_wconf 79' lang='lat' dir='ltr'>efficit</span> <span class='ocrx_word' id='word_1_297' title='bbox 671 1867 863 1908; x_wconf 70' lang='lat' dir='ltr'>multiplex</span> <span class='ocrx_word' id='word_1_298' title='bbox 890 1868 1076 1914; x_wconf 86' lang='lat' dir='ltr'>originalis</span> <span class='ocrx_word' id='word_1_299' title='bbox 1101 1867 1222 1913; x_wconf 88' lang='lat' dir='ltr'>culpa,</span> 
     </span>
     <span class='ocr_line' id='line_1_46' title="bbox 274 1914 1225 1963; baseline 0.006 -13"><span class='ocrx_word' id='word_1_300' title='bbox 274 1914 334 1950; x_wconf 84' lang='lat' dir='ltr'>sed</span> <span class='ocrx_word' id='word_1_301' title='bbox 351 1915 436 1963; x_wconf 87' lang='lat' dir='ltr'>quia</span> <span class='ocrx_word' id='word_1_302' title='bbox 451 1915 532 1962; x_wconf 78' lang='lat' dir='ltr'>ipsae</span> <span class='ocrx_word' id='word_1_303' title='bbox 548 1918 638 1954; x_wconf 81' lang='lat' dir='ltr'>vires</span> <span class='ocrx_word' id='word_1_304' title='bbox 652 1946 661 1959; x_wconf 91' lang='lat'>,</span> <span class='ocrx_word' id='word_1_305' title='bbox 680 1918 734 1953; x_wconf 80' lang='lat' dir='ltr'>vel</span> <span class='ocrx_word' id='word_1_306' title='bbox 747 1917 913 1961; x_wconf 71' lang='lat' dir='ltr'>potentiae</span> <span class='ocrx_word' id='word_1_307' title='bbox 927 1919 1053 1953; x_wconf 84' lang='lat' dir='ltr'>animae</span> <span class='ocrx_word' id='word_1_308' title='bbox 1066 1945 1074 1959; x_wconf 90' lang='lat'>‚</span> <span class='ocrx_word' id='word_1_309' title='bbox 1090 1930 1153 1961; x_wconf 85' lang='lat' dir='ltr'>per</span> <span class='ocrx_word' id='word_1_310' title='bbox 1170 1929 1225 1956; x_wconf 77' lang='lat' dir='ltr'>ta.</span> 
     </span>
     <span class='ocr_line' id='line_1_47' title="bbox 273 1966 1224 2016; baseline 0.002 -14"><span class='ocrx_word' id='word_1_311' title='bbox 273 1966 341 2002; x_wconf 89' lang='lat' dir='ltr'>lem</span> <span class='ocrx_word' id='word_1_312' title='bbox 354 1966 547 2002; x_wconf 87' lang='lat' dir='ltr'>carentiam</span> <span class='ocrx_word' id='word_1_313' title='bbox 571 1967 750 2004; x_wconf 69' lang='lat' dir='ltr'>destirutae</span> <span class='ocrx_word' id='word_1_314' title='bbox 770 1966 882 2003; x_wconf 80' lang='lat' dir='ltr'>fraeno</span> <span class='ocrx_word' id='word_1_315' title='bbox 908 1981 984 2016; x_wconf 91' lang='lat' dir='ltr'>quo</span> <span class='ocrx_word' id='word_1_316' title='bbox 1005 1972 1224 2005; x_wconf 85' lang='lat' dir='ltr'>coerceban-</span> 
     </span>
     <span class='ocr_line' id='line_1_48' title="bbox 272 2017 1223 2064; baseline 0.005 -14"><span class='ocrx_word' id='word_1_317' title='bbox 272 2027 333 2054; x_wconf 82' lang='lat' dir='ltr'>tur</span> <span class='ocrx_word' id='word_1_318' title='bbox 350 2043 360 2059; x_wconf 87' lang='lat'><strong>,</strong></span> <span class='ocrx_word' id='word_1_319' title='bbox 390 2019 426 2053; x_wconf 90' lang='lat' dir='ltr'>in</span> <span class='ocrx_word' id='word_1_320' title='bbox 445 2019 586 2064; x_wconf 84' lang='lat' dir='ltr'>propria</span> <span class='ocrx_word' id='word_1_321' title='bbox 602 2019 756 2055; x_wconf 87' lang='lat' dir='ltr'>tendunt</span> <span class='ocrx_word' id='word_1_322' title='bbox 785 2017 927 2064; x_wconf 65' lang='lat' dir='ltr'>objeeta</span> <span class='ocrx_word' id='word_1_323' title='bbox 948 2020 1036 2055; x_wconf 84' lang='lat' dir='ltr'>citra</span> <span class='ocrx_word' id='word_1_324' title='bbox 1066 2021 1096 2054; x_wconf 82' lang='grc'>8(</span> <span class='ocrx_word' id='word_1_325' title='bbox 1127 2021 1223 2055; x_wconf 84' lang='lat' dir='ltr'>ultra</span> 
     </span>
     <span class='ocr_line' id='line_1_49' title="bbox 271 2067 1226 2115; baseline 0.001 -11"><span class='ocrx_word' id='word_1_326' title='bbox 271 2067 423 2104; x_wconf 82' lang='lat' dir='ltr'>rationis</span> <span class='ocrx_word' id='word_1_327' title='bbox 443 2068 670 2104; x_wconf 84' lang='lat' dir='ltr'>moderamen</span> <span class='ocrx_word' id='word_1_328' title='bbox 687 2082 698 2110; x_wconf 82' lang='lat'>3</span> <span class='ocrx_word' id='word_1_329' title='bbox 713 2081 756 2105; x_wconf 83' lang='lat' dir='ltr'>ex</span> <span class='ocrx_word' id='word_1_330' title='bbox 766 2079 808 2104; x_wconf 89' lang='lat' dir='ltr'>eo</span> <span class='ocrx_word' id='word_1_331' title='bbox 821 2070 930 2108; x_wconf 53' lang='lat' dir='ltr'>igitur</span> <span class='ocrx_word' id='word_1_332' title='bbox 946 2069 994 2105; x_wconf 84' lang='lat' dir='ltr'>est</span> <span class='ocrx_word' id='word_1_333' title='bbox 1012 2071 1226 2115; x_wconf 86' lang='lat' dir='ltr'>multiplici-</span> 
     </span>
     <span class='ocr_line' id='line_1_50' title="bbox 269 2117 1226 2167; baseline 0.001 -14"><span class='ocrx_word' id='word_1_334' title='bbox 269 2129 326 2153; x_wconf 73' lang='lat' dir='ltr'>tas</span> <span class='ocrx_word' id='word_1_335' title='bbox 343 2129 571 2162; x_wconf 88' lang='lat' dir='ltr'>peccatorum</span> <span class='ocrx_word' id='word_1_336' title='bbox 586 2118 782 2156; x_wconf 53' lang='lat' dir='ltr'>aunarium</span> <span class='ocrx_word' id='word_1_337' title='bbox 795 2145 805 2161; x_wconf 90' lang='lat'>‚</span> <span class='ocrx_word' id='word_1_338' title='bbox 831 2117 865 2153; x_wconf 70' lang='grc'>8(</span> <span class='ocrx_word' id='word_1_339' title='bbox 884 2132 953 2155; x_wconf 86' lang='lat' dir='ltr'>non</span> <span class='ocrx_word' id='word_1_340' title='bbox 975 2120 1060 2167; x_wconf 71' lang='lat' dir='ltr'>quia</span> <span class='ocrx_word' id='word_1_341' title='bbox 1090 2120 1226 2159; x_wconf 77' lang='lat' dir='ltr'>plura...</span> 
     </span>
     <span class='ocr_line' id='line_1_51' title="bbox 271 2168 1225 2217; baseline 0 -11"><span class='ocrx_word' id='word_1_342' title='bbox 271 2168 337 2206; x_wconf 78' lang='lat' dir='ltr'>sint</span> <span class='ocrx_word' id='word_1_343' title='bbox 348 2169 536 2213; x_wconf 70' lang='lat' dir='ltr'>originalia</span> <span class='ocrx_word' id='word_1_344' title='bbox 553 2182 712 2217; x_wconf 82' lang='lat' dir='ltr'>peccata.</span> <span class='ocrx_word' id='word_1_345' title='bbox 731 2171 827 2205; x_wconf 82' lang='lat' dir='ltr'>Cum</span> <span class='ocrx_word' id='word_1_346' title='bbox 841 2173 932 2206; x_wconf 68' lang='lat' dir='ltr'>enim</span> <span class='ocrx_word' id='word_1_347' title='bbox 954 2170 1148 2206; x_wconf 71' lang='lat' dir='ltr'>formaliter</span> <span class='ocrx_word' id='word_1_348' title='bbox 1163 2182 1225 2206; x_wconf 83' lang='lat' dir='ltr'>ca-</span> 
     </span>
     <span class='ocr_line' id='line_1_52' title="bbox 273 2218 1224 2266; baseline 0.001 -10"><span class='ocrx_word' id='word_1_349' title='bbox 273 2220 385 2256; x_wconf 82' lang='lat' dir='ltr'>remia</span> <span class='ocrx_word' id='word_1_350' title='bbox 404 2219 443 2255; x_wconf 85' lang='lat' dir='ltr'>fit</span> <span class='ocrx_word' id='word_1_351' title='bbox 463 2218 605 2265; x_wconf 72' lang='lat' dir='ltr'>iustitiae</span> <span class='ocrx_word' id='word_1_352' title='bbox 620 2222 750 2258; x_wconf 74' lang='lat' dir='ltr'>debita:</span> <span class='ocrx_word' id='word_1_353' title='bbox 766 2249 775 2263; x_wconf 93' lang='lat'>,</span> <span class='ocrx_word' id='word_1_354' title='bbox 791 2219 867 2255; x_wconf 77' lang='lat' dir='ltr'>haec</span> <span class='ocrx_word' id='word_1_355' title='bbox 882 2219 956 2266; x_wconf 86' lang='lat' dir='ltr'>ipsa</span> <span class='ocrx_word' id='word_1_356' title='bbox 975 2222 1131 2266; x_wconf 76' lang='lat' dir='ltr'>privatio</span> <span class='ocrx_word' id='word_1_357' title='bbox 1155 2233 1224 2257; x_wconf 83' lang='lat' dir='ltr'>ex-</span> 
     </span>
     <span class='ocr_line' id='line_1_53' title="bbox 271 2270 1224 2319; baseline 0.001 -13"><span class='ocrx_word' id='word_1_358' title='bbox 271 2270 383 2307; x_wconf 90' lang='lat' dir='ltr'>cludit</span> <span class='ocrx_word' id='word_1_359' title='bbox 400 2272 513 2315; x_wconf 73' lang='lat' dir='ltr'>magis</span> <span class='ocrx_word' id='word_1_360' title='bbox 528 2271 562 2307; x_wconf 90' lang='grc'>8(</span> <span class='ocrx_word' id='word_1_361' title='bbox 578 2274 710 2315; x_wconf 85' lang='lat' dir='ltr'>minus,</span> <span class='ocrx_word' id='word_1_362' title='bbox 725 2271 866 2308; x_wconf 83' lang='lat' dir='ltr'>servans</span> <span class='ocrx_word' id='word_1_363' title='bbox 879 2284 986 2309; x_wconf 87' lang='lat' dir='ltr'>unam</span> <span class='ocrx_word' id='word_1_364' title='bbox 998 2271 1224 2319; x_wconf 83' lang='lat' dir='ltr'>eandemque</span> 
     </span>
     <span class='ocr_line' id='line_1_54' title="bbox 273 2322 710 2360; baseline 0.002 -1"><span class='ocrx_word' id='word_1_365' title='bbox 273 2322 451 2359; x_wconf 83' lang='lat' dir='ltr'>tationem</span> <span class='ocrx_word' id='word_1_366' title='bbox 468 2322 502 2357; x_wconf 92' lang='lat' dir='ltr'>in</span> <span class='ocrx_word' id='word_1_367' title='bbox 514 2324 684 2359; x_wconf 82' lang='lat' dir='ltr'>omnibus</span> <span class='ocrx_word' id='word_1_368' title='bbox 701 2350 710 2360; x_wconf 91' lang='lat'>.</span> 
     </span>
    </p>

    <p class='ocr_par' dir='ltr' id='par_1_12' title="bbox 270 2370 1227 3328">
     <span class='ocr_line' id='line_1_55' title="bbox 374 2370 1223 2425; baseline 0.001 -18"><span class='ocrx_word' id='word_1_369' title='bbox 374 2371 434 2407; x_wconf 58' lang='lat' dir='ltr'>A]</span> <span class='ocrx_word' id='word_1_370' title='bbox 455 2370 649 2409; x_wconf 78' lang='lat' dir='ltr'>secundum</span> <span class='ocrx_word' id='word_1_371' title='bbox 668 2373 863 2410; x_wconf 79' lang='lat' dir='ltr'>respondeo</span> <span class='ocrx_word' id='word_1_372' title='bbox 878 2400 889 2417; x_wconf 88' lang='lat'><strong>,</strong></span> <span class='ocrx_word' id='word_1_373' title='bbox 902 2371 1223 2425; x_wconf 82' lang='lat' dir='ltr'>Qemadmodum</span> 
     </span>
     <span class='ocr_line' id='line_1_56' title="bbox 272 2419 1223 2471; baseline 0.003 -15"><span class='ocrx_word' id='word_1_374' title='bbox 272 2419 411 2468; x_wconf 81' lang='lat' dir='ltr'>justitia</span> <span class='ocrx_word' id='word_1_375' title='bbox 423 2424 609 2467; x_wconf 77' lang='lat' dir='ltr'>originalis</span> <span class='ocrx_word' id='word_1_376' title='bbox 622 2438 682 2470; x_wconf 81' lang='lat' dir='ltr'>per</span> <span class='ocrx_word' id='word_1_377' title='bbox 701 2424 732 2459; x_wconf 72' lang='lat' dir='ltr'>se</span> <span class='ocrx_word' id='word_1_378' title='bbox 757 2426 787 2454; x_wconf 62' lang='lat' dir='ltr'><em>z</em></span> <span class='ocrx_word' id='word_1_379' title='bbox 817 2426 931 2471; x_wconf 87' lang='lat' dir='ltr'>primo</span> <span class='ocrx_word' id='word_1_380' title='bbox 958 2424 1143 2461; x_wconf 81' lang='lat' dir='ltr'>statuenda</span> <span class='ocrx_word' id='word_1_381' title='bbox 1173 2422 1223 2459; x_wconf 88' lang='lat' dir='ltr'>est</span> 
     </span>
     <span class='ocr_line' id='line_1_57' title="bbox 274 2473 1222 2521; baseline 0.002 -14"><span class='ocrx_word' id='word_1_382' title='bbox 274 2474 310 2507; x_wconf 89' lang='lat' dir='ltr'>in</span> <span class='ocrx_word' id='word_1_383' title='bbox 326 2473 538 2514; x_wconf 85' lang='lat' dir='ltr'>voluntate3</span> <span class='ocrx_word' id='word_1_384' title='bbox 562 2475 608 2510; x_wconf 89' lang='lat' dir='ltr'>ita</span> <span class='ocrx_word' id='word_1_385' title='bbox 630 2478 660 2512; x_wconf 74' lang='lat'>8&lt;</span> <span class='ocrx_word' id='word_1_386' title='bbox 681 2474 840 2521; x_wconf 78' lang='lat' dir='ltr'>ejusdem</span> <span class='ocrx_word' id='word_1_387' title='bbox 859 2477 1014 2521; x_wconf 72' lang='lat' dir='ltr'>privatio</span> <span class='ocrx_word' id='word_1_388' title='bbox 1029 2477 1064 2509; x_wconf 88' lang='lat' dir='ltr'>in</span> <span class='ocrx_word' id='word_1_389' title='bbox 1096 2474 1222 2510; x_wconf 86' lang='lat' dir='ltr'>eodem</span> 
     </span>
     <span class='ocr_line' id='line_1_58' title="bbox 275 2520 1225 2576; baseline 0.004 -20"><span class='ocrx_word' id='word_1_390' title='bbox 275 2520 441 2568; x_wconf 56' lang='lat' dir='ltr'>subjecto</span> <span class='ocrx_word' id='word_1_391' title='bbox 455 2523 494 2558; x_wconf 82' lang='lat' dir='ltr'>lit</span> <span class='ocrx_word' id='word_1_392' title='bbox 510 2536 654 2572; x_wconf 89' lang='lat' dir='ltr'>oportet</span> <span class='ocrx_word' id='word_1_393' title='bbox 673 2553 680 2563; x_wconf 92' lang='lat'><em>.</em></span> <span class='ocrx_word' id='word_1_394' title='bbox 697 2526 810 2576; x_wconf 81' lang='lat' dir='ltr'>Qod</span> <span class='ocrx_word' id='word_1_395' title='bbox 842 2526 863 2561; x_wconf 83' lang='lat' dir='ltr'>fi</span> <span class='ocrx_word' id='word_1_396' title='bbox 893 2525 1068 2562; x_wconf 83' lang='lat' dir='ltr'>statuatur</span> <span class='ocrx_word' id='word_1_397' title='bbox 1081 2552 1091 2566; x_wconf 88' lang='lat'>‚</span> <span class='ocrx_word' id='word_1_398' title='bbox 1120 2523 1225 2570; x_wconf 80' lang='lat' dir='ltr'>justi-</span> 
     </span>
     <span class='ocr_line' id='line_1_59' title="bbox 270 2571 1227 2623; baseline 0.003 -15"><span class='ocrx_word' id='word_1_399' title='bbox 270 2573 361 2608; x_wconf 81' lang='lat' dir='ltr'>tiam</span> <span class='ocrx_word' id='word_1_400' title='bbox 376 2571 467 2608; x_wconf 83' lang='lat' dir='ltr'>hanc</span> <span class='ocrx_word' id='word_1_401' title='bbox 482 2586 526 2609; x_wconf 84' lang='lat' dir='ltr'>ex</span> <span class='ocrx_word' id='word_1_402' title='bbox 539 2575 704 2619; x_wconf 88' lang='lat' dir='ltr'>pluribus</span> <span class='ocrx_word' id='word_1_403' title='bbox 721 2576 874 2612; x_wconf 79' lang='lat' dir='ltr'>conflari</span> <span class='ocrx_word' id='word_1_404' title='bbox 889 2574 1087 2623; x_wconf 71' lang='lat' dir='ltr'>oportuisse</span> <span class='ocrx_word' id='word_1_405' title='bbox 1119 2587 1227 2620; x_wconf 80' lang='lat' dir='ltr'>pecu-</span> 
     </span>
     <span class='ocr_line' id='line_1_60' title="bbox 279 2622 1227 2673; baseline 0.001 -13"><span class='ocrx_word' id='word_1_406' title='bbox 279 2624 427 2660; x_wconf 81' lang='lat' dir='ltr'>liaribus</span> <span class='ocrx_word' id='word_1_407' title='bbox 442 2622 546 2660; x_wconf 89' lang='lat' dir='ltr'>donis</span> <span class='ocrx_word' id='word_1_408' title='bbox 564 2651 576 2665; x_wconf 92' lang='lat'><em>‚</em></span> <span class='ocrx_word' id='word_1_409' title='bbox 600 2627 724 2661; x_wconf 86' lang='lat' dir='ltr'>inditis</span> <span class='ocrx_word' id='word_1_410' title='bbox 738 2627 822 2662; x_wconf 78' lang='lat' dir='ltr'>huic</span> <span class='ocrx_word' id='word_1_411' title='bbox 837 2653 847 2667; x_wconf 88' lang='lat'>,</span> <span class='ocrx_word' id='word_1_412' title='bbox 862 2626 892 2661; x_wconf 84' lang='grc'>8(</span> <span class='ocrx_word' id='word_1_413' title='bbox 909 2626 959 2661; x_wconf 90' lang='lat' dir='ltr'>illi</span> <span class='ocrx_word' id='word_1_414' title='bbox 977 2625 1227 2673; x_wconf 82' lang='lat' dir='ltr'>potentiae‚seu</span> 
     </span>
     <span class='ocr_line' id='line_1_61' title="bbox 272 2673 1227 2724; baseline -0.001 -13"><span class='ocrx_word' id='word_1_415' title='bbox 272 2685 315 2711; x_wconf 92' lang='lat' dir='ltr'>ut</span> <span class='ocrx_word' id='word_1_416' title='bbox 354 2673 398 2708; x_wconf 91' lang='lat' dir='ltr'>de</span> <span class='ocrx_word' id='word_1_417' title='bbox 426 2674 573 2709; x_wconf 85' lang='lat' dir='ltr'>rationis</span> <span class='ocrx_word' id='word_1_418' title='bbox 595 2675 786 2712; x_wconf 60' lang='lat' dir='ltr'>afflamine</span> <span class='ocrx_word' id='word_1_419' title='bbox 812 2676 1027 2724; x_wconf 77' lang='lat' dir='ltr'>imperarent</span> <span class='ocrx_word' id='word_1_420' title='bbox 1048 2702 1057 2717; x_wconf 90' lang='lat'>‚</span> <span class='ocrx_word' id='word_1_421' title='bbox 1088 2675 1146 2711; x_wconf 84' lang='lat' dir='ltr'>seu</span> <span class='ocrx_word' id='word_1_422' title='bbox 1187 2686 1227 2711; x_wconf 84' lang='lat' dir='ltr'>ut</span> 
     </span>
     <span class='ocr_line' id='line_1_62' title="bbox 272 2722 1222 2770; baseline -0.001 -9"><span class='ocrx_word' id='word_1_423' title='bbox 272 2722 409 2770; x_wconf 77' lang='lat' dir='ltr'>absque</span> <span class='ocrx_word' id='word_1_424' title='bbox 453 2737 591 2770; x_wconf 85' lang='lat' dir='ltr'>repugn</span> <span class='ocrx_word' id='word_1_425' title='bbox 604 2728 694 2761; x_wconf 73' lang='lat' dir='ltr'>tntia</span> <span class='ocrx_word' id='word_1_426' title='bbox 734 2727 931 2761; x_wconf 71' lang='lat' dir='ltr'>obedirent</span> <span class='ocrx_word' id='word_1_427' title='bbox 947 2751 958 2767; x_wconf 95' lang='lat'>,</span> <span class='ocrx_word' id='word_1_428' title='bbox 989 2737 1080 2762; x_wconf 89' lang='lat' dir='ltr'>tunc</span> <span class='ocrx_word' id='word_1_429' title='bbox 1118 2725 1222 2761; x_wconf 81' lang='lat' dir='ltr'>ficuti</span> 
     </span>
     <span class='ocr_line' id='line_1_63' title="bbox 272 2775 1226 2823; baseline 0 -11"><span class='ocrx_word' id='word_1_430' title='bbox 272 2777 415 2819; x_wconf 77' lang='lat' dir='ltr'>integra</span> <span class='ocrx_word' id='word_1_431' title='bbox 432 2775 463 2810; x_wconf 87' lang='grc'>8(</span> <span class='ocrx_word' id='word_1_432' title='bbox 477 2775 682 2812; x_wconf 78' lang='lat' dir='ltr'>omnimoda</span> <span class='ocrx_word' id='word_1_433' title='bbox 697 2775 834 2823; x_wconf 83' lang='lat' dir='ltr'>justitia</span> <span class='ocrx_word' id='word_1_434' title='bbox 850 2777 918 2811; x_wconf 92' lang='lat' dir='ltr'>illis</span> <span class='ocrx_word' id='word_1_435' title='bbox 937 2779 1108 2812; x_wconf 91' lang='lat' dir='ltr'>omnibus</span> <span class='ocrx_word' id='word_1_436' title='bbox 1135 2777 1226 2812; x_wconf 88' lang='lat' dir='ltr'>inte-</span> 
     </span>
     <span class='ocr_line' id='line_1_64' title="bbox 272 2826 1223 2873; baseline 0.004 -15"><span class='ocrx_word' id='word_1_437' title='bbox 272 2827 449 2873; x_wconf 81' lang='lat' dir='ltr'>grabatur</span> <span class='ocrx_word' id='word_1_438' title='bbox 467 2827 710 2872; x_wconf 84' lang='lat' dir='ltr'>peculiaribus</span> <span class='ocrx_word' id='word_1_439' title='bbox 722 2826 826 2863; x_wconf 89' lang='lat' dir='ltr'>donis</span> <span class='ocrx_word' id='word_1_440' title='bbox 843 2854 853 2869; x_wconf 92' lang='lat'><strong><em>,</em></strong></span> <span class='ocrx_word' id='word_1_441' title='bbox 876 2827 923 2861; x_wconf 90' lang='lat' dir='ltr'>ita</span> <span class='ocrx_word' id='word_1_442' title='bbox 941 2827 1098 2872; x_wconf 80' lang='lat' dir='ltr'>privatio</span> <span class='ocrx_word' id='word_1_443' title='bbox 1113 2826 1223 2871; x_wconf 81' lang='lat' dir='ltr'>ipsam</span> 
     </span>
     <span class='ocr_line' id='line_1_65' title="bbox 272 2874 1225 2926; baseline 0.002 -16"><span class='ocrx_word' id='word_1_444' title='bbox 272 2874 473 2914; x_wconf 82' lang='lat' dir='ltr'>excludens</span> <span class='ocrx_word' id='word_1_445' title='bbox 489 2877 660 2912; x_wconf 88' lang='lat' dir='ltr'>omnibus</span> <span class='ocrx_word' id='word_1_446' title='bbox 673 2879 803 2926; x_wconf 88' lang='lat' dir='ltr'>pariter</span> <span class='ocrx_word' id='word_1_447' title='bbox 832 2876 987 2912; x_wconf 79' lang='lat' dir='ltr'>conflari</span> <span class='ocrx_word' id='word_1_448' title='bbox 1013 2877 1225 2922; x_wconf 84' lang='lat' dir='ltr'>intelligitur</span> 
     </span>
     <span class='ocr_line' id='line_1_66' title="bbox 271 2926 1224 2976; baseline 0.002 -16"><span class='ocrx_word' id='word_1_449' title='bbox 271 2926 518 2976; x_wconf 74' lang='lat' dir='ltr'>peculiaribus</span> <span class='ocrx_word' id='word_1_450' title='bbox 533 2926 714 2963; x_wconf 89' lang='lat' dir='ltr'>donorum</span> <span class='ocrx_word' id='word_1_451' title='bbox 732 2927 996 2973; x_wconf 76' lang='lat' dir='ltr'>privationibus</span> <span class='ocrx_word' id='word_1_452' title='bbox 1012 2955 1020 2963; x_wconf 88' lang='lat'><strong><em>.</em></strong></span> <span class='ocrx_word' id='word_1_453' title='bbox 1038 2931 1124 2966; x_wconf 88' lang='lat' dir='ltr'>Nec</span> <span class='ocrx_word' id='word_1_454' title='bbox 1141 2939 1224 2974; x_wconf 91' lang='lat' dir='ltr'>pro-</span> 
     </span>
     <span class='ocr_line' id='line_1_67' title="bbox 274 2976 1224 3026; baseline 0.003 -15"><span class='ocrx_word' id='word_1_455' title='bbox 274 2989 396 3026; x_wconf 79' lang='lat' dir='ltr'>pterea</span> <span class='ocrx_word' id='word_1_456' title='bbox 410 2977 599 3022; x_wconf 79' lang='lat' dir='ltr'>multiplex</span> <span class='ocrx_word' id='word_1_457' title='bbox 628 2977 696 3014; x_wconf 78' lang='lat' dir='ltr'>effe</span> <span class='ocrx_word' id='word_1_458' title='bbox 720 2977 910 3013; x_wconf 84' lang='lat' dir='ltr'>dicendum</span> <span class='ocrx_word' id='word_1_459' title='bbox 941 2976 990 3013; x_wconf 89' lang='lat' dir='ltr'>est</span> <span class='ocrx_word' id='word_1_460' title='bbox 1017 2979 1224 3024; x_wconf 68' lang='lat' dir='ltr'>originale-2</span> 
     </span>
     <span class='ocr_line' id='line_1_68' title="bbox 275 3025 1224 3076; baseline -0.001 -12"><span class='ocrx_word' id='word_1_461' title='bbox 275 3037 489 3076; x_wconf 74' lang='lat' dir='ltr'>peccatum,</span> <span class='ocrx_word' id='word_1_462' title='bbox 521 3025 577 3062; x_wconf 83' lang='lat' dir='ltr'>sed</span> <span class='ocrx_word' id='word_1_463' title='bbox 596 3040 708 3064; x_wconf 88' lang='lat' dir='ltr'>unum</span> <span class='ocrx_word' id='word_1_464' title='bbox 724 3054 737 3071; x_wconf 93' lang='lat'>‚</span> <span class='ocrx_word' id='word_1_465' title='bbox 766 3027 867 3064; x_wconf 76' lang='lat' dir='ltr'>sicuti</span> <span class='ocrx_word' id='word_1_466' title='bbox 887 3040 956 3063; x_wconf 91' lang='lat' dir='ltr'>una</span> <span class='ocrx_word' id='word_1_467' title='bbox 968 3027 1016 3063; x_wconf 86' lang='lat' dir='ltr'>est</span> <span class='ocrx_word' id='word_1_468' title='bbox 1045 3030 1224 3063; x_wconf 86' lang='lat' dir='ltr'>omnimo-</span> 
     </span>
     <span class='ocr_line' id='line_1_69' title="bbox 275 3075 1223 3126; baseline -0.001 -12"><span class='ocrx_word' id='word_1_469' title='bbox 275 3078 321 3114; x_wconf 88' lang='lat' dir='ltr'>da</span> <span class='ocrx_word' id='word_1_470' title='bbox 335 3077 491 3125; x_wconf 86' lang='lat' dir='ltr'>privatio</span> <span class='ocrx_word' id='word_1_471' title='bbox 506 3075 652 3123; x_wconf 77' lang='lat' dir='ltr'>justiliae</span> <span class='ocrx_word' id='word_1_472' title='bbox 666 3079 851 3123; x_wconf 86' lang='lat' dir='ltr'>originalis</span> <span class='ocrx_word' id='word_1_473' title='bbox 865 3104 874 3114; x_wconf 94' lang='lat'>.</span> <span class='ocrx_word' id='word_1_474' title='bbox 892 3081 975 3125; x_wconf 89' lang='lat' dir='ltr'>Qua</span> <span class='ocrx_word' id='word_1_475' title='bbox 991 3080 1025 3115; x_wconf 93' lang='lat' dir='ltr'>in</span> <span class='ocrx_word' id='word_1_476' title='bbox 1054 3081 1223 3126; x_wconf 87' lang='lat' dir='ltr'>privatio-</span> 
     </span>
     <span class='ocr_line' id='line_1_70' title="bbox 275 3128 1224 3170; baseline 0.001 -6"><span class='ocrx_word' id='word_1_477' title='bbox 275 3140 323 3164; x_wconf 75' lang='lat' dir='ltr'>ne</span> <span class='ocrx_word' id='word_1_478' title='bbox 337 3153 348 3170; x_wconf 87' lang='lat'>‚</span> <span class='ocrx_word' id='word_1_479' title='bbox 376 3128 516 3165; x_wconf 88' lang='lat' dir='ltr'>virtute</span> <span class='ocrx_word' id='word_1_480' title='bbox 534 3128 588 3169; x_wconf 73' lang='lat' dir='ltr'>‚Sc</span> <span class='ocrx_word' id='word_1_481' title='bbox 605 3141 644 3165; x_wconf 90' lang='lat' dir='ltr'>ut</span> <span class='ocrx_word' id='word_1_482' title='bbox 658 3130 693 3166; x_wconf 88' lang='lat' dir='ltr'>in</span> <span class='ocrx_word' id='word_1_483' title='bbox 708 3128 825 3164; x_wconf 89' lang='lat' dir='ltr'>radice</span> <span class='ocrx_word' id='word_1_484' title='bbox 844 3130 876 3165; x_wconf 85' lang='grc'>8(</span> <span class='ocrx_word' id='word_1_485' title='bbox 903 3129 1007 3164; x_wconf 81' lang='lat' dir='ltr'>causa</span> <span class='ocrx_word' id='word_1_486' title='bbox 1035 3130 1224 3165; x_wconf 81' lang='lat' dir='ltr'>continen-</span> 
     </span>
     <span class='ocr_line' id='line_1_71' title="bbox 277 3179 1223 3226; baseline 0.001 -12"><span class='ocrx_word' id='word_1_487' title='bbox 277 3187 339 3214; x_wconf 85' lang='lat' dir='ltr'>tur</span> <span class='ocrx_word' id='word_1_488' title='bbox 362 3179 482 3213; x_wconf 88' lang='lat' dir='ltr'>omnia</span> <span class='ocrx_word' id='word_1_489' title='bbox 511 3180 660 3214; x_wconf 91' lang='lat' dir='ltr'>omnino</span> <span class='ocrx_word' id='word_1_490' title='bbox 692 3189 839 3225; x_wconf 85' lang='lat' dir='ltr'>peccata</span> <span class='ocrx_word' id='word_1_491' title='bbox 871 3205 881 3220; x_wconf 94' lang='lat'>,</span> <span class='ocrx_word' id='word_1_492' title='bbox 907 3180 1043 3226; x_wconf 85' lang='lat' dir='ltr'>quibus</span> <span class='ocrx_word' id='word_1_493' title='bbox 1072 3181 1223 3215; x_wconf 86' lang='lat' dir='ltr'>obnoxii</span> 
     </span>
     <span class='ocr_line' id='line_1_72' title="bbox 279 3227 1225 3276; baseline -0.002 -13"><span class='ocrx_word' id='word_1_494' title='bbox 279 3227 374 3263; x_wconf 78' lang='lat' dir='ltr'>fiunt</span> <span class='ocrx_word' id='word_1_495' title='bbox 392 3228 583 3269; x_wconf 80' lang='lat' dir='ltr'>homines3</span> <span class='ocrx_word' id='word_1_496' title='bbox 613 3230 951 3276; x_wconf 67' lang='lat' dir='ltr'>quiaindeinitiuni</span> <span class='ocrx_word' id='word_1_497' title='bbox 979 3230 1104 3266; x_wconf 84' lang='lat' dir='ltr'>habuit</span> <span class='ocrx_word' id='word_1_498' title='bbox 1127 3231 1225 3265; x_wconf 84' lang='lat' dir='ltr'>inor.</span> 
     </span>
     <span class='ocr_line' id='line_1_73' title="bbox 278 3277 1199 3328; baseline 0.003 -15"><span class='ocrx_word' id='word_1_499' title='bbox 278 3277 417 3314; x_wconf 82' lang='lat' dir='ltr'>dinatio</span> <span class='ocrx_word' id='word_1_500' title='bbox 430 3280 548 3316; x_wconf 84' lang='lat' dir='ltr'>omnis</span> <span class='ocrx_word' id='word_1_501' title='bbox 575 3280 709 3315; x_wconf 83' lang='lat' dir='ltr'>virium</span> <span class='ocrx_word' id='word_1_502' title='bbox 737 3278 772 3314; x_wconf 69' lang='lat'>8&lt;</span> <span class='ocrx_word' id='word_1_503' title='bbox 787 3282 1028 3328; x_wconf 86' lang='lat' dir='ltr'>potentiarum</span> <span class='ocrx_word' id='word_1_504' title='bbox 1057 3281 1199 3316; x_wconf 80' lang='lat' dir='ltr'>animae.</span> 
     </span>
    </p>
   </div>
   <div class='ocr_carea' id='block_1_11' title="bbox 459 3354 1051 3396">
    <p class='ocr_par' dir='ltr' id='par_1_13' title="bbox 459 3354 1051 3396">
     <span class='ocr_line' id='line_1_74' title="bbox 459 3354 1051 3396; baseline 0.002 -6"><span class='ocrx_word' id='word_1_505' title='bbox 459 3354 913 3396; x_wconf 82' lang='lat' dir='ltr'>ATICULUS</span> <span class='ocrx_word' id='word_1_506' title='bbox 980 3356 1051 3392; x_wconf 84' lang='lat'>111.</span> 
     </span>
    </p>
   </div>
   <div class='ocr_carea' id='block_1_12' title="bbox 280 3451 1228 3631">
    <p class='ocr_par' dir='ltr' id='par_1_14' title="bbox 280 3451 1228 3631">
     <span class='ocr_line' id='line_1_75' title="bbox 280 3451 1228 3504; baseline 0.003 -14"><span class='ocrx_word' id='word_1_507' title='bbox 280 3451 419 3490; x_wconf 88' lang='lat' dir='ltr'>Utrum</span> <span class='ocrx_word' id='word_1_508' title='bbox 436 3453 608 3500; x_wconf 86' lang='lat' dir='ltr'>originale</span> <span class='ocrx_word' id='word_1_509' title='bbox 633 3467 818 3503; x_wconf 84' lang='lat' dir='ltr'>peccatum</span> <span class='ocrx_word' id='word_1_510' title='bbox 845 3456 884 3492; x_wconf 84' lang='lat' dir='ltr'>lit</span> <span class='ocrx_word' id='word_1_511' title='bbox 913 3455 1228 3504; x_wconf 80' lang='lat' dir='ltr'>concupiscentia.</span> 
     </span>
     <span class='ocr_line' id='line_1_76' title="bbox 334 3528 1174 3582; baseline 0.006 -19"><span class='ocrx_word' id='word_1_512' title='bbox 334 3528 466 3567; x_wconf 73' lang='lat' dir='ltr'>Doflor</span> <span class='ocrx_word' id='word_1_513' title='bbox 482 3539 520 3566; x_wconf 88' lang='lat' dir='ltr'>z.</span> <span class='ocrx_word' id='word_1_514' title='bbox 544 3528 625 3574; x_wconf 82' lang='lat' dir='ltr'>dist.</span> <span class='ocrx_word' id='word_1_515' title='bbox 644 3541 702 3576; x_wconf 89' lang='lat'>30.</span> <span class='ocrx_word' id='word_1_516' title='bbox 718 3545 752 3579; x_wconf 85' lang='lat' dir='ltr'>q.</span> <span class='ocrx_word' id='word_1_517' title='bbox 766 3544 802 3568; x_wconf 87' lang='lat'>2.</span> <span class='ocrx_word' id='word_1_518' title='bbox 817 3532 1150 3582; x_wconf 72' lang='lat' dir='ltr'>utriusquefiripti</span> <span class='ocrx_word' id='word_1_519' title='bbox 1167 3559 1174 3568; x_wconf 96' lang='lat'>.</span> 
     </span>
     <span class='ocr_line' id='line_1_77' title="bbox 483 3578 1029 3631; baseline 0.005 -14"><span class='ocrx_word' id='word_1_520' title='bbox 483 3581 528 3617; x_wconf 82' lang='lat' dir='ltr'>S.</span> <span class='ocrx_word' id='word_1_521' title='bbox 549 3578 670 3615; x_wconf 86' lang='lat' dir='ltr'>Thom.</span> <span class='ocrx_word' id='word_1_522' title='bbox 693 3593 721 3616; x_wconf 84' lang='lat' dir='ltr'>t.</span> <span class='ocrx_word' id='word_1_523' title='bbox 740 3593 773 3618; x_wconf 73' lang='lat'>2.</span> <span class='ocrx_word' id='word_1_524' title='bbox 789 3593 823 3629; x_wconf 85' lang='lat' dir='ltr'>q.</span> <span class='ocrx_word' id='word_1_525' title='bbox 839 3583 898 3618; x_wconf 85' lang='lat'>82.</span> <span class='ocrx_word' id='word_1_526' title='bbox 916 3592 1029 3631; x_wconf 82' lang='lat' dir='ltr'>art.3.</span> 
     </span>
    </p>
   </div>
   <div class='ocr_carea' id='block_1_13' title="bbox 284 3678 1231 3828">
    <p class='ocr_par' dir='ltr' id='par_1_15' title="bbox 284 3678 1231 3828">
     <span class='ocr_line' id='line_1_78' title="bbox 403 3678 1231 3729; baseline 0.007 -16"><span class='ocrx_word' id='word_1_527' title='bbox 403 3678 526 3716; x_wconf 88' lang='lat' dir='ltr'>ldetur</span> <span class='ocrx_word' id='word_1_528' title='bbox 540 3681 713 3725; x_wconf 86' lang='lat' dir='ltr'>originale</span> <span class='ocrx_word' id='word_1_529' title='bbox 726 3693 914 3729; x_wconf 83' lang='lat' dir='ltr'>peccatum</span> <span class='ocrx_word' id='word_1_530' title='bbox 932 3683 1030 3718; x_wconf 88' lang='lat' dir='ltr'>aliud</span> <span class='ocrx_word' id='word_1_531' title='bbox 1060 3694 1133 3718; x_wconf 87' lang='lat' dir='ltr'>non</span> <span class='ocrx_word' id='word_1_532' title='bbox 1163 3682 1231 3719; x_wconf 78' lang='lat' dir='ltr'>esse</span> 
     </span>
     <span class='ocr_line' id='line_1_79' title="bbox 412 3730 1230 3778; baseline 0.005 -14"><span class='ocrx_word' id='word_1_533' title='bbox 412 3741 519 3776; x_wconf 86' lang='lat' dir='ltr'>quam</span> <span class='ocrx_word' id='word_1_534' title='bbox 535 3730 824 3778; x_wconf 87' lang='lat' dir='ltr'>concupiscentia</span> <span class='ocrx_word' id='word_1_535' title='bbox 837 3758 846 3767; x_wconf 89' lang='lat'><strong><em>.</em></strong></span> <span class='ocrx_word' id='word_1_536' title='bbox 862 3736 955 3770; x_wconf 87' lang='lat' dir='ltr'>Nam</span> <span class='ocrx_word' id='word_1_537' title='bbox 970 3733 1045 3767; x_wconf 82' lang='lat' dir='ltr'>baec</span> <span class='ocrx_word' id='word_1_538' title='bbox 1071 3733 1230 3778; x_wconf 72' lang='lat' dir='ltr'>expressa</span> 
     </span>
     <span class='ocr_line' id='line_1_80' title="bbox 284 3779 1230 3828; baseline 0 -10"><span class='ocrx_word' id='word_1_539' title='bbox 284 3782 332 3818; x_wconf 88' lang='lat' dir='ltr'>cst</span> <span class='ocrx_word' id='word_1_540' title='bbox 349 3780 510 3826; x_wconf 78' lang='lat' dir='ltr'>Magistri</span> <span class='ocrx_word' id='word_1_541' title='bbox 538 3779 713 3816; x_wconf 79' lang='lat' dir='ltr'>sententia</span> <span class='ocrx_word' id='word_1_542' title='bbox 741 3793 772 3816; x_wconf 92' lang='lat'>2.</span> <span class='ocrx_word' id='word_1_543' title='bbox 791 3781 871 3827; x_wconf 59' lang='lat' dir='ltr'>dzst.</span> <span class='ocrx_word' id='word_1_544' title='bbox 893 3795 950 3828; x_wconf 82' lang='lat'>30.</span> <span class='ocrx_word' id='word_1_545' title='bbox 974 3782 1162 3828; x_wconf 65' lang='lat' dir='ltr'>produc‘lis</span> <span class='ocrx_word' id='word_1_546' title='bbox 1196 3785 1230 3818; x_wconf 85' lang='lat' dir='ltr'>in</span> 
     </span>
    </p>
   </div>
   <div class='ocr_carea' id='block_1_14' title="bbox 401 3880 578 3916">
    <p class='ocr_par' dir='ltr' id='par_1_16' title="bbox 401 3880 578 3916">
     <span class='ocr_line' id='line_1_81' title="bbox 401 3880 578 3916; baseline -0.017 0"><span class='ocrx_word' id='word_1_547' title='bbox 401 3880 494 3916; x_wconf 42' lang='lat' dir='ltr'>Ten.</span> <span class='ocrx_word' id='word_1_548' title='bbox 510 3880 578 3916; x_wconf 83' lang='lat' dir='ltr'><em>III.</em></span> 
     </span>
    </p>
   </div>
   <div class='ocr_carea' id='block_1_15' title="bbox 1291 346 2250 3918">
    <p class='ocr_par' dir='ltr' id='par_1_17' title="bbox 1293 346 2250 647">
     <span class='ocr_line' id='line_1_82' title="bbox 1305 346 2250 400; baseline 0.006 -19"><span class='ocrx_word' id='word_1_549' title='bbox 1305 354 1382 381; x_wconf 70' lang='lat' dir='ltr'>bum</span> <span class='ocrx_word' id='word_1_550' title='bbox 1402 347 1542 382; x_wconf 80' lang='lat' dir='ltr'>dicitur</span> <span class='ocrx_word' id='word_1_551' title='bbox 1570 346 1583 381; x_wconf 74' lang='grc' dir='ltr'><strong><em>ἓ</em></strong></span> <span class='ocrx_word' id='word_1_552' title='bbox 1608 346 1724 383; x_wconf 83' lang='lat' dir='ltr'>Fomes</span> <span class='ocrx_word' id='word_1_553' title='bbox 1745 353 1900 393; x_wconf 74' lang='lat' dir='ltr'>peccati,</span> <span class='ocrx_word' id='word_1_554' title='bbox 1917 349 2062 394; x_wconf 58' lang='lat' dir='ltr'>seilicet</span> <span class='ocrx_word' id='word_1_555' title='bbox 2088 355 2250 400; x_wconf 78' lang='lat' dir='ltr'>concupi-</span> 
     </span>
     <span class='ocr_line' id='line_1_83' title="bbox 1293 395 2249 448; baseline 0.009 -17"><span class='ocrx_word' id='word_1_556' title='bbox 1293 395 1437 443; x_wconf 58' lang='lat' dir='ltr'>scentia</span> <span class='ocrx_word' id='word_1_557' title='bbox 1452 423 1462 438; x_wconf 86' lang='lat'>‚</span> <span class='ocrx_word' id='word_1_558' title='bbox 1483 397 1541 434; x_wconf 79' lang='lat' dir='ltr'>vel</span> <span class='ocrx_word' id='word_1_559' title='bbox 1566 397 1885 448; x_wconf 73' lang='lat' dir='ltr'>concupifi·ibilitar</span> <span class='ocrx_word' id='word_1_560' title='bbox 1900 426 1910 440; x_wconf 94' lang='lat'>,</span> <span class='ocrx_word' id='word_1_561' title='bbox 1937 413 2014 448; x_wconf 81' lang='lat' dir='ltr'>quae</span> <span class='ocrx_word' id='word_1_562' title='bbox 2034 401 2167 438; x_wconf 78' lang='lat' dir='ltr'>dicitur</span> <span class='ocrx_word' id='word_1_563' title='bbox 2192 404 2249 441; x_wconf 78' lang='lat' dir='ltr'>lex</span> 
     </span>
     <span class='ocr_line' id='line_1_84' title="bbox 1301 448 2250 502; baseline 0.006 -20"><span class='ocrx_word' id='word_1_564' title='bbox 1301 449 1558 490; x_wconf 76' lang='lat' dir='ltr'>membrorum,</span> <span class='ocrx_word' id='word_1_565' title='bbox 1588 448 1666 494; x_wconf 85' lang='lat' dir='ltr'>five</span> <span class='ocrx_word' id='word_1_566' title='bbox 1691 449 1836 495; x_wconf 80' lang='lat' dir='ltr'>languor</span> <span class='ocrx_word' id='word_1_567' title='bbox 1865 459 2003 486; x_wconf 78' lang='lat' dir='ltr'>naturae</span> <span class='ocrx_word' id='word_1_568' title='bbox 2017 451 2093 498; x_wconf 71' lang='lat' dir='ltr'>five</span> <span class='ocrx_word' id='word_1_569' title='bbox 2126 463 2250 502; x_wconf 75' lang='lat' dir='ltr'>tyran-</span> 
     </span>
     <span class='ocr_line' id='line_1_85' title="bbox 1299 499 2249 549; baseline 0.006 -16"><span class='ocrx_word' id='word_1_570' title='bbox 1299 508 1366 533; x_wconf 74' lang='lat' dir='ltr'>nus</span> <span class='ocrx_word' id='word_1_571' title='bbox 1382 526 1390 539; x_wconf 93' lang='lat'><strong>,</strong></span> <span class='ocrx_word' id='word_1_572' title='bbox 1413 500 1474 544; x_wconf 79' lang='lat' dir='ltr'>qui</span> <span class='ocrx_word' id='word_1_573' title='bbox 1489 499 1538 545; x_wconf 80' lang='lat' dir='ltr'>est</span> <span class='ocrx_word' id='word_1_574' title='bbox 1549 503 1589 541; x_wconf 67' lang='lat' dir='ltr'>iu</span> <span class='ocrx_word' id='word_1_575' title='bbox 1616 500 1778 535; x_wconf 76' lang='lat' dir='ltr'>membris</span> <span class='ocrx_word' id='word_1_576' title='bbox 1801 500 1924 549; x_wconf 60' lang='lat' dir='ltr'>nossrir</span> <span class='ocrx_word' id='word_1_577' title='bbox 1942 527 1953 542; x_wconf 90' lang='lat'>‚</span> <span class='ocrx_word' id='word_1_578' title='bbox 1969 500 2058 546; x_wconf 75' lang='lat' dir='ltr'>sicut</span> <span class='ocrx_word' id='word_1_579' title='bbox 2089 503 2147 540; x_wconf 81' lang='lat' dir='ltr'>lex</span> <span class='ocrx_word' id='word_1_580' title='bbox 2169 516 2249 539; x_wconf 76' lang='lat' dir='ltr'>car-</span> 
     </span>
     <span class='ocr_line' id='line_1_86' title="bbox 1300 547 2248 600; baseline 0.006 -16"><span class='ocrx_word' id='word_1_581' title='bbox 1300 550 1356 584; x_wconf 81' lang='lat' dir='ltr'>nis</span> <span class='ocrx_word' id='word_1_582' title='bbox 1368 547 1441 588; x_wconf 58' lang='lat' dir='ltr'>&amp;a</span> <span class='ocrx_word' id='word_1_583' title='bbox 1458 561 1546 598; x_wconf 87' lang='lat' dir='ltr'>ergo</span> <span class='ocrx_word' id='word_1_584' title='bbox 1560 548 1847 595; x_wconf 84' lang='lat' dir='ltr'>concupiscentia</span> <span class='ocrx_word' id='word_1_585' title='bbox 1864 551 1937 600; x_wconf 83' lang='lat' dir='ltr'>ipsa</span> <span class='ocrx_word' id='word_1_586' title='bbox 1963 551 2013 587; x_wconf 86' lang='lat' dir='ltr'>est</span> <span class='ocrx_word' id='word_1_587' title='bbox 2035 553 2248 598; x_wconf 59' lang='lat' dir='ltr'>originale,</span> 
     </span>
     <span class='ocr_line' id='line_1_87' title="bbox 1303 609 1520 647; baseline 0.014 -13"><span class='ocrx_word' id='word_1_588' title='bbox 1303 609 1493 647; x_wconf 84' lang='lat' dir='ltr'>peccatum</span> <span class='ocrx_word' id='word_1_589' title='bbox 1512 628 1520 637; x_wconf 89' lang='lat'>.</span> 
     </span>
    </p>

    <p class='ocr_par' dir='ltr' id='par_1_18' title="bbox 1295 649 2249 1154">
     <span class='ocr_line' id='line_1_88' title="bbox 1407 649 2249 697; baseline 0.007 -12"><span class='ocrx_word' id='word_1_590' title='bbox 1407 651 1581 687; x_wconf 68' lang='lat' dir='ltr'>Praeterea</span> <span class='ocrx_word' id='word_1_591' title='bbox 1599 679 1609 693; x_wconf 96' lang='lat'>,</span> <span class='ocrx_word' id='word_1_592' title='bbox 1634 649 1669 685; x_wconf 92' lang='lat' dir='ltr'>Si</span> <span class='ocrx_word' id='word_1_593' title='bbox 1681 650 1752 686; x_wconf 86' lang='lat' dir='ltr'>tale</span> <span class='ocrx_word' id='word_1_594' title='bbox 1767 661 1953 697; x_wconf 83' lang='lat' dir='ltr'>peccatum</span> <span class='ocrx_word' id='word_1_595' title='bbox 1972 666 2041 688; x_wconf 90' lang='lat' dir='ltr'>non</span> <span class='ocrx_word' id='word_1_596' title='bbox 2058 653 2147 689; x_wconf 82' lang='lat' dir='ltr'>foret</span> <span class='ocrx_word' id='word_1_597' title='bbox 2162 666 2249 691; x_wconf 83' lang='lat' dir='ltr'>con.</span> 
     </span>
     <span class='ocr_line' id='line_1_89' title="bbox 1301 700 2246 752; baseline 0.005 -16"><span class='ocrx_word' id='word_1_598' title='bbox 1301 701 1546 750; x_wconf 86' lang='lat' dir='ltr'>cupiscentia,</span> <span class='ocrx_word' id='word_1_599' title='bbox 1572 702 1724 737; x_wconf 74' lang='lat' dir='ltr'>maxime</span> <span class='ocrx_word' id='word_1_600' title='bbox 1739 700 1848 743; x_wconf 79' lang='lat' dir='ltr'>esset,</span> <span class='ocrx_word' id='word_1_601' title='bbox 1876 703 1908 738; x_wconf 83' lang='grc'>8(</span> <span class='ocrx_word' id='word_1_602' title='bbox 1940 703 2140 739; x_wconf 82' lang='lat' dir='ltr'>conlisteret</span> <span class='ocrx_word' id='word_1_603' title='bbox 2169 705 2246 752; x_wconf 82' lang='lat' dir='ltr'>ipsa</span> 
     </span>
     <span class='ocr_line' id='line_1_90' title="bbox 1300 750 2241 802; baseline 0.005 -16"><span class='ocrx_word' id='word_1_604' title='bbox 1300 752 1336 788; x_wconf 85' lang='lat' dir='ltr'>in</span> <span class='ocrx_word' id='word_1_605' title='bbox 1353 756 1507 789; x_wconf 85' lang='lat' dir='ltr'>carentia</span> <span class='ocrx_word' id='word_1_606' title='bbox 1519 750 1635 798; x_wconf 87' lang='lat' dir='ltr'>justiti</span> <span class='ocrx_word' id='word_1_607' title='bbox 1650 765 1666 785; x_wconf 82' lang='lat' dir='ltr'>e</span> <span class='ocrx_word' id='word_1_608' title='bbox 1677 751 1862 798; x_wconf 84' lang='lat' dir='ltr'>originalis</span> <span class='ocrx_word' id='word_1_609' title='bbox 1875 778 1886 793; x_wconf 89' lang='lat'>,</span> <span class='ocrx_word' id='word_1_610' title='bbox 1898 751 2004 798; x_wconf 84' lang='lat' dir='ltr'>juxta</span> <span class='ocrx_word' id='word_1_611' title='bbox 2019 754 2110 789; x_wconf 64' lang='lat' dir='ltr'>dista</span> <span class='ocrx_word' id='word_1_612' title='bbox 2124 757 2241 802; x_wconf 69' lang='lat' dir='ltr'><em>quxsl.</em></span> 
     </span>
     <span class='ocr_line' id='line_1_91' title="bbox 1295 803 2241 850; baseline 0.004 -11"><span class='ocrx_word' id='word_1_613' title='bbox 1295 803 1509 850; x_wconf 63' lang='lat' dir='ltr'>praecedenti</span> <span class='ocrx_word' id='word_1_614' title='bbox 1527 830 1536 838; x_wconf 91' lang='lat'>.</span> <span class='ocrx_word' id='word_1_615' title='bbox 1552 804 1634 838; x_wconf 87' lang='lat' dir='ltr'>Hoc</span> <span class='ocrx_word' id='word_1_616' title='bbox 1664 813 1782 836; x_wconf 89' lang='lat' dir='ltr'>autem</span> <span class='ocrx_word' id='word_1_617' title='bbox 1806 803 1909 849; x_wconf 89' lang='lat' dir='ltr'>plane</span> <span class='ocrx_word' id='word_1_618' title='bbox 1939 804 2061 840; x_wconf 78' lang='lat' dir='ltr'>falsum</span> <span class='ocrx_word' id='word_1_619' title='bbox 2085 805 2241 849; x_wconf 89' lang='lat' dir='ltr'>videtur,</span> 
     </span>
     <span class='ocr_line' id='line_1_92' title="bbox 1298 850 2244 904; baseline 0.002 -13"><span class='ocrx_word' id='word_1_620' title='bbox 1298 856 1394 891; x_wconf 90' lang='lat' dir='ltr'>Tum</span> <span class='ocrx_word' id='word_1_621' title='bbox 1409 855 1493 901; x_wconf 86' lang='lat' dir='ltr'>quia</span> <span class='ocrx_word' id='word_1_622' title='bbox 1512 853 1548 888; x_wconf 91' lang='lat' dir='ltr'>in</span> <span class='ocrx_word' id='word_1_623' title='bbox 1563 853 1713 899; x_wconf 81' lang='lat' dir='ltr'>Angelis</span> <span class='ocrx_word' id='word_1_624' title='bbox 1729 850 1778 886; x_wconf 85' lang='lat' dir='ltr'>est</span> <span class='ocrx_word' id='word_1_625' title='bbox 1794 855 1952 889; x_wconf 81' lang='lat' dir='ltr'>carentia</span> <span class='ocrx_word' id='word_1_626' title='bbox 1967 853 2114 900; x_wconf 64' lang='lat' dir='ltr'>justitiae</span> <span class='ocrx_word' id='word_1_627' title='bbox 2128 858 2244 904; x_wconf 83' lang='lat' dir='ltr'>origi-</span> 
     </span>
     <span class='ocr_line' id='line_1_93' title="bbox 1298 904 2241 953; baseline 0.002 -14"><span class='ocrx_word' id='word_1_628' title='bbox 1298 905 1411 948; x_wconf 88' lang='lat' dir='ltr'>nalis,</span> <span class='ocrx_word' id='word_1_629' title='bbox 1439 916 1502 940; x_wconf 90' lang='lat' dir='ltr'>nec</span> <span class='ocrx_word' id='word_1_630' title='bbox 1529 915 1648 940; x_wconf 89' lang='lat' dir='ltr'>tamen</span> <span class='ocrx_word' id='word_1_631' title='bbox 1674 904 1825 937; x_wconf 54' lang='lat' dir='ltr'>obnozii</span> <span class='ocrx_word' id='word_1_632' title='bbox 1870 915 2084 951; x_wconf 84' lang='lat' dir='ltr'>reputantur</span> <span class='ocrx_word' id='word_1_633' title='bbox 2123 908 2241 953; x_wconf 76' lang='lat' dir='ltr'>culpae</span> 
     </span>
     <span class='ocr_line' id='line_1_94' title="bbox 1295 950 2244 1001; baseline -0.001 -12"><span class='ocrx_word' id='word_1_634' title='bbox 1295 955 1490 999; x_wconf 83' lang='lat' dir='ltr'>originali.</span> <span class='ocrx_word' id='word_1_635' title='bbox 1501 954 1597 989; x_wconf 85' lang='lat' dir='ltr'>Tum</span> <span class='ocrx_word' id='word_1_636' title='bbox 1612 954 1697 1000; x_wconf 85' lang='lat' dir='ltr'>quia</span> <span class='ocrx_word' id='word_1_637' title='bbox 1711 950 1781 997; x_wconf 81' lang='lat' dir='ltr'>ipse</span> <span class='ocrx_word' id='word_1_638' title='bbox 1794 953 1910 989; x_wconf 79' lang='lat' dir='ltr'>Adam</span> <span class='ocrx_word' id='word_1_639' title='bbox 1935 956 2119 1001; x_wconf 83' lang='lat' dir='ltr'>peccando</span> <span class='ocrx_word' id='word_1_640' title='bbox 2133 982 2144 997; x_wconf 93' lang='lat'>‚</span> <span class='ocrx_word' id='word_1_641' title='bbox 2165 958 2244 994; x_wconf 81' lang='lat' dir='ltr'>ori-</span> 
     </span>
     <span class='ocr_line' id='line_1_95' title="bbox 1297 1001 2244 1054; baseline 0 -17"><span class='ocrx_word' id='word_1_642' title='bbox 1297 1005 1449 1051; x_wconf 83' lang='lat' dir='ltr'>ginalem</span> <span class='ocrx_word' id='word_1_643' title='bbox 1461 1002 1633 1050; x_wconf 83' lang='lat' dir='ltr'>justitiam</span> <span class='ocrx_word' id='word_1_644' title='bbox 1651 1001 1764 1038; x_wconf 77' lang='lat' dir='ltr'>amifit</span> <span class='ocrx_word' id='word_1_645' title='bbox 1777 1028 1789 1043; x_wconf 93' lang='lat'>‚</span> <span class='ocrx_word' id='word_1_646' title='bbox 1814 1003 1845 1039; x_wconf 77' lang='lat'>8&lt;</span> <span class='ocrx_word' id='word_1_647' title='bbox 1866 1003 2012 1042; x_wconf 86' lang='lat' dir='ltr'>subinde</span> <span class='ocrx_word' id='word_1_648' title='bbox 2029 1007 2156 1043; x_wconf 84' lang='lat' dir='ltr'>babuit</span> <span class='ocrx_word' id='word_1_649' title='bbox 2171 1009 2244 1054; x_wconf 82' lang='lat' dir='ltr'>pri.</span> 
     </span>
     <span class='ocr_line' id='line_1_96' title="bbox 1296 1052 2242 1100; baseline 0.004 -10"><span class='ocrx_word' id='word_1_650' title='bbox 1296 1056 1478 1091; x_wconf 88' lang='lat' dir='ltr'>vationem</span> <span class='ocrx_word' id='word_1_651' title='bbox 1491 1052 1648 1100; x_wconf 83' lang='lat' dir='ltr'>ejusdem</span> <span class='ocrx_word' id='word_1_652' title='bbox 1667 1067 1679 1094; x_wconf 83' lang='lat'>3</span> <span class='ocrx_word' id='word_1_653' title='bbox 1708 1052 1741 1087; x_wconf 81' lang='grc'>3(</span> <span class='ocrx_word' id='word_1_654' title='bbox 1758 1063 1876 1088; x_wconf 87' lang='lat' dir='ltr'>tamen</span> <span class='ocrx_word' id='word_1_655' title='bbox 1891 1066 1960 1092; x_wconf 89' lang='lat' dir='ltr'>non</span> <span class='ocrx_word' id='word_1_656' title='bbox 1977 1058 2098 1093; x_wconf 75' lang='lat' dir='ltr'>extitit</span> <span class='ocrx_word' id='word_1_657' title='bbox 2113 1059 2149 1093; x_wconf 88' lang='lat' dir='ltr'>in</span> <span class='ocrx_word' id='word_1_658' title='bbox 2178 1059 2242 1096; x_wconf 87' lang='lat' dir='ltr'>illo</span> 
     </span>
     <span class='ocr_line' id='line_1_97' title="bbox 1296 1102 1908 1154; baseline -0.002 -14"><span class='ocrx_word' id='word_1_659' title='bbox 1296 1105 1404 1154; x_wconf 85' lang='lat' dir='ltr'>culpa</span> <span class='ocrx_word' id='word_1_660' title='bbox 1421 1106 1604 1149; x_wconf 81' lang='lat' dir='ltr'>originalis</span> <span class='ocrx_word' id='word_1_661' title='bbox 1619 1131 1630 1146; x_wconf 93' lang='lat'>‚</span> <span class='ocrx_word' id='word_1_662' title='bbox 1659 1103 1716 1139; x_wconf 88' lang='lat' dir='ltr'>sed</span> <span class='ocrx_word' id='word_1_663' title='bbox 1734 1102 1882 1139; x_wconf 63' lang='lat' dir='ltr'>actualis</span> <span class='ocrx_word' id='word_1_664' title='bbox 1899 1129 1908 1139; x_wconf 91' lang='lat'>.</span> 
     </span>
    </p>

    <p class='ocr_par' dir='ltr' id='par_1_19' title="bbox 1294 1154 2241 1454">
     <span class='ocr_line' id='line_1_98' title="bbox 1397 1154 2241 1203; baseline -0.004 -11"><span class='ocrx_word' id='word_1_665' title='bbox 1397 1158 1572 1192; x_wconf 81' lang='lat' dir='ltr'>Praererea</span> <span class='ocrx_word' id='word_1_666' title='bbox 1584 1183 1594 1198; x_wconf 90' lang='lat'><em>‚</em></span> <span class='ocrx_word' id='word_1_667' title='bbox 1623 1154 1787 1191; x_wconf 76' lang='lat' dir='ltr'>parvulis</span> <span class='ocrx_word' id='word_1_668' title='bbox 1801 1181 1810 1195; x_wconf 92' lang='lat'>‚</span> <span class='ocrx_word' id='word_1_669' title='bbox 1823 1156 1886 1201; x_wconf 87' lang='lat' dir='ltr'>qui</span> <span class='ocrx_word' id='word_1_670' title='bbox 1901 1156 2078 1203; x_wconf 87' lang='lat' dir='ltr'>baptismo</span> <span class='ocrx_word' id='word_1_671' title='bbox 2090 1158 2241 1193; x_wconf 86' lang='lat' dir='ltr'>initian.</span> 
     </span>
     <span class='ocr_line' id='line_1_99' title="bbox 1295 1206 2240 1252; baseline 0.004 -12"><span class='ocrx_word' id='word_1_672' title='bbox 1295 1215 1354 1241; x_wconf 83' lang='lat' dir='ltr'>tut</span> <span class='ocrx_word' id='word_1_673' title='bbox 1371 1234 1380 1248; x_wconf 93' lang='lat'>,</span> <span class='ocrx_word' id='word_1_674' title='bbox 1402 1207 1601 1243; x_wconf 88' lang='lat' dir='ltr'>dimittitur</span> <span class='ocrx_word' id='word_1_675' title='bbox 1619 1215 1805 1252; x_wconf 89' lang='lat' dir='ltr'>peccatum</span> <span class='ocrx_word' id='word_1_676' title='bbox 1823 1206 1996 1250; x_wconf 74' lang='lat' dir='ltr'>originale</span> <span class='ocrx_word' id='word_1_677' title='bbox 2013 1221 2023 1248; x_wconf 94' lang='lat'>;</span> <span class='ocrx_word' id='word_1_678' title='bbox 2054 1207 2089 1243; x_wconf 82' lang='lat'>&amp;</span> <span class='ocrx_word' id='word_1_679' title='bbox 2121 1207 2240 1244; x_wconf 80' lang='lat' dir='ltr'>adhuc</span> 
     </span>
     <span class='ocr_line' id='line_1_100' title="bbox 1297 1254 2237 1306; baseline 0.004 -16"><span class='ocrx_word' id='word_1_680' title='bbox 1297 1254 1543 1293; x_wconf 87' lang='lat' dir='ltr'>subiiciuntur</span> <span class='ocrx_word' id='word_1_681' title='bbox 1555 1257 1747 1306; x_wconf 86' lang='lat' dir='ltr'>privationi</span> <span class='ocrx_word' id='word_1_682' title='bbox 1764 1254 1910 1301; x_wconf 79' lang='lat' dir='ltr'>justitiae</span> <span class='ocrx_word' id='word_1_683' title='bbox 1924 1257 2108 1305; x_wconf 85' lang='lat' dir='ltr'>originalis</span> <span class='ocrx_word' id='word_1_684' title='bbox 2119 1281 2132 1299; x_wconf 82' lang='lat'>‚</span> <span class='ocrx_word' id='word_1_685' title='bbox 2155 1269 2237 1294; x_wconf 88' lang='lat' dir='ltr'>cum</span> 
     </span>
     <span class='ocr_line' id='line_1_101' title="bbox 1295 1306 2238 1354; baseline 0.001 -12"><span class='ocrx_word' id='word_1_686' title='bbox 1295 1308 1345 1343; x_wconf 85' lang='lat' dir='ltr'>eis</span> <span class='ocrx_word' id='word_1_687' title='bbox 1359 1307 1494 1354; x_wconf 85' lang='lat' dir='ltr'>justitia</span> <span class='ocrx_word' id='word_1_688' title='bbox 1507 1308 1580 1344; x_wconf 78' lang='lat' dir='ltr'>haec</span> <span class='ocrx_word' id='word_1_689' title='bbox 1594 1319 1666 1343; x_wconf 89' lang='lat' dir='ltr'>non</span> <span class='ocrx_word' id='word_1_690' title='bbox 1694 1306 1901 1343; x_wconf 84' lang='lat' dir='ltr'>restituatur</span> <span class='ocrx_word' id='word_1_691' title='bbox 1917 1319 1929 1348; x_wconf 80' lang='lat'>3</span> <span class='ocrx_word' id='word_1_692' title='bbox 1961 1320 2048 1352; x_wconf 82' lang='lat' dir='ltr'>ergo</span> <span class='ocrx_word' id='word_1_693' title='bbox 2078 1309 2238 1354; x_wconf 85' lang='lat' dir='ltr'>origina-</span> 
     </span>
     <span class='ocr_line' id='line_1_102' title="bbox 1294 1357 2237 1407; baseline 0.001 -14"><span class='ocrx_word' id='word_1_694' title='bbox 1294 1358 1338 1394; x_wconf 85' lang='lat' dir='ltr'>lis</span> <span class='ocrx_word' id='word_1_695' title='bbox 1353 1361 1460 1407; x_wconf 90' lang='lat' dir='ltr'>culpa</span> <span class='ocrx_word' id='word_1_696' title='bbox 1478 1359 1673 1394; x_wconf 86' lang='lat' dir='ltr'>formaliter</span> <span class='ocrx_word' id='word_1_697' title='bbox 1686 1357 1752 1394; x_wconf 82' lang='lat' dir='ltr'>effe</span> <span class='ocrx_word' id='word_1_698' title='bbox 1765 1368 1838 1392; x_wconf 86' lang='lat' dir='ltr'>non</span> <span class='ocrx_word' id='word_1_699' title='bbox 1854 1357 1968 1406; x_wconf 87' lang='lat' dir='ltr'>potest</span> <span class='ocrx_word' id='word_1_700' title='bbox 1984 1357 2132 1405; x_wconf 75' lang='lat' dir='ltr'>justitiae</span> <span class='ocrx_word' id='word_1_701' title='bbox 2161 1360 2237 1394; x_wconf 88' lang='lat' dir='ltr'>ori-</span> 
     </span>
     <span class='ocr_line' id='line_1_103' title="bbox 1296 1410 1628 1454; baseline 0.003 -10"><span class='ocrx_word' id='word_1_702' title='bbox 1296 1410 1425 1454; x_wconf 82' lang='lat' dir='ltr'>ginalis</span> <span class='ocrx_word' id='word_1_703' title='bbox 1443 1412 1600 1445; x_wconf 84' lang='lat' dir='ltr'>carentia</span> <span class='ocrx_word' id='word_1_704' title='bbox 1618 1434 1628 1445; x_wconf 89' lang='grc'><strong>.</strong></span> 
     </span>
    </p>

    <p class='ocr_par' dir='ltr' id='par_1_20' title="bbox 1296 1456 2243 1808">
     <span class='ocr_line' id='line_1_104' title="bbox 1395 1456 2240 1506; baseline 0.002 -12"><span class='ocrx_word' id='word_1_705' title='bbox 1395 1459 1590 1505; x_wconf 73' lang='lat' dir='ltr'>Responsio</span> <span class='ocrx_word' id='word_1_706' title='bbox 1605 1487 1614 1497; x_wconf 93' lang='lat'><strong>.</strong></span> <span class='ocrx_word' id='word_1_707' title='bbox 1631 1459 1787 1496; x_wconf 67' lang='lat' dir='ltr'>parvulo</span> <span class='ocrx_word' id='word_1_708' title='bbox 1815 1459 1998 1506; x_wconf 85' lang='lat' dir='ltr'>recipienti</span> <span class='ocrx_word' id='word_1_709' title='bbox 2016 1456 2240 1506; x_wconf 83' lang='lat' dir='ltr'>Baptismum</span> 
     </span>
     <span class='ocr_line' id='line_1_105' title="bbox 1297 1510 2240 1558; baseline 0.001 -14"><span class='ocrx_word' id='word_1_710' title='bbox 1297 1511 1421 1558; x_wconf 85' lang='lat' dir='ltr'>aliquo</span> <span class='ocrx_word' id='word_1_711' title='bbox 1438 1511 1545 1546; x_wconf 76' lang='lat' dir='ltr'>modo</span> <span class='ocrx_word' id='word_1_712' title='bbox 1559 1511 1745 1556; x_wconf 82' lang='lat' dir='ltr'>originalis</span> <span class='ocrx_word' id='word_1_713' title='bbox 1759 1511 1863 1557; x_wconf 85' lang='lat' dir='ltr'>culpa</span> <span class='ocrx_word' id='word_1_714' title='bbox 1877 1522 1938 1550; x_wconf 73' lang='lat' dir='ltr'>per</span> <span class='ocrx_word' id='word_1_715' title='bbox 1955 1511 2104 1554; x_wconf 85' lang='lat' dir='ltr'>gratiam</span> <span class='ocrx_word' id='word_1_716' title='bbox 2118 1510 2240 1546; x_wconf 70' lang='lat' dir='ltr'>dimit-</span> 
     </span>
     <span class='ocr_line' id='line_1_106' title="bbox 1296 1560 2239 1609; baseline 0.003 -15"><span class='ocrx_word' id='word_1_717' title='bbox 1296 1561 1417 1602; x_wconf 68' lang='lat' dir='ltr'>titur;</span> <span class='ocrx_word' id='word_1_718' title='bbox 1445 1562 1527 1596; x_wconf 87' lang='lat' dir='ltr'>ideo</span> <span class='ocrx_word' id='word_1_719' title='bbox 1542 1563 1665 1609; x_wconf 86' lang='lat' dir='ltr'>aliquo</span> <span class='ocrx_word' id='word_1_720' title='bbox 1682 1560 1791 1595; x_wconf 89' lang='lat' dir='ltr'>modo</span> <span class='ocrx_word' id='word_1_721' title='bbox 1806 1573 1875 1595; x_wconf 90' lang='lat' dir='ltr'>non</span> <span class='ocrx_word' id='word_1_722' title='bbox 1888 1560 1996 1595; x_wconf 79' lang='lat' dir='ltr'>habet</span> <span class='ocrx_word' id='word_1_723' title='bbox 2011 1561 2099 1596; x_wconf 86' lang='lat' dir='ltr'>illud</span> <span class='ocrx_word' id='word_1_724' title='bbox 2117 1561 2239 1597; x_wconf 86' lang='lat' dir='ltr'>.Con.</span> 
     </span>
     <span class='ocr_line' id='line_1_107' title="bbox 1296 1610 2242 1659; baseline 0.003 -15"><span class='ocrx_word' id='word_1_725' title='bbox 1296 1621 1349 1646; x_wconf 80' lang='lat' dir='ltr'>tra</span> <span class='ocrx_word' id='word_1_726' title='bbox 1369 1626 1379 1652; x_wconf 90' lang='lat'>;</span> <span class='ocrx_word' id='word_1_727' title='bbox 1410 1613 1623 1659; x_wconf 82' lang='lat' dir='ltr'>Baptizatus</span> <span class='ocrx_word' id='word_1_728' title='bbox 1636 1610 1793 1657; x_wconf 83' lang='lat' dir='ltr'>relapsus</span> <span class='ocrx_word' id='word_1_729' title='bbox 1808 1621 1904 1645; x_wconf 86' lang='lat' dir='ltr'>caret</span> <span class='ocrx_word' id='word_1_730' title='bbox 1918 1613 2028 1657; x_wconf 87' lang='lat' dir='ltr'>gratia</span> <span class='ocrx_word' id='word_1_731' title='bbox 2047 1623 2156 1657; x_wconf 86' lang='lat' dir='ltr'>;ergo</span> <span class='ocrx_word' id='word_1_732' title='bbox 2169 1623 2242 1647; x_wconf 87' lang='lat' dir='ltr'>non</span> 
     </span>
     <span class='ocr_line' id='line_1_108' title="bbox 1296 1659 2240 1708; baseline 0.001 -14"><span class='ocrx_word' id='word_1_733' title='bbox 1296 1659 1402 1698; x_wconf 81' lang='lat' dir='ltr'>babet</span> <span class='ocrx_word' id='word_1_734' title='bbox 1419 1662 1585 1698; x_wconf 74' lang='lat' dir='ltr'>undefibi</span> <span class='ocrx_word' id='word_1_735' title='bbox 1618 1663 1824 1696; x_wconf 82' lang='lat' dir='ltr'>remittatur</span> <span class='ocrx_word' id='word_1_736' title='bbox 1852 1661 1939 1696; x_wconf 88' lang='lat' dir='ltr'>illud</span> <span class='ocrx_word' id='word_1_737' title='bbox 1964 1673 2175 1708; x_wconf 82' lang='lat' dir='ltr'>peccatum3</span> <span class='ocrx_word' id='word_1_738' title='bbox 2203 1663 2240 1699; x_wconf 67' lang='lat' dir='ltr'>Sc</span> 
     </span>
     <span class='ocr_line' id='line_1_109' title="bbox 1296 1711 2243 1759; baseline 0.002 -13"><span class='ocrx_word' id='word_1_739' title='bbox 1296 1724 1369 1747; x_wconf 88' lang='lat' dir='ltr'>non</span> <span class='ocrx_word' id='word_1_740' title='bbox 1383 1712 1488 1749; x_wconf 80' lang='lat' dir='ltr'>habet</span> <span class='ocrx_word' id='word_1_741' title='bbox 1502 1711 1676 1756; x_wconf 81' lang='lat' dir='ltr'>justitiam</span> <span class='ocrx_word' id='word_1_742' title='bbox 1687 1712 1896 1757; x_wconf 87' lang='lat' dir='ltr'>originalem</span> <span class='ocrx_word' id='word_1_743' title='bbox 1911 1724 1924 1752; x_wconf 76' lang='lat'>3</span> <span class='ocrx_word' id='word_1_744' title='bbox 1947 1724 2034 1758; x_wconf 88' lang='lat' dir='ltr'>ergo</span> <span class='ocrx_word' id='word_1_745' title='bbox 2047 1713 2153 1759; x_wconf 85' lang='lat' dir='ltr'>culpa</span> <span class='ocrx_word' id='word_1_746' title='bbox 2165 1712 2243 1749; x_wconf 83' lang='lat' dir='ltr'>ori·</span> 
     </span>
     <span class='ocr_line' id='line_1_110' title="bbox 1296 1763 1669 1808; baseline -0.003 -11"><span class='ocrx_word' id='word_1_747' title='bbox 1296 1763 1424 1808; x_wconf 86' lang='lat' dir='ltr'>ginalis</span> <span class='ocrx_word' id='word_1_748' title='bbox 1438 1763 1531 1798; x_wconf 86' lang='lat' dir='ltr'>redit</span> <span class='ocrx_word' id='word_1_749' title='bbox 1550 1764 1585 1798; x_wconf 89' lang='lat' dir='ltr'>in</span> <span class='ocrx_word' id='word_1_750' title='bbox 1604 1775 1669 1798; x_wconf 87' lang='lat' dir='ltr'>eo.</span> 
     </span>
    </p>

    <p class='ocr_par' dir='ltr' id='par_1_21' title="bbox 1294 1811 2244 2216">
     <span class='ocr_line' id='line_1_111' title="bbox 1397 1811 2236 1858; baseline -0.001 -9"><span class='ocrx_word' id='word_1_751' title='bbox 1397 1814 1572 1849; x_wconf 78' lang='lat' dir='ltr'>Praeterea</span> <span class='ocrx_word' id='word_1_752' title='bbox 1588 1838 1600 1854; x_wconf 91' lang='lat'>‚</span> <span class='ocrx_word' id='word_1_753' title='bbox 1622 1812 1660 1848; x_wconf 90' lang='lat' dir='ltr'>Si</span> <span class='ocrx_word' id='word_1_754' title='bbox 1687 1811 1858 1858; x_wconf 86' lang='lat' dir='ltr'>originale</span> <span class='ocrx_word' id='word_1_755' title='bbox 1888 1821 2076 1857; x_wconf 88' lang='lat' dir='ltr'>peccatum</span> <span class='ocrx_word' id='word_1_756' title='bbox 2102 1811 2236 1848; x_wconf 82' lang='lat' dir='ltr'>consti·</span> 
     </span>
     <span class='ocr_line' id='line_1_112' title="bbox 1297 1859 2242 1911; baseline 0.003 -15"><span class='ocrx_word' id='word_1_757' title='bbox 1297 1872 1421 1898; x_wconf 83' lang='lat' dir='ltr'>tuatur</span> <span class='ocrx_word' id='word_1_758' title='bbox 1437 1876 1471 1909; x_wconf 60' lang='lat' dir='ltr'>tn</span> <span class='ocrx_word' id='word_1_759' title='bbox 1493 1862 1565 1911; x_wconf 79' lang='lat' dir='ltr'>ipsa</span> <span class='ocrx_word' id='word_1_760' title='bbox 1597 1863 1752 1898; x_wconf 89' lang='lat' dir='ltr'>carentia</span> <span class='ocrx_word' id='word_1_761' title='bbox 1773 1859 1925 1906; x_wconf 79' lang='lat' dir='ltr'>justitiae</span> <span class='ocrx_word' id='word_1_762' title='bbox 1943 1887 1953 1902; x_wconf 87' lang='lat'>,</span> <span class='ocrx_word' id='word_1_763' title='bbox 1974 1862 2085 1907; x_wconf 86' lang='lat' dir='ltr'>igitur</span> <span class='ocrx_word' id='word_1_764' title='bbox 2111 1864 2242 1908; x_wconf 84' lang='lat' dir='ltr'>reperi-</span> 
     </span>
     <span class='ocr_line' id='line_1_113' title="bbox 1297 1910 2239 1960; baseline 0.001 -13"><span class='ocrx_word' id='word_1_765' title='bbox 1297 1923 1399 1949; x_wconf 83' lang='lat' dir='ltr'>retur</span> <span class='ocrx_word' id='word_1_766' title='bbox 1424 1914 1458 1949; x_wconf 86' lang='lat' dir='ltr'>in</span> <span class='ocrx_word' id='word_1_767' title='bbox 1498 1914 1686 1949; x_wconf 77' lang='lat' dir='ltr'>voluntate</span> <span class='ocrx_word' id='word_1_768' title='bbox 1724 1923 1762 1947; x_wconf 88' lang='lat' dir='ltr'>ut</span> <span class='ocrx_word' id='word_1_769' title='bbox 1782 1913 1815 1946; x_wconf 89' lang='lat' dir='ltr'>in</span> <span class='ocrx_word' id='word_1_770' title='bbox 1842 1910 2033 1956; x_wconf 69' lang='lat' dir='ltr'>subje&amp;o;</span> <span class='ocrx_word' id='word_1_771' title='bbox 2063 1913 2239 1960; x_wconf 73' lang='lat' dir='ltr'>quemad·</span> 
     </span>
     <span class='ocr_line' id='line_1_114' title="bbox 1297 1961 2242 2009; baseline -0.001 -9"><span class='ocrx_word' id='word_1_772' title='bbox 1297 1963 1444 2000; x_wconf 87' lang='lat' dir='ltr'>modum</span> <span class='ocrx_word' id='word_1_773' title='bbox 1462 1965 1491 1999; x_wconf 72' lang='lat'>3&lt;</span> <span class='ocrx_word' id='word_1_774' title='bbox 1507 1961 1646 2009; x_wconf 77' lang='lat' dir='ltr'>justitia</span> <span class='ocrx_word' id='word_1_775' title='bbox 1658 1964 1692 1998; x_wconf 91' lang='lat' dir='ltr'>in</span> <span class='ocrx_word' id='word_1_776' title='bbox 1707 1962 1827 1999; x_wconf 85' lang='lat' dir='ltr'>eadem</span> <span class='ocrx_word' id='word_1_777' title='bbox 1841 1961 1908 1997; x_wconf 74' lang='lat' dir='ltr'>esse</span> <span class='ocrx_word' id='word_1_778' title='bbox 1937 1962 2089 1999; x_wconf 83' lang='lat' dir='ltr'>dicitur:</span> <span class='ocrx_word' id='word_1_779' title='bbox 2118 1963 2242 2004; x_wconf 78' lang='lat' dir='ltr'>conse-</span> 
     </span>
     <span class='ocr_line' id='line_1_115' title="bbox 1294 2013 2244 2061; baseline 0 -12"><span class='ocrx_word' id='word_1_780' title='bbox 1294 2026 1410 2061; x_wconf 86' lang='lat' dir='ltr'>quens</span> <span class='ocrx_word' id='word_1_781' title='bbox 1426 2014 1475 2050; x_wconf 84' lang='lat' dir='ltr'>est</span> <span class='ocrx_word' id='word_1_782' title='bbox 1495 2014 1618 2051; x_wconf 79' lang='lat' dir='ltr'>falsum</span> <span class='ocrx_word' id='word_1_783' title='bbox 1637 2042 1648 2057; x_wconf 90' lang='lat'>,</span> <span class='ocrx_word' id='word_1_784' title='bbox 1670 2016 1754 2061; x_wconf 85' lang='lat' dir='ltr'>quia</span> <span class='ocrx_word' id='word_1_785' title='bbox 1769 2015 1938 2050; x_wconf 85' lang='lat' dir='ltr'>voluntas</span> <span class='ocrx_word' id='word_1_786' title='bbox 1959 2013 2007 2049; x_wconf 82' lang='lat' dir='ltr'>el’t</span> <span class='ocrx_word' id='word_1_787' title='bbox 2037 2016 2091 2050; x_wconf 84' lang='lat' dir='ltr'>vis</span> <span class='ocrx_word' id='word_1_788' title='bbox 2115 2015 2244 2049; x_wconf 82' lang='lat' dir='ltr'>imma-</span> 
     </span>
     <span class='ocr_line' id='line_1_116' title="bbox 1295 2064 2243 2110; baseline 0.001 -10"><span class='ocrx_word' id='word_1_789' title='bbox 1295 2066 1511 2102; x_wconf 77' lang='lat' dir='ltr'>teriaiiflima</span> <span class='ocrx_word' id='word_1_790' title='bbox 1530 2092 1540 2105; x_wconf 87' lang='lat'><strong>‚</strong></span> <span class='ocrx_word' id='word_1_791' title='bbox 1567 2067 1600 2102; x_wconf 74' lang='lat'>8&lt;</span> <span class='ocrx_word' id='word_1_792' title='bbox 1620 2064 1770 2101; x_wconf 87' lang='lat' dir='ltr'>subinde</span> <span class='ocrx_word' id='word_1_793' title='bbox 1784 2064 1942 2101; x_wconf 84' lang='lat' dir='ltr'>maxime</span> <span class='ocrx_word' id='word_1_794' title='bbox 1956 2077 1974 2099; x_wconf 88' lang='lat' dir='ltr'>a</span> <span class='ocrx_word' id='word_1_795' title='bbox 1990 2075 2097 2101; x_wconf 86' lang='lat' dir='ltr'>carne</span> <span class='ocrx_word' id='word_1_796' title='bbox 2122 2064 2243 2110; x_wconf 87' lang='lat' dir='ltr'>sejun-</span> 
     </span>
     <span class='ocr_line' id='line_1_117' title="bbox 1296 2114 2243 2164; baseline 0 -12"><span class='ocrx_word' id='word_1_797' title='bbox 1296 2114 1381 2157; x_wconf 66' lang='lat'>&amp;³3</span> <span class='ocrx_word' id='word_1_798' title='bbox 1407 2116 1607 2163; x_wconf 83' lang='lat' dir='ltr'>ergoinfici</span> <span class='ocrx_word' id='word_1_799' title='bbox 1626 2116 1749 2162; x_wconf 84' lang='lat' dir='ltr'>nequit</span> <span class='ocrx_word' id='word_1_800' title='bbox 1781 2127 1800 2150; x_wconf 87' lang='lat' dir='ltr'>a</span> <span class='ocrx_word' id='word_1_801' title='bbox 1826 2126 2003 2164; x_wconf 80' lang='lat' dir='ltr'>corpore,</span> <span class='ocrx_word' id='word_1_802' title='bbox 2025 2127 2070 2152; x_wconf 81' lang='lat' dir='ltr'>ex</span> <span class='ocrx_word' id='word_1_803' title='bbox 2095 2126 2171 2163; x_wconf 88' lang='lat' dir='ltr'>quo</span> <span class='ocrx_word' id='word_1_804' title='bbox 2195 2117 2243 2152; x_wconf 86' lang='lat' dir='ltr'>ab</span> 
     </span>
     <span class='ocr_line' id='line_1_118' title="bbox 1294 2164 1816 2216; baseline 0.002 -17"><span class='ocrx_word' id='word_1_805' title='bbox 1294 2164 1372 2216; x_wconf 81' lang='lat' dir='ltr'>ipso</span> <span class='ocrx_word' id='word_1_806' title='bbox 1393 2165 1551 2213; x_wconf 63' lang='lat' dir='ltr'>sejunfla</span> <span class='ocrx_word' id='word_1_807' title='bbox 1568 2167 1790 2212; x_wconf 81' lang='lat' dir='ltr'>intelligatur</span> <span class='ocrx_word' id='word_1_808' title='bbox 1807 2190 1816 2200; x_wconf 93' lang='lat'>.</span> 
     </span>
    </p>

    <p class='ocr_par' dir='ltr' id='par_1_22' title="bbox 1291 2215 2244 2671">
     <span class='ocr_line' id='line_1_119' title="bbox 1396 2215 2239 2263; baseline -0.008 -10"><span class='ocrx_word' id='word_1_809' title='bbox 1396 2218 1537 2254; x_wconf 84' lang='lat' dir='ltr'>Contra</span> <span class='ocrx_word' id='word_1_810' title='bbox 1556 2247 1566 2261; x_wconf 92' lang='lat'>‚</span> <span class='ocrx_word' id='word_1_811' title='bbox 1589 2215 1876 2263; x_wconf 79' lang='lat' dir='ltr'>concupiscentia</span> <span class='ocrx_word' id='word_1_812' title='bbox 1889 2215 1937 2251; x_wconf 88' lang='lat' dir='ltr'>est</span> <span class='ocrx_word' id='word_1_813' title='bbox 1957 2217 2166 2252; x_wconf 78' lang='lat' dir='ltr'>naturaliter</span> <span class='ocrx_word' id='word_1_814' title='bbox 2183 2217 2239 2252; x_wconf 88' lang='lat' dir='ltr'>in-</span> 
     </span>
     <span class='ocr_line' id='line_1_120' title="bbox 1291 2265 2244 2315; baseline -0.003 -10"><span class='ocrx_word' id='word_1_815' title='bbox 1291 2269 1366 2305; x_wconf 84' lang='lat' dir='ltr'>dita</span> <span class='ocrx_word' id='word_1_816' title='bbox 1392 2271 1566 2315; x_wconf 85' lang='lat' dir='ltr'>appetitui</span> <span class='ocrx_word' id='word_1_817' title='bbox 1594 2268 1758 2303; x_wconf 68' lang='lat' dir='ltr'>senlitivo</span> <span class='ocrx_word' id='word_1_818' title='bbox 1795 2267 1890 2303; x_wconf 90' lang='lat' dir='ltr'>omni</span> <span class='ocrx_word' id='word_1_819' title='bbox 1917 2278 2046 2303; x_wconf 87' lang='lat' dir='ltr'>conatu</span> <span class='ocrx_word' id='word_1_820' title='bbox 2078 2265 2244 2303; x_wconf 78' lang='lat' dir='ltr'>tendenti</span> 
     </span>
     <span class='ocr_line' id='line_1_121' title="bbox 1291 2317 2242 2364; baseline -0.002 -9"><span class='ocrx_word' id='word_1_821' title='bbox 1291 2322 1326 2356; x_wconf 86' lang='lat' dir='ltr'>in</span> <span class='ocrx_word' id='word_1_822' title='bbox 1345 2319 1531 2364; x_wconf 83' lang='lat' dir='ltr'>proprium</span> <span class='ocrx_word' id='word_1_823' title='bbox 1557 2319 1766 2354; x_wconf 67' lang='lat' dir='ltr'>deleSlabile</span> <span class='ocrx_word' id='word_1_824' title='bbox 1784 2343 1795 2359; x_wconf 91' lang='lat'><strong>,</strong></span> <span class='ocrx_word' id='word_1_825' title='bbox 1821 2317 1927 2351; x_wconf 75' lang='lat' dir='ltr'>etiam</span> <span class='ocrx_word' id='word_1_826' title='bbox 1964 2328 2087 2352; x_wconf 86' lang='lat' dir='ltr'>contra</span> <span class='ocrx_word' id='word_1_827' title='bbox 2117 2317 2242 2354; x_wconf 88' lang='lat' dir='ltr'>mode-</span> 
     </span>
     <span class='ocr_line' id='line_1_122' title="bbox 1293 2368 2240 2414; baseline -0.002 -9"><span class='ocrx_word' id='word_1_828' title='bbox 1293 2371 1427 2405; x_wconf 82' lang='lat' dir='ltr'>ramina</span> <span class='ocrx_word' id='word_1_829' title='bbox 1445 2369 1651 2405; x_wconf 68' lang='lat' dir='ltr'>rationisAn</span> <span class='ocrx_word' id='word_1_830' title='bbox 1664 2368 1723 2402; x_wconf 85' lang='lat' dir='ltr'>tali</span> <span class='ocrx_word' id='word_1_831' title='bbox 1739 2378 1857 2402; x_wconf 86' lang='lat' dir='ltr'>autem</span> <span class='ocrx_word' id='word_1_832' title='bbox 1871 2369 2034 2414; x_wconf 84' lang='lat' dir='ltr'>appetitu</span> <span class='ocrx_word' id='word_1_833' title='bbox 2047 2379 2240 2412; x_wconf 83' lang='lat' dir='ltr'>peccatum</span> 
     </span>
     <span class='ocr_line' id='line_1_123' title="bbox 1291 2418 2242 2467; baseline -0.002 -12"><span class='ocrx_word' id='word_1_834' title='bbox 1291 2432 1364 2455; x_wconf 88' lang='lat' dir='ltr'>non</span> <span class='ocrx_word' id='word_1_835' title='bbox 1376 2420 1652 2467; x_wconf 89' lang='lat' dir='ltr'>reperitut‚cum</span> <span class='ocrx_word' id='word_1_836' title='bbox 1667 2419 1763 2453; x_wconf 89' lang='lat' dir='ltr'>omni</span> <span class='ocrx_word' id='word_1_837' title='bbox 1777 2429 1892 2452; x_wconf 77' lang='lat' dir='ltr'>careat</span> <span class='ocrx_word' id='word_1_838' title='bbox 1912 2418 2177 2464; x_wconf 57' lang='lat' dir='ltr'>libertate3etgo</span> <span class='ocrx_word' id='word_1_839' title='bbox 2191 2420 2242 2466; x_wconf 84' lang='lat' dir='ltr'>ip.</span> 
     </span>
     <span class='ocr_line' id='line_1_124' title="bbox 1294 2467 2239 2519; baseline -0.003 -14"><span class='ocrx_word' id='word_1_840' title='bbox 1294 2470 1327 2505; x_wconf 82' lang='lat' dir='ltr'>sa</span> <span class='ocrx_word' id='word_1_841' title='bbox 1340 2472 1375 2506; x_wconf 87' lang='lat' dir='ltr'>in</span> <span class='ocrx_word' id='word_1_842' title='bbox 1390 2470 1677 2519; x_wconf 77' lang='lat' dir='ltr'>concupiscentia</span> <span class='ocrx_word' id='word_1_843' title='bbox 1699 2468 1801 2503; x_wconf 77' lang='lat' dir='ltr'>statui</span> <span class='ocrx_word' id='word_1_844' title='bbox 1822 2480 1889 2502; x_wconf 86' lang='lat' dir='ltr'>non</span> <span class='ocrx_word' id='word_1_845' title='bbox 1907 2467 2019 2514; x_wconf 81' lang='lat' dir='ltr'>potest</span> <span class='ocrx_word' id='word_1_846' title='bbox 2034 2469 2239 2515; x_wconf 58' lang='lat' dir='ltr'>originale,</span> 
     </span>
     <span class='ocr_line' id='line_1_125' title="bbox 1293 2519 2238 2570; baseline 0 -13"><span class='ocrx_word' id='word_1_847' title='bbox 1293 2532 1504 2569; x_wconf 86' lang='lat' dir='ltr'>peccatum,</span> <span class='ocrx_word' id='word_1_848' title='bbox 1529 2519 1725 2570; x_wconf 67' lang='lat' dir='ltr'>praesertim</span> <span class='ocrx_word' id='word_1_849' title='bbox 1738 2531 1819 2555; x_wconf 91' lang='lat' dir='ltr'>cum</span> <span class='ocrx_word' id='word_1_850' title='bbox 1849 2520 1922 2555; x_wconf 74' lang='lat' dir='ltr'>haec</span> <span class='ocrx_word' id='word_1_851' title='bbox 1950 2532 2087 2554; x_wconf 74' lang='lat' dir='ltr'>maneat</span> <span class='ocrx_word' id='word_1_852' title='bbox 2116 2522 2150 2555; x_wconf 87' lang='lat' dir='ltr'>in</span> <span class='ocrx_word' id='word_1_853' title='bbox 2176 2523 2238 2557; x_wconf 81' lang='lat' dir='ltr'>ba-</span> 
     </span>
     <span class='ocr_line' id='line_1_126' title="bbox 1293 2569 2237 2620; baseline 0.001 -12"><span class='ocrx_word' id='word_1_854' title='bbox 1293 2573 1441 2620; x_wconf 81' lang='lat' dir='ltr'>ptizatis</span> <span class='ocrx_word' id='word_1_855' title='bbox 1470 2598 1481 2614; x_wconf 94' lang='lat'>‚</span> <span class='ocrx_word' id='word_1_856' title='bbox 1520 2573 1556 2608; x_wconf 87' lang='lat' dir='ltr'>in</span> <span class='ocrx_word' id='word_1_857' title='bbox 1585 2573 1721 2619; x_wconf 89' lang='lat' dir='ltr'>quibus</span> <span class='ocrx_word' id='word_1_858' title='bbox 1751 2581 1870 2605; x_wconf 82' lang='lat' dir='ltr'>tamen</span> <span class='ocrx_word' id='word_1_859' title='bbox 1892 2569 2051 2606; x_wconf 87' lang='lat' dir='ltr'>creditur</span> <span class='ocrx_word' id='word_1_860' title='bbox 2077 2571 2237 2609; x_wconf 60' lang='lat' dir='ltr'>deletum</span> 
     </span>
     <span class='ocr_line' id='line_1_127' title="bbox 1293 2620 2160 2671; baseline 0 -13"><span class='ocrx_word' id='word_1_861' title='bbox 1293 2623 1471 2670; x_wconf 81' lang='lat' dir='ltr'>originale</span> <span class='ocrx_word' id='word_1_862' title='bbox 1486 2635 1679 2671; x_wconf 81' lang='lat' dir='ltr'>peccatum</span> <span class='ocrx_word' id='word_1_863' title='bbox 1695 2633 1755 2667; x_wconf 91' lang='lat' dir='ltr'>per</span> <span class='ocrx_word' id='word_1_864' title='bbox 1766 2621 1913 2667; x_wconf 84' lang='lat' dir='ltr'>gratiam</span> <span class='ocrx_word' id='word_1_865' title='bbox 1932 2620 2136 2657; x_wconf 84' lang='lat' dir='ltr'>mediatoris</span> <span class='ocrx_word' id='word_1_866' title='bbox 2151 2649 2160 2658; x_wconf 92' lang='lat'><strong><em>.</em></strong></span> 
     </span>
    </p>

    <p class='ocr_par' dir='ltr' id='par_1_23' title="bbox 1291 2670 2239 3277">
     <span class='ocr_line' id='line_1_128' title="bbox 1396 2670 2237 2721; baseline 0 -13"><span class='ocrx_word' id='word_1_867' title='bbox 1396 2672 1610 2721; x_wconf 81' lang='lat' dir='ltr'>Respondeo</span> <span class='ocrx_word' id='word_1_868' title='bbox 1627 2698 1635 2707; x_wconf 93' lang='lat'><strong>.</strong></span> <span class='ocrx_word' id='word_1_869' title='bbox 1652 2673 1790 2708; x_wconf 84' lang='lat' dir='ltr'>Revera</span> <span class='ocrx_word' id='word_1_870' title='bbox 1811 2670 1909 2718; x_wconf 83' lang='lat' dir='ltr'>Mag.</span> <span class='ocrx_word' id='word_1_871' title='bbox 1926 2670 1993 2706; x_wconf 76' lang='lat' dir='ltr'><em>loco</em></span> <span class='ocrx_word' id='word_1_872' title='bbox 2005 2675 2067 2708; x_wconf 80' lang='lat' dir='ltr'>cit.</span> <span class='ocrx_word' id='word_1_873' title='bbox 2093 2672 2237 2710; x_wconf 75' lang='lat' dir='ltr'>videtur</span> 
     </span>
     <span class='ocr_line' id='line_1_129' title="bbox 1297 2720 2237 2773; baseline 0 -13"><span class='ocrx_word' id='word_1_874' title='bbox 1297 2726 1487 2773; x_wconf 82' lang='lat' dir='ltr'>opinatus,</span> <span class='ocrx_word' id='word_1_875' title='bbox 1509 2723 1607 2760; x_wconf 84' lang='lat' dir='ltr'>aliud</span> <span class='ocrx_word' id='word_1_876' title='bbox 1618 2734 1686 2758; x_wconf 90' lang='lat' dir='ltr'>non</span> <span class='ocrx_word' id='word_1_877' title='bbox 1711 2720 1777 2757; x_wconf 79' lang='lat' dir='ltr'>esi‘e</span> <span class='ocrx_word' id='word_1_878' title='bbox 1797 2722 1974 2766; x_wconf 87' lang='lat' dir='ltr'>originale</span> <span class='ocrx_word' id='word_1_879' title='bbox 1999 2734 2237 2769; x_wconf 63' lang='lat' dir='ltr'>peccatum-2,</span> 
     </span>
     <span class='ocr_line' id='line_1_130' title="bbox 1293 2771 2237 2824; baseline -0.004 -14"><span class='ocrx_word' id='word_1_880' title='bbox 1293 2787 1403 2824; x_wconf 72' lang='lat' dir='ltr'>quam</span> <span class='ocrx_word' id='word_1_881' title='bbox 1419 2773 1744 2821; x_wconf 79' lang='lat' dir='ltr'>concupiscentiam</span> <span class='ocrx_word' id='word_1_882' title='bbox 1758 2800 1766 2808; x_wconf 91' lang='lat'><strong><em>.</em></strong></span> <span class='ocrx_word' id='word_1_883' title='bbox 1787 2772 1922 2807; x_wconf 89' lang='lat' dir='ltr'>Verum</span> <span class='ocrx_word' id='word_1_884' title='bbox 1937 2771 2017 2817; x_wconf 86' lang='lat' dir='ltr'>ejus</span> <span class='ocrx_word' id='word_1_885' title='bbox 2035 2772 2237 2812; x_wconf 52' lang='lat' dir='ltr'>sententia„</span> 
     </span>
     <span class='ocr_line' id='line_1_131' title="bbox 1295 2823 2235 2874; baseline -0.001 -12"><span class='ocrx_word' id='word_1_886' title='bbox 1295 2824 1477 2874; x_wconf 67' lang='lat' dir='ltr'>probandi</span> <span class='ocrx_word' id='word_1_887' title='bbox 1494 2837 1564 2860; x_wconf 88' lang='lat' dir='ltr'>non</span> <span class='ocrx_word' id='word_1_888' title='bbox 1577 2823 1626 2860; x_wconf 85' lang='lat' dir='ltr'>est</span> <span class='ocrx_word' id='word_1_889' title='bbox 1657 2848 1667 2857; x_wconf 84' lang='lat'><strong>.</strong></span> <span class='ocrx_word' id='word_1_890' title='bbox 1696 2824 1796 2871; x_wconf 83' lang='lat' dir='ltr'>Quia</span> <span class='ocrx_word' id='word_1_891' title='bbox 1828 2823 2120 2868; x_wconf 87' lang='lat' dir='ltr'>concupiscentia</span> <span class='ocrx_word' id='word_1_892' title='bbox 2148 2826 2235 2867; x_wconf 74' lang='lat' dir='ltr'>haec,</span> 
     </span>
     <span class='ocr_line' id='line_1_132' title="bbox 1295 2873 2238 2923; baseline 0.001 -11"><span class='ocrx_word' id='word_1_893' title='bbox 1295 2877 1489 2913; x_wconf 87' lang='lat' dir='ltr'>secundum</span> <span class='ocrx_word' id='word_1_894' title='bbox 1506 2887 1614 2923; x_wconf 86' lang='lat' dir='ltr'>quam</span> <span class='ocrx_word' id='word_1_895' title='bbox 1635 2873 1782 2910; x_wconf 77' lang='lat' dir='ltr'>inferior</span> <span class='ocrx_word' id='word_1_896' title='bbox 1793 2874 1977 2920; x_wconf 88' lang='lat' dir='ltr'>appetitus</span> <span class='ocrx_word' id='word_1_897' title='bbox 2000 2875 2126 2911; x_wconf 76' lang='lat' dir='ltr'>nititur</span> <span class='ocrx_word' id='word_1_898' title='bbox 2153 2888 2238 2913; x_wconf 82' lang='lat' dir='ltr'>con·</span> 
     </span>
     <span class='ocr_line' id='line_1_133' title="bbox 1294 2923 2239 2965; baseline 0.002 -4"><span class='ocrx_word' id='word_1_899' title='bbox 1294 2939 1347 2964; x_wconf 86' lang='lat' dir='ltr'>tta</span> <span class='ocrx_word' id='word_1_900' title='bbox 1365 2928 1512 2962; x_wconf 86' lang='lat' dir='ltr'>rationis</span> <span class='ocrx_word' id='word_1_901' title='bbox 1528 2925 1705 2961; x_wconf 65' lang='lat' dir='ltr'>dietamen</span> <span class='ocrx_word' id='word_1_902' title='bbox 1722 2951 1732 2965; x_wconf 89' lang='lat'>‚</span> <span class='ocrx_word' id='word_1_903' title='bbox 1754 2923 1842 2959; x_wconf 80' lang='lat' dir='ltr'>inest</span> <span class='ocrx_word' id='word_1_904' title='bbox 1872 2924 1979 2960; x_wconf 89' lang='lat' dir='ltr'>nobis</span> <span class='ocrx_word' id='word_1_905' title='bbox 2010 2923 2239 2963; x_wconf 77' lang='lat' dir='ltr'>secundum...</span> 
     </span>
     <span class='ocr_line' id='line_1_134' title="bbox 1295 2974 2236 3024; baseline -0.003 -10"><span class='ocrx_word' id='word_1_906' title='bbox 1295 2989 1459 3014; x_wconf 84' lang='lat' dir='ltr'>naturam</span> <span class='ocrx_word' id='word_1_907' title='bbox 1476 3003 1488 3019; x_wconf 91' lang='lat'>,</span> <span class='ocrx_word' id='word_1_908' title='bbox 1509 2979 1542 3013; x_wconf 62' lang='grc' dir='ltr'><strong>ἃ</strong></span> <span class='ocrx_word' id='word_1_909' title='bbox 1569 2975 1724 3024; x_wconf 86' lang='lat' dir='ltr'>superest</span> <span class='ocrx_word' id='word_1_910' title='bbox 1764 2975 1870 3010; x_wconf 79' lang='lat' dir='ltr'>eriam</span> <span class='ocrx_word' id='word_1_911' title='bbox 1904 2974 2023 3010; x_wconf 79' lang='lat' dir='ltr'>deleto</span> <span class='ocrx_word' id='word_1_912' title='bbox 2054 2978 2236 3023; x_wconf 83' lang='lat' dir='ltr'>originali,</span> 
     </span>
     <span class='ocr_line' id='line_1_135' title="bbox 1293 3026 2237 3076; baseline -0.003 -12"><span class='ocrx_word' id='word_1_913' title='bbox 1293 3040 1404 3076; x_wconf 85' lang='lat' dir='ltr'>quare</span> <span class='ocrx_word' id='word_1_914' title='bbox 1417 3028 1454 3063; x_wconf 82' lang='lat' dir='ltr'>id</span> <span class='ocrx_word' id='word_1_915' title='bbox 1471 3029 1605 3074; x_wconf 87' lang='lat' dir='ltr'>peccati</span> <span class='ocrx_word' id='word_1_916' title='bbox 1619 3037 1730 3073; x_wconf 85' lang='lat' dir='ltr'>genus</span> <span class='ocrx_word' id='word_1_917' title='bbox 1742 3026 1891 3071; x_wconf 84' lang='lat' dir='ltr'>gratiam</span> <span class='ocrx_word' id='word_1_918' title='bbox 1921 3037 1990 3059; x_wconf 88' lang='lat' dir='ltr'>non</span> <span class='ocrx_word' id='word_1_919' title='bbox 2015 3026 2237 3069; x_wconf 81' lang='lat' dir='ltr'>excluderet,</span> 
     </span>
     <span class='ocr_line' id='line_1_136' title="bbox 1294 3075 2235 3124; baseline -0.005 -8"><span class='ocrx_word' id='word_1_920' title='bbox 1294 3091 1358 3116; x_wconf 91' lang='lat' dir='ltr'>nec</span> <span class='ocrx_word' id='word_1_921' title='bbox 1373 3080 1475 3114; x_wconf 84' lang='lat' dir='ltr'>latuit</span> <span class='ocrx_word' id='word_1_922' title='bbox 1494 3077 1732 3124; x_wconf 79' lang='lat' dir='ltr'>Philosophos</span> <span class='ocrx_word' id='word_1_923' title='bbox 1750 3076 1824 3111; x_wconf 77' lang='lat' dir='ltr'>haec</span> <span class='ocrx_word' id='word_1_924' title='bbox 1838 3075 2125 3122; x_wconf 81' lang='lat' dir='ltr'>concupiscentia</span> <span class='ocrx_word' id='word_1_925' title='bbox 2139 3104 2149 3119; x_wconf 89' lang='lat'><em>‚</em></span> <span class='ocrx_word' id='word_1_926' title='bbox 2178 3089 2235 3111; x_wconf 85' lang='lat' dir='ltr'>na.</span> 
     </span>
     <span class='ocr_line' id='line_1_137' title="bbox 1291 3126 2238 3175; baseline -0.006 -9"><span class='ocrx_word' id='word_1_927' title='bbox 1291 3142 1409 3166; x_wconf 87' lang='lat' dir='ltr'>turam</span> <span class='ocrx_word' id='word_1_928' title='bbox 1427 3129 1584 3164; x_wconf 83' lang='lat' dir='ltr'>bominis</span> <span class='ocrx_word' id='word_1_929' title='bbox 1599 3127 1859 3175; x_wconf 85' lang='lat' dir='ltr'>perscrutantes</span> <span class='ocrx_word' id='word_1_930' title='bbox 1876 3153 1887 3168; x_wconf 95' lang='lat'>,</span> <span class='ocrx_word' id='word_1_931' title='bbox 1914 3126 1978 3172; x_wconf 90' lang='lat' dir='ltr'>qui</span> <span class='ocrx_word' id='word_1_932' title='bbox 2003 3136 2120 3162; x_wconf 89' lang='lat' dir='ltr'>tamen</span> <span class='ocrx_word' id='word_1_933' title='bbox 2145 3129 2238 3162; x_wconf 86' lang='lat' dir='ltr'>noti-</span> 
     </span>
     <span class='ocr_line' id='line_1_138' title="bbox 1293 3178 2237 3225; baseline -0.004 -9"><span class='ocrx_word' id='word_1_934' title='bbox 1293 3182 1379 3217; x_wconf 84' lang='lat' dir='ltr'>tiam</span> <span class='ocrx_word' id='word_1_935' title='bbox 1396 3180 1551 3225; x_wconf 84' lang='lat' dir='ltr'>aliquam</span> <span class='ocrx_word' id='word_1_936' title='bbox 1566 3191 1636 3214; x_wconf 88' lang='lat' dir='ltr'>non</span> <span class='ocrx_word' id='word_1_937' title='bbox 1654 3178 1855 3212; x_wconf 75' lang='lat' dir='ltr'>habuerunt</span> <span class='ocrx_word' id='word_1_938' title='bbox 1869 3178 2005 3223; x_wconf 82' lang='lat' dir='ltr'>peccati</span> <span class='ocrx_word' id='word_1_939' title='bbox 2037 3178 2237 3223; x_wconf 82' lang='lat' dir='ltr'>originalis,</span> 
     </span>
     <span class='ocr_line' id='line_1_139' title="bbox 1296 3228 1769 3277; baseline -0.011 -10"><span class='ocrx_word' id='word_1_940' title='bbox 1296 3243 1360 3267; x_wconf 88' lang='lat' dir='ltr'>nec</span> <span class='ocrx_word' id='word_1_941' title='bbox 1375 3232 1405 3266; x_wconf 87' lang='lat' dir='ltr'>ei</span> <span class='ocrx_word' id='word_1_942' title='bbox 1417 3229 1586 3277; x_wconf 70' lang='lat' dir='ltr'>opposita:</span> <span class='ocrx_word' id='word_1_943' title='bbox 1600 3228 1745 3274; x_wconf 84' lang='lat' dir='ltr'>justitiae</span> <span class='ocrx_word' id='word_1_944' title='bbox 1760 3253 1769 3262; x_wconf 87' lang='lat'><em>.</em></span> 
     </span>
    </p>

    <p class='ocr_par' dir='ltr' id='par_1_24' title="bbox 1297 3274 2243 3880">
     <span class='ocr_line' id='line_1_140' title="bbox 1397 3274 2237 3328; baseline 0.004 -16"><span class='ocrx_word' id='word_1_945' title='bbox 1397 3283 1633 3328; x_wconf 81' lang='lat' dir='ltr'>Qapropter</span> <span class='ocrx_word' id='word_1_946' title='bbox 1650 3277 1806 3316; x_wconf 82' lang='lat' dir='ltr'>Anselmi</span> <span class='ocrx_word' id='word_1_947' title='bbox 1824 3274 1997 3310; x_wconf 65' lang='lat' dir='ltr'>doftrinae</span> <span class='ocrx_word' id='word_1_948' title='bbox 2014 3276 2237 3315; x_wconf 62' lang='lat' dir='ltr'>adhaerentes</span> 
     </span>
     <span class='ocr_line' id='line_1_141' title="bbox 1301 3325 2228 3376; baseline -0.004 -8"><span class='ocrx_word' id='word_1_949' title='bbox 1301 3343 1332 3368; x_wconf 75' lang='grc'>1.</span> <span class='ocrx_word' id='word_1_950' title='bbox 1348 3331 1391 3366; x_wconf 83' lang='lat' dir='ltr'>de</span> <span class='ocrx_word' id='word_1_951' title='bbox 1405 3329 1552 3366; x_wconf 67' lang='lat' dir='ltr'>Comen.</span> <span class='ocrx_word' id='word_1_952' title='bbox 1569 3327 1757 3376; x_wconf 79' lang='lat' dir='ltr'>Virginali</span> <span class='ocrx_word' id='word_1_953' title='bbox 1768 3334 1841 3373; x_wconf 84' lang='lat' dir='ltr'>cap.</span> <span class='ocrx_word' id='word_1_954' title='bbox 1857 3325 2002 3372; x_wconf 82' lang='lat' dir='ltr'>27.(&#39;de</span> <span class='ocrx_word' id='word_1_955' title='bbox 2018 3340 2090 3375; x_wconf 86' lang='lat' dir='ltr'>qua</span> <span class='ocrx_word' id='word_1_956' title='bbox 2106 3341 2140 3364; x_wconf 89' lang='lat' dir='ltr'>re</span> <span class='ocrx_word' id='word_1_957' title='bbox 2158 3340 2228 3364; x_wconf 81' lang='lat' dir='ltr'>art.</span> 
     </span>
     <span class='ocr_line' id='line_1_142' title="bbox 1301 3376 2236 3430; baseline -0.002 -14"><span class='ocrx_word' id='word_1_958' title='bbox 1301 3379 1449 3430; x_wconf 71' lang='lat' dir='ltr'><em>hquaest</em></span> <span class='ocrx_word' id='word_1_959' title='bbox 1477 3380 1626 3427; x_wconf 78' lang='lat' dir='ltr'>praeced.</span> <span class='ocrx_word' id='word_1_960' title='bbox 1654 3379 1803 3426; x_wconf 65' lang='lat' dir='ltr'>aflum)</span> <span class='ocrx_word' id='word_1_961' title='bbox 1829 3376 1983 3412; x_wconf 89' lang='lat' dir='ltr'>dicimus</span> <span class='ocrx_word' id='word_1_962' title='bbox 1999 3403 2009 3419; x_wconf 93' lang='lat'>,</span> <span class='ocrx_word' id='word_1_963' title='bbox 2030 3380 2236 3424; x_wconf 85' lang='lat' dir='ltr'>originalem</span> 
     </span>
     <span class='ocr_line' id='line_1_143' title="bbox 1297 3427 2237 3479; baseline -0.007 -10"><span class='ocrx_word' id='word_1_964' title='bbox 1297 3435 1441 3479; x_wconf 86' lang='lat' dir='ltr'>culpam</span> <span class='ocrx_word' id='word_1_965' title='bbox 1459 3433 1491 3466; x_wconf 91' lang='lat' dir='ltr'>in</span> <span class='ocrx_word' id='word_1_966' title='bbox 1506 3442 1628 3465; x_wconf 86' lang='lat' dir='ltr'>ornnes</span> <span class='ocrx_word' id='word_1_967' title='bbox 1647 3430 1733 3467; x_wconf 83' lang='lat' dir='ltr'>Adae</span> <span class='ocrx_word' id='word_1_968' title='bbox 1746 3427 1839 3464; x_wconf 81' lang='lat' dir='ltr'>filios</span> <span class='ocrx_word' id='word_1_969' title='bbox 1853 3428 2049 3464; x_wconf 82' lang='lat' dir='ltr'>derivatam</span> <span class='ocrx_word' id='word_1_970' title='bbox 2066 3442 2111 3464; x_wconf 82' lang='lat' dir='ltr'>ex</span> <span class='ocrx_word' id='word_1_971' title='bbox 2127 3431 2237 3466; x_wconf 76' lang='lat' dir='ltr'>prima</span> 
     </span>
     <span class='ocr_line' id='line_1_144' title="bbox 1297 3479 2240 3527; baseline -0.005 -9"><span class='ocrx_word' id='word_1_972' title='bbox 1297 3484 1395 3518; x_wconf 87' lang='lat' dir='ltr'>illius</span> <span class='ocrx_word' id='word_1_973' title='bbox 1409 3479 1676 3527; x_wconf 74' lang='lat' dir='ltr'>transgreffione</span> <span class='ocrx_word' id='word_1_974' title='bbox 1690 3507 1698 3521; x_wconf 96' lang='lat'>‚</span> <span class='ocrx_word' id='word_1_975' title='bbox 1728 3479 1924 3514; x_wconf 76' lang='lat' dir='ltr'>formaliter</span> <span class='ocrx_word' id='word_1_976' title='bbox 1938 3491 2007 3513; x_wconf 86' lang='lat' dir='ltr'>non</span> <span class='ocrx_word' id='word_1_977' title='bbox 2023 3479 2091 3514; x_wconf 76' lang='lat' dir='ltr'>effe</span> <span class='ocrx_word' id='word_1_978' title='bbox 2108 3491 2240 3514; x_wconf 85' lang='lat' dir='ltr'>concu-</span> 
     </span>
     <span class='ocr_line' id='line_1_145' title="bbox 1297 3529 2240 3581; baseline -0.002 -13"><span class='ocrx_word' id='word_1_979' title='bbox 1297 3532 1504 3581; x_wconf 82' lang='lat' dir='ltr'>piscentiam</span> <span class='ocrx_word' id='word_1_980' title='bbox 1519 3559 1529 3573; x_wconf 96' lang='lat'>,</span> <span class='ocrx_word' id='word_1_981' title='bbox 1555 3530 1607 3566; x_wconf 76' lang='lat' dir='ltr'>scd</span> <span class='ocrx_word' id='word_1_982' title='bbox 1622 3529 1763 3575; x_wconf 70' lang='lat' dir='ltr'>justiti:</span> <span class='ocrx_word' id='word_1_983' title='bbox 1777 3529 1960 3575; x_wconf 79' lang='lat' dir='ltr'>originalis</span> <span class='ocrx_word' id='word_1_984' title='bbox 1973 3531 2240 3575; x_wconf 68' lang='lat' dir='ltr'>privationem-2</span> 
     </span>
     <span class='ocr_line' id='line_1_146' title="bbox 1300 3580 2240 3627; baseline -0.005 -8"><span class='ocrx_word' id='word_1_985' title='bbox 1300 3584 1361 3619; x_wconf 84' lang='lat' dir='ltr'>seu</span> <span class='ocrx_word' id='word_1_986' title='bbox 1376 3583 1505 3619; x_wconf 62' lang='lat' dir='ltr'>saetam</span> <span class='ocrx_word' id='word_1_987' title='bbox 1528 3580 1688 3627; x_wconf 72' lang='lat' dir='ltr'>ejusdem</span> <span class='ocrx_word' id='word_1_988' title='bbox 1719 3581 1916 3616; x_wconf 82' lang='lat' dir='ltr'>nuditatem</span> <span class='ocrx_word' id='word_1_989' title='bbox 1939 3601 1949 3610; x_wconf 85' lang='lat'>-</span> <span class='ocrx_word' id='word_1_990' title='bbox 1979 3581 2088 3615; x_wconf 82' lang='lat' dir='ltr'>Porro</span> <span class='ocrx_word' id='word_1_991' title='bbox 2113 3582 2240 3615; x_wconf 57' lang='lat' dir='ltr'>intolli-</span> 
     </span>
     <span class='ocr_line' id='line_1_147' title="bbox 1299 3627 2240 3681; baseline -0.005 -12"><span class='ocrx_word' id='word_1_992' title='bbox 1299 3633 1458 3681; x_wconf 83' lang='lat' dir='ltr'>gendum</span> <span class='ocrx_word' id='word_1_993' title='bbox 1474 3632 1715 3667; x_wconf 83' lang='lat' dir='ltr'>omnimodam</span> <span class='ocrx_word' id='word_1_994' title='bbox 1738 3630 1817 3676; x_wconf 87' lang='lat' dir='ltr'>ejus</span> <span class='ocrx_word' id='word_1_995' title='bbox 1841 3627 1987 3673; x_wconf 66' lang='lat' dir='ltr'>justitia:</span> <span class='ocrx_word' id='word_1_996' title='bbox 2008 3630 2240 3668; x_wconf 60' lang='lat' dir='ltr'>nuditatem</span> 
     </span>
     <span class='ocr_line' id='line_1_148' title="bbox 1302 3678 2240 3729; baseline -0.002 -11"><span class='ocrx_word' id='word_1_997' title='bbox 1302 3684 1408 3718; x_wconf 82' lang='lat' dir='ltr'>statui</span> <span class='ocrx_word' id='word_1_998' title='bbox 1423 3694 1496 3719; x_wconf 84' lang='lat' dir='ltr'>non</span> <span class='ocrx_word' id='word_1_999' title='bbox 1512 3681 1608 3729; x_wconf 74' lang='lat' dir='ltr'>polse</span> <span class='ocrx_word' id='word_1_1000' title='bbox 1620 3682 1655 3715; x_wconf 89' lang='lat' dir='ltr'>in</span> <span class='ocrx_word' id='word_1_1001' title='bbox 1677 3681 1876 3726; x_wconf 82' lang='lat' dir='ltr'>privatione</span> <span class='ocrx_word' id='word_1_1002' title='bbox 1892 3678 1999 3715; x_wconf 71' lang='lat' dir='ltr'>solius</span> <span class='ocrx_word' id='word_1_1003' title='bbox 2012 3683 2135 3725; x_wconf 75' lang='lat' dir='ltr'>gratiae</span> <span class='ocrx_word' id='word_1_1004' title='bbox 2165 3680 2240 3716; x_wconf 76' lang='lat' dir='ltr'>san-</span> 
     </span>
     <span class='ocr_line' id='line_1_149' title="bbox 1302 3732 2241 3779; baseline -0.003 -10"><span class='ocrx_word' id='word_1_1005' title='bbox 1302 3732 1497 3769; x_wconf 70' lang='lat' dir='ltr'>ftificanris</span> <span class='ocrx_word' id='word_1_1006' title='bbox 1521 3758 1531 3773; x_wconf 92' lang='lat'>‚</span> <span class='ocrx_word' id='word_1_1007' title='bbox 1553 3744 1626 3779; x_wconf 85' lang='lat' dir='ltr'>qua</span> <span class='ocrx_word' id='word_1_1008' title='bbox 1653 3742 1804 3766; x_wconf 86' lang='lat' dir='ltr'>ornatus</span> <span class='ocrx_word' id='word_1_1009' title='bbox 1829 3732 1895 3765; x_wconf 72' lang='lat' dir='ltr'>fuit</span> <span class='ocrx_word' id='word_1_1010' title='bbox 1925 3734 2061 3775; x_wconf 83' lang='lat' dir='ltr'>primus</span> <span class='ocrx_word' id='word_1_1011' title='bbox 2100 3743 2241 3778; x_wconf 68' lang='lat' dir='ltr'>sarens;</span> 
     </span>
     <span class='ocr_line' id='line_1_150' title="bbox 1302 3781 2242 3822; baseline -0.002 -3"><span class='ocrx_word' id='word_1_1012' title='bbox 1302 3795 1368 3822; x_wconf 83' lang='lat' dir='ltr'>nec</span> <span class='ocrx_word' id='word_1_1013' title='bbox 1381 3782 1499 3819; x_wconf 90' lang='lat' dir='ltr'>rursus</span> <span class='ocrx_word' id='word_1_1014' title='bbox 1515 3783 1549 3817; x_wconf 87' lang='lat' dir='ltr'>in</span> <span class='ocrx_word' id='word_1_1015' title='bbox 1578 3782 1739 3816; x_wconf 83' lang='lat' dir='ltr'>nuditate</span> <span class='ocrx_word' id='word_1_1016' title='bbox 1769 3784 1883 3816; x_wconf 85' lang='lat' dir='ltr'>alioru</span> <span class='ocrx_word' id='word_1_1017' title='bbox 1900 3794 1920 3813; x_wconf 87' lang='lat' dir='ltr'>n</span> <span class='ocrx_word' id='word_1_1018' title='bbox 1949 3781 2124 3816; x_wconf 80' lang='lat' dir='ltr'>donorum</span> <span class='ocrx_word' id='word_1_1019' title='bbox 2154 3784 2182 3816; x_wconf 79' lang='grc' dir='ltr'>Α</span> <span class='ocrx_word' id='word_1_1020' title='bbox 2202 3782 2242 3817; x_wconf 65' lang='lat' dir='ltr'>lx:</span> 
     </span>
     <span class='ocr_line' id='line_1_151' title="bbox 1303 3831 2243 3880; baseline -0.006 -10"><span class='ocrx_word' id='word_1_1021' title='bbox 1303 3835 1521 3870; x_wconf 66' lang='lat' dir='ltr'>collatorum</span> <span class='ocrx_word' id='word_1_1022' title='bbox 1539 3857 1551 3873; x_wconf 94' lang='lat'>,</span> <span class='ocrx_word' id='word_1_1023' title='bbox 1572 3832 1664 3867; x_wconf 77' lang='lat' dir='ltr'>unde</span> <span class='ocrx_word' id='word_1_1024' title='bbox 1677 3833 1710 3867; x_wconf 78' lang='lat' dir='ltr'>Sc</span> <span class='ocrx_word' id='word_1_1025' title='bbox 1728 3843 1789 3880; x_wconf 87' lang='lat' dir='ltr'>per</span> <span class='ocrx_word' id='word_1_1026' title='bbox 1799 3844 1880 3878; x_wconf 84' lang='lat' dir='ltr'>quae</span> <span class='ocrx_word' id='word_1_1027' title='bbox 1893 3831 1999 3866; x_wconf 78' lang='lat' dir='ltr'>fiebat</span> <span class='ocrx_word' id='word_1_1028' title='bbox 2015 3834 2046 3865; x_wconf 88' lang='lat' dir='ltr'>in</span> <span class='ocrx_word' id='word_1_1029' title='bbox 2059 3833 2174 3866; x_wconf 59' lang='lat' dir='ltr'>anima</span> <span class='ocrx_word' id='word_1_1030' title='bbox 2191 3833 2243 3880; x_wconf 79' lang='lat' dir='ltr'>ip-</span> 
     </span>
    </p>

    <p class='ocr_par' dir='ltr' id='par_1_25' title="bbox 1501 3882 2195 3918">
     <span class='ocr_line' id='line_1_152' title="bbox 1501 3882 2195 3918; baseline 0 -1"><span class='ocrx_word' id='word_1_1031' title='bbox 1501 3883 1537 3918; x_wconf 88' lang='lat' dir='ltr'><strong>O</strong></span> <span class='ocrx_word' id='word_1_1032' title='bbox 1563 3894 1586 3916; x_wconf 95' lang='lat' dir='ltr'>o</span> <span class='ocrx_word' id='word_1_1033' title='bbox 1616 3893 1635 3917; x_wconf 86' lang='lat'><strong>2</strong></span> <span class='ocrx_word' id='word_1_1034' title='bbox 2126 3882 2195 3917; x_wconf 76' lang='lat' dir='ltr'>sius</span> 
     </span>
    </p>
   </div>
   <div class='ocr_carea' id='block_1_16' title="bbox 2271 2694 2476 2888">
    <p class='ocr_par' dir='ltr' id='par_1_26' title="bbox 2271 2694 2476 2888">
     <span class='ocr_line' id='line_1_153' title="bbox 2271 2694 2476 2739; baseline 0.024 -12"><span class='ocrx_word' id='word_1_1035' title='bbox 2271 2694 2315 2727; x_wconf 78' lang='lat' dir='ltr'>Ex</span> <span class='ocrx_word' id='word_1_1036' title='bbox 2352 2699 2476 2739; x_wconf 77' lang='lat' dir='ltr'>Reporr.</span> 
     </span>
     <span class='ocr_line' id='line_1_154' title="bbox 2273 2740 2473 2779; baseline 0 -12"><span class='ocrx_word' id='word_1_1037' title='bbox 2273 2740 2297 2770; x_wconf 64' lang='grc' dir='ltr'>ᾔ·</span> <span class='ocrx_word' id='word_1_1038' title='bbox 2313 2740 2355 2767; x_wconf 89' lang='lat' dir='ltr'>De</span> <span class='ocrx_word' id='word_1_1039' title='bbox 2370 2743 2473 2779; x_wconf 76' lang='lat' dir='ltr'>tertio,</span> 
     </span>
     <span class='ocr_line' id='line_1_155' title="bbox 2273 2777 2472 2811; baseline 0 -3"><span class='ocrx_word' id='word_1_1040' title='bbox 2273 2777 2298 2804; x_wconf 69' lang='grc' dir='ltr'>ὃ(</span> <span class='ocrx_word' id='word_1_1041' title='bbox 2313 2781 2472 2811; x_wconf 55' lang='lat' dir='ltr'>§.Contra-,2</span> 
     </span>
     <span class='ocr_line' id='line_1_156' title="bbox 2271 2822 2474 2850; baseline 0.01 -5"><span class='ocrx_word' id='word_1_1042' title='bbox 2271 2822 2366 2847; x_wconf 73' lang='lat' dir='ltr'>tamen</span> <span class='ocrx_word' id='word_1_1043' title='bbox 2398 2827 2414 2847; x_wconf 75' lang='lat' dir='ltr'>n</span> <span class='ocrx_word' id='word_1_1044' title='bbox 2444 2830 2474 2850; x_wconf 70' lang='lat' dir='ltr'>a.</span> 
     </span>
     <span class='ocr_line' id='line_1_157' title="bbox 2274 2865 2323 2888; baseline 0.02 -3"><span class='ocrx_word' id='word_1_1045' title='bbox 2274 2865 2323 2888; x_wconf 72' lang='lat'>20·</span> 
     </span>
    </p>
   </div>
   <div class='ocr_carea' id='block_1_17' title="bbox 2270 3251 2473 3473">
    <p class='ocr_par' dir='ltr' id='par_1_27' title="bbox 2270 3251 2473 3473">
     <span class='ocr_line' id='line_1_158' title="bbox 2329 3251 2471 3281; baseline 0.014 -2"><span class='ocrx_word' id='word_1_1046' title='bbox 2329 3251 2471 3281; x_wconf 60' lang='lat' dir='ltr'>videndus</span> 
     </span>
     <span class='ocr_line' id='line_1_159' title="bbox 2274 3289 2472 3318; baseline 0.015 -3"><span class='ocrx_word' id='word_1_1047' title='bbox 2274 3289 2353 3316; x_wconf 68' lang='lat' dir='ltr'>Mast-</span> <span class='ocrx_word' id='word_1_1048' title='bbox 2381 3292 2472 3318; x_wconf 74' lang='lat' dir='ltr'>Scoti-</span> 
     </span>
     <span class='ocr_line' id='line_1_160' title="bbox 2273 3326 2473 3366; baseline 0.01 -12"><span class='ocrx_word' id='word_1_1049' title='bbox 2273 3326 2309 3354; x_wconf 73' lang='lat' dir='ltr'>ssa</span> <span class='ocrx_word' id='word_1_1050' title='bbox 2321 3327 2409 3366; x_wconf 53' lang='lat' dir='ltr'>dtspq,</span> <span class='ocrx_word' id='word_1_1051' title='bbox 2434 3334 2473 3362; x_wconf 72' lang='lat' dir='ltr'>(u.</span> 
     </span>
     <span class='ocr_line' id='line_1_161' title="bbox 2270 3373 2469 3404; baseline 0.01 -12"><span class='ocrx_word' id='word_1_1052' title='bbox 2270 3373 2330 3402; x_wconf 72' lang='lat' dir='ltr'>per.</span> <span class='ocrx_word' id='word_1_1053' title='bbox 2353 3376 2377 3393; x_wconf 78' lang='grc' dir='ltr'>ι.</span> <span class='ocrx_word' id='word_1_1054' title='bbox 2396 3373 2469 3404; x_wconf 80' lang='lat' dir='ltr'>sent.</span> 
     </span>
     <span class='ocr_line' id='line_1_162' title="bbox 2272 3415 2471 3444; baseline 0 -12"><span class='ocrx_word' id='word_1_1055' title='bbox 2272 3418 2298 3443; x_wconf 86' lang='lat' dir='ltr'>q.</span> <span class='ocrx_word' id='word_1_1056' title='bbox 2315 3417 2341 3437; x_wconf 80' lang='grc' dir='ltr'>ς.</span> <span class='ocrx_word' id='word_1_1057' title='bbox 2353 3416 2404 3444; x_wconf 79' lang='lat' dir='ltr'>per</span> <span class='ocrx_word' id='word_1_1058' title='bbox 2430 3415 2471 3433; x_wconf 79' lang='lat' dir='ltr'>to-</span> 
     </span>
     <span class='ocr_line' id='line_1_163' title="bbox 2276 3454 2361 3473; baseline -0.024 0"><span class='ocrx_word' id='word_1_1059' title='bbox 2276 3454 2335 3473; x_wconf 74' lang='lat' dir='ltr'>tam</span> <span class='ocrx_word' id='word_1_1060' title='bbox 2352 3463 2361 3472; x_wconf 87' lang='lat'><strong>.</strong></span> 
     </span>
    </p>
   </div>
   <div class='ocr_carea' id='block_1_18' title="bbox 2312 3689 2473 3722">
    <p class='ocr_par' dir='ltr' id='par_1_28' title="bbox 2312 3689 2473 3722">
     <span class='ocr_line' id='line_1_164' title="bbox 2312 3689 2473 3722; baseline 0.019 -4"><span class='ocrx_word' id='word_1_1061' title='bbox 2312 3689 2415 3722; x_wconf 68' lang='lat' dir='ltr'>a.dist.</span> <span class='ocrx_word' id='word_1_1062' title='bbox 2428 3699 2473 3722; x_wconf 70' lang='grc' dir='ltr'>ις-</span> 
     </span>
    </p>
   </div>
  </div>
 </body>
</html>
