2663 4083
216 319 279 370 (θ)

470 212 537 266 36
1007 198 1189 246 Summe
1222 194 1411 265 Jcannisg
1439 196 1568 244 Dum
1595 194 1715 244 Scott'

394 268 479 315 ἤιε,
503 275 538 305 in·
555 261 697 304 Enchir.
712 278 789 315 cap.
801 263 863 303 86.
878 265 1008 314 vel73a
1020 269 1182 314 „eAnima
1192 266 1330 308 nostra,

395 315 513 368 inquit
530 348 538 360 ‚
561 319 654 365 ficut
669 319 776 367 hehet
786 314 874 363 nolle
888 317 1135 364 infelicitatem
1148 336 1160 359 ,-
1186 320 1240 351 ita
1256 316 1329 352 not-

395 362 667 418 Ieiniqtaeitapetsx
679 367 825 416 semper
845 368 1017 403 habitura
1044 368 1099 403 ef?
1125 393 1135 402 .
1161 364 1216 404 De
1238 366 1333 402 facio

396 428 517 456 autem
537 420 701 455 itahabet
729 420 822 463 nolle
848 418 1113 466 infelicitatem,
1136 417 1234 462 quod
1260 428 1333 452 non

396 472 511 519 potest
527 478 603 506 eam
620 468 730 506 velle}
746 468 839 504 unde
852 468 935 502 dicit
948 468 1083 504 ibidem
1101 494 1110 503 .
1137 463 1267 516 Miseri
1284 465 1335 511 ef-

386 522 431 570 se
461 533 526 557 non
541 518 660 565 solum
683 518 861 561 nolumus,
877 517 949 565 sed
964 525 1183 567 nequaquam
1211 517 1336 553 velle...

390 566 585 621 possmus.
661 612 663 615 .
777 614 795 617 -
980 610 998 615 t.
1042 614 1045 617 ,
1200 612 1204 615 .
1240 614 1243 615 f

497 620 711 670 'Respondeo
739 646 749 659 ‚
771 621 920 669 Beatum
946 617 1012 655 esse
1037 619 1336 665 impeccabilem..

398 675 470 717 qua
487 675 567 708 talis
587 699 596 712 ‚
628 669 738 711 idest,
759 671 907 716 nequire
923 664 1018 704 simul
1044 670 1110 705 esse
1135 672 1276 704 beatum
1299 667 1335 701 8<

399 734 572 769 peccare,
596 726 732 755 certum
757 720 804 755 est
822 745 831 754 .
851 718 921 755 Sed
950 720 984 753 in
1011 717 1110 754 sensu
1137 719 1337 758 divisionis,

399 771 859 818 quoexcluditurpotentia
882 769 924 803 ad
948 770 1191 815 peccandum,
1237 767 1339 817 osse-2

400 823 594 870 dupliciter·
610 820 779 863 intelligi}
798 825 922 864 nempe
941 820 994 854 vel
1009 831 1069 864 per
1086 820 1194 863 aliqui
1237 820 1268 854 ei
1291 818 1341 852 in.

400 866 619 912 trinsecum,
647 870 780 915 velper
793 868 930 904 causam
956 869 1187 904 extrinsecam
1215 868 1340 903 exclu-

401 917 543 959 dentem
558 920 795 969 propinquam
811 919 981 965 peccandi
999 918 1204 962 potestatem
1218 920 1261 953 ab
1280 919 1340 953 eis.

402 968 615 1020 Exemplum
639 983 648 1005 z
673 971 814 1005 Oculus
841 971 929 1004 bene
956 968 1143 1016 dispositus
1173 966 1346 1016 praeditus

400 1019 450 1062 est
467 1023 628 1069 potentia
656 1019 797 1054 videndi
823 1017 1068 1066 quodcunque
1089 1026 1253 1068 corpus-3
1280 1029 1342 1067 per

401 1067 541 1110 'causam
565 1074 683 1108 tamen
705 1070 936 1117 extrinsecam
962 1071 1107 1105 evenire
1133 1069 1248 1118 potest
1266 1095 1276 1111 ‚
1301 1078 1342 1116 ut

402 1131 586 1169 nunquam
601 1121 782 1166 perveniat
799 1120 842 1155 ad
868 1119 1062 1155 videndum
1090 1120 1236 1166 aliquod
1261 1118 1344 1153 visi-

402 1169 474 1209 blle
493 1201 502 1216 ‚
523 1171 623 1208 causa
636 1171 807 1206 efficiente
822 1180 995 1218 perpetuo
1008 1181 1140 1215 corpus
1159 1172 1204 1204 ab
1233 1169 1343 1204 oculo

403 1224 634 1259 immoderate
665 1219 819 1262 distare}
846 1231 955 1266 atque
986 1221 1033 1254 ita
1062 1220 1156 1255 salva
1180 1219 1342 1266 porentia

403 1268 548 1309 videndi
564 1278 695 1316 remota
709 1295 720 1312 ‚
746 1272 948 1318 propinqua
964 1270 1030 1305 erit
1049 1270 1182 1317 semper
1196 1268 1344 1316 impedi·

404 1330 441 1360 'ta
457 1316 500 1358 ad
517 1321 734 1358 videndum·-
753 1318 786 1356 8<
802 1321 866 1355 liae
879 1322 1013 1356 ratione
1040 1317 1195 1355 damnati
1218 1331 1345 1367 perpe·

404 1380 471 1411 tuo
495 1374 731 1420 impedientur
755 1381 897 1407 cernere
927 1371 1054 1405 coelum
1085 1381 1344 1417 empyreum-³,

403 1424 525 1471 quod,
548 1423 568 1458 fi
586 1421 877 1469 permitterentur
904 1422 1220 1467 appropinquare,
1243 1419 1344 1455 vide-

406 1485 508 1514 rent,
535 1483 573 1507 ut
588 1478 698 1506 unum
713 1482 757 1504 ex
773 1470 988 1506 visibilibus.
1118 1513 1121 1516 Ι
1262 1513 1279 1517 ⁷,
1310 1474 1314 1478 ’

504 1518 583 1558 Hac
599 1519 768 1569 praemissa
783 1519 1008 1556 distinetione
1021 1540 1034 1565 5
1052 1519 1206 1555 dicimus
1221 1546 1231 1560 ‚
1259 1519 1345 1555 Bea-

403 1577 459 1609 tos
477 1567 543 1608 esse
559 1571 805 1618 impeccabiles
820 1596 831 1612 ‚
855 1583 924 1605 non
938 1577 1000 1617 per
1017 1571 1153 1616 aliquid
1176 1571 1345 1606 volunta.

404 1625 431 1659 ti
451 1620 678 1658 intrinsecum
693 1647 703 1661 ‚
718 1632 793 1667 quo
805 1619 1020 1655 excludatur
1037 1620 1192 1665 potentia
1205 1621 1247 1654 ad
1263 1631 1345 1667 pecs

403 1668 556 1709 candum
574 1692 586 1713 9
608 1681 672 1717 pro
690 1671 820 1715 aliasin
837 1668 935 1703 sensu
961 1666 1171 1709 divisionis;
1198 1680 1267 1703 non
1295 1668 1343 1704 est

401 1726 549 1768 inquam
580 1740 592 1761 ,-
622 1718 725 1752 causa
747 1720 818 1753 ulla
844 1717 1034 1752 intrinseca
1057 1711 1251 1763 prohibens
1280 1730 1343 1764 po-

403 1772 549 1809 tentiam
563 1770 663 1804 istam
681 1769 831 1803 omnino
849 1765 969 1802 reduci
984 1767 1027 1801 ad
1043 1768 1160 1803 aetum
1175 1795 1186 1810 ,
1210 1765 1266 1803 sed
1279 1779 1342 1813 per

402 1821 543 1859 causam
558 1817 793 1854 extrinsecam
810 1817 1003 1861 impeditur
1017 1817 1256 1862 potentia‚illa
1270 1815 1346 1849 exi*

402 1886 438 1910 re
452 1874 487 1908 in
503 1870 620 1905 aetum
637 1863 832 1913 peccandi.
852 1868 897 1901 Ea
914 1875 1029 1899 autem
1043 1864 1090 1899 est
1120 1864 1188 1901 Dei
1214 1866 1344 1900 volun-

402 1931 460 1958 tas
476 1912 692 1968 praeveniens
709 1916 932 1950 voluntatem
950 1915 1136 1950 beatorum
1155 1943 1163 1956 ,
1194 1925 1232 1950 ut
1256 1915 1344 1950 sem·

402 1985 465 2021 per
477 1970 660 2005 continuet
676 1966 793 2001 aetum
808 1963 963 2008 fruendi5
977 1976 1084 2010 atque
1101 1966 1147 1999 ita
1161 1972 1343 2010 nunquam

403 2022 524 2057 valeat
551 2017 647 2052 suam
675 2023 843 2051 remotam
868 2017 1063 2062 potentiam
1090 2015 1259 2062 peccandi
1287 2016 1343 2051 vel

405 2079 476 2110 r'ion
491 2063 814 2110 fruendireducere
831 2065 872 2099 ad
897 2064 1014 2100 a6h¹m
1032 2093 1039 2101 .
1061 2065 1242 2110 Siquidem
1267 2062 1346 2111 fieri

405 2130 476 2159 'non
493 2116 604 2166 potest
624 2144 634 2158 ‚
659 2124 695 2151 ut
709 2113 812 2150 causa
827 2113 976 2151 secunda
996 2128 1177 2161 praeventa
1192 2129 1209 2151 a
1241 2114 1346 2151 causa

405 2169 581 2220 superiori
603 2176 728 2211 agente
759 2164 800 2199 ad
825 2176 936 2199 unum
977 2166 1180 2212 oppositum
1199 2192 1210 2208 ,
1241 2176 1346 2214 exeat

403 2219 563 2269 'potentia
583 2216 781 2262 propinqua
808 2216 843 2250 in
863 2215 958 2250 aliud
982 2217 1184 2263 oppositum
1209 2244 1216 2252 .
1248 2216 1349 2252 Beati

404 2273 518 2316 igitur
535 2269 572 2302 in
585 2262 681 2302 sensu
696 2265 881 2301 divisionis
895 2265 1027 2314 possent
1050 2277 1152 2312 pecca
1162 2277 1196 2302 re
1222 2272 1350 2311 poten-

404 2324 454 2357 tia
478 2325 639 2358 remota,
667 2314 701 2350 8<
719 2313 829 2351 stante
853 2328 892 2350 ea
920 2341 930 2356 ‚
955 2326 1025 2361 qua
1043 2317 1150 2362 pollet
1178 2316 1349 2352 voluntas

406 2381 534 2408 eorum
551 2366 699 2403 naturali
716 2367 928 2412 propriaque
943 2365 1105 2402 libertate
1122 2365 1215 2408 3Sed
1231 2378 1350 2402 tamen

408 2428 589 2465 nunquam
607 2416 680 2451 haec'
696 2418 849 2461 potentia
866 2417 1055 2452 reducetur
1068 2417 1111 2452 ad
1127 2417 1347 2457 a&um,cau.

407 2469 442 2507 sa
462 2466 656 2505 extrinseca
672 2464 804 2512 semper
821 2466 1077 2513 determinante
1090 2466 1132 2502 ad
1144 2466 1350 2515 oppositum

410 2519 548 2570 peccati
567 2543 576 2558 ‚
604 2522 644 2551 ut
656 2515 791 2551 dmum
810 2515 859 2551 est
877 2541 886 2551 .
1252 2559 1260 2563 q
1327 2562 1330 2565 ι

510 2565 634 2612 Atque
651 2565 721 2600 hue
737 2565 822 2601 facit
849 2568 949 2613 prior
973 2565 1167 2613 Augustini
1196 2566 1351 2604 auetori-

411 2625 496 2659 tas-3
524 2621 602 2652 vult
623 2618 741 2659 enim»,
769 2617 893 2652 beatos
913 2628 1060 2665 peccare
1073 2629 1142 2653 non
1169 2617 1264 2665 posse
1288 2630 1351 2664 po-

411 2669 524 2706 tentia
540 2666 741 2715 propinqua
758 2686 771 2709 -‚
789 2667 940 2706 attribui
965 2679 1034 2702 non
1059 2668 1190 2704 debere
1214 2680 1353 2704 naturae

413 2719 568 2766 ipsorum
587 2744 595 2758 ‚
626 2715 680 2751 sed
698 2716 818 2762 gratioe
838 2715 925 2761 Dei,
949 2720 1106 2763 gratuite
1132 2717 1355 2764 praevenien-

414 2773 458 2807 tis
475 2795 486 2812 ‚
512 2768 544 2803 8<
565 2765 806 2803 conservantis
841 2771 1045 2804 voluntates
1074 2769 1257 2804 beatorum
1290 2766 1355 2806 in...

415 2821 496 2858 afku
509 2817 693 2854 refiliffimo
709 2845 719 2860 ,
747 2818 861 2863 qualis
876 2818 923 2854 est
938 2819 1061 2855 fruitio
1076 2819 1203 2854 summi
1223 2821 1328 2856 boni.

426 2915 429 2917 Β
517 2869 574 2906 Ad
591 2869 695 2903 aliam
709 2865 957 2905 ati-§toritatem
973 2889 984 2911 5
1010 2873 1095 2917 Non
1110 2870 1197 2904 dicit
1226 2869 1356 2916 Augu·

415 2922 528 2959 ssinus
544 2945 554 2960 ‚
578 2914 675 2963 quod
691 2918 777 2953 sicut
796 2930 890 2954 nunc
905 2919 1019 2954 anima
1031 2919 1139 2955 habet
1164 2919 1355 2955 necessario

416 2973 510 3008 'nolle
528 2969 769 3004 infelicitatem
787 2987 800 3014 5
823 2971 869 3004 ita
892 2978 979 3005 tunc
1011 2967 1205 3007 necessario
1230 2971 1355 3006 nolle-2

413 3023 639 3068 iniquitatem
654 3019 820 3055 habitura
848 3019 887 3055 stt
906 3045 916 3062 ,
958 3019 1159 3066 (neutrum
1183 3020 1276 3055 enim
1307 3020 1355 3056 eil:

454 3125 495 3156 (a)
534 3115 727 3148 Controversia
739 3114 796 3149 'haec
818 3120 852 3149 ‹le
875 3118 1109 3157 impeccabilitate
1131 3119 1282 3147 Beatorum
1305 3126 1357 3148 nos

415 3161 485 3188 inter
499 3158 523 3184 St
537 3157 696 3185 Themillae
708 3177 718 3191 ,
741 3161 767 3187 &
782 3160 952 3187 Neotoricos
965 3176 974 3190 ‚
998 3158 1085 3186 modo
1100 3166 1164 3185 vera
1177 3156 1205 3184 sit
1219 3157 1355 3195 expositio

370 3229 373 3233 ¹
415 3197 540 3231 cajetani
558 3195 599 3224 bic
613 3196 768 3229 asserentis,
795 3197 982 3225 necessitatem
992 3196 1026 3224 de
1038 3202 1091 3234 qua
1105 3196 1228 3231 loquitur
1240 3196 1266 3223 S.
1278 3194 1355 3224 Tho-

416 3243 496 3266 mas,
518 3243 572 3261 non
587 3234 700 3262 officere
723 3236 876 3264 voluntatis
905 3235 1047 3268 libertati,
1070 3236 1114 3262 vix
1138 3233 1218 3262 habet
1239 3233 1332 3261 locum
1347 3253 1357 3262 .

416 3274 490 3310 Nam
505 3273 531 3299 δι
548 3274 653 3301 Οοὲὶοπ
667 3273 767 3302 fatetur
779 3295 786 3307 ‚
807 3278 902 3302 beatos
917 3272 951 3301 de
963 3272 1037 3301 fufio
1050 3271 1206 3312 suspendere
1220 3279 1274 3299 non
1285 3271 1358 3310 posse

417 3312 579 3341 fruitionem
590 3325 600 3343 ·‚
620 3310 664 3338 sed
688 3312 833 3340 necessario
857 3312 908 3340 frui
922 3313 985 3340 Deo
999 3320 1054 3339 uno
1066 3313 1092 3339 3<
1106 3311 1196 3340 Trino
1209 3330 1217 3338 .
1232 3312 1275 3339 Sic
1288 3309 1317 3338 In
1334 3321 1358 3343 ι.

418 3351 448 3377 d.
467 3363 487 3376 κ.
502 3360 526 3385 q·
545 3356 558 3377 ι
582 3350 641 3376 Nec
655 3357 762 3378 tantum
782 3352 805 3379 id
821 3351 899 3379 sentit
911 3349 945 3377 de
959 3349 1045 3378 beatis
1059 3351 1084 3378 in
1093 3349 1166 3378 sensu
1189 3348 1358 3385 composito,

418 3387 462 3417 sed
476 3390 501 3415 ὅ(
518 3387 544 3414 in
561 3386 634 3414 sensu
648 3386 754 3422 diviso,
778 3391 844 3417 dicit
858 3386 1012 3416 neceffitari
1027 3395 1059 3416 :td
1074 3387 1230 3426 ponendam
1244 3386 1357 3416 fruitio-

420 3436 483 3454 nem
498 3438 505 3458 :—
528 3427 590 3460 quia
601 3434 634 3452 ex
649 3425 700 3453 Dei
713 3426 816 3455 influxu
830 3426 1049 3455 determinantur
1064 3425 1097 3455 ad
1110 3425 1178 3454 hanc
1191 3433 1308 3462 partem,
1321 3429 1358 3455 ita

419 3473 448 3491 ut
472 3462 632 3500 impossibile
645 3462 674 3491 sit
687 3483 695 3495 ,
721 3473 769 3492 eos
781 3467 854 3494 exite
869 3467 892 3493 in
905 3464 1060 3502 oppositum
1076 3465 1213 3494 fruitionis
1226 3470 1357 3495 contrL,

420 3499 684 3530 determinationem
698 3502 781 3531 causa:
797 3501 941 3539 superioris
955 3522 962 3530 .
976 3504 1002 3532 Si
1015 3503 1078 3531 ltine
1091 3502 1247 3540 accipianda
1264 3501 1293 3530 lit
1310 3511 1358 3531 ne·

421 3539 527 3568 cessitat
543 3556 552 3571 ,
573 3539 607 3566 de
620 3548 672 3574 qua
687 3539 810 3576 loquitur
821 3543 847 3570 S.
859 3542 988 3571 Thomas
1000 3560 1009 3575 ‚
1023 3543 1098 3570 nulla
1110 3541 1146 3570 est
1158 3540 1359 3578 controversia,

422 3578 465 3606 sed
481 3577 575 3604 cadem
590 3577 728 3615 utriusque
742 3579 873 3607 sententia
887 3599 895 3607 .
916 3580 967 3608 Sed
981 3580 1015 3608 de
1030 3581 1069 3608 his
1091 3581 1178 3617 tnagis
1203 3580 1272 3607 infra
1285 3589 1357 3612 qus-

419 3615 501 3649 stione
517 3624 544 3643 to
566 3623 622 3641 nrt.
636 3616 721 3652 primo
732 3636 739 3643 .
753 3618 859 3645 Obiicit
872 3616 913 3646 hic
927 3619 1035 3646 Doftor
1050 3626 1242 3655 argumentum
1255 3617 1358 3647 diffici-

420 3654 446 3680 le
462 3661 543 3685 :quta
557 3661 611 3679 non
627 3654 714 3681 mines
729 3654 801 3683 tollit
812 3656 1027 3684 indefferentiam
1053 3657 1205 3685 voluntatis
1227 3656 1358 3687 determi,

423 3691 502 3719 natio
513 3692 568 3723 cius
581 3692 680 3718 att-tusa
696 3693 847 3730 superiori,
870 3703 952 3729 quam
977 3705 990 3722 a
1001 3696 1079 3724 causa
1104 3695 1226 3724 infcriori
1250 3701 1260 3732 (
1286 3704 1316 3724 tit
1327 3708 1357 3732 q.

422 3729 478 3765 seq.
491 3736 542 3755 art·
556 3738 584 3769 4·
602 3731 611 3758 'a
625 3738 690 3767 ergo
707 3731 723 3758 fi
736 3733 841 3760 ratione
852 3733 1016 3762 causalitatis
1030 3733 1126 3763 suaeesl
1148 3735 1359 3764 indeterminata

422 3767 456 3795 ad
471 3775 685 3803 operationem,
711 3771 746 3797 ita
772 3779 903 3807 repugnat
928 3772 973 3799 fibi
996 3772 1198 3801 determinatis
1218 3774 1296 3801 causa
1315 3773 1358 3803 su-

423 3805 546 3844 periori,
572 3803 635 3832 sicut
649 3805 682 3832 ab
708 3807 826 3835 inferiori
840 3803 857 3836 “.
882 3810 983 3838 Videfis
1005 3820 1138 3840 textuum
1159 3820 1186 3841 n.
1200 3819 1243 3847 13·
1264 3813 1307 3843 sed
1331 3814 1358 3842 Sc

424 3843 559 3872 stholium
570 3842 678 3874 cavelli
693 3861 704 3880 ,
729 3846 754 3875 δι
764 3847 918 3877 Comment-
930 3848 1039 3887 Hiquaei
1052 3862 1061 3879 -.

1409 275 1533 300 verum
1549 263 1732 314 loquendo
1752 262 1795 299 de
1817 259 1906 299 nulle
1927 270 1969 297 ut
1992 258 2042 297 est
2063 259 2161 297 astus
2177 259 2344 308 elicitus)

1409 312 1467 351 sed
1484 314 1571 351 ficut
1584 329 1676 352 nunc
1690 314 1797 350 habet
1813 322 1987 360 perpetuo
1999 312 2088 347 nolle
2119 311 2349 347 habitualiter

1410 365 1659 403 infelicitatem
1677 393 1688 408 ‚
1711 365 1759 401 ita
1775 375 1864 401 tunc
1875 362 2044 398 habitura
2056 362 2104 398 est
2117 360 2348 398 habitualitet

1409 416 1507 451 nolle
1520 418 1745 463 iniquitatem
1760 438 1771 451 .

1512 467 1554 503 Et
1573 476 1653 503 cum
1669 466 1813 511 arguis,
1840 463 1887 499 stc
1913 463 2021 498 habet
2047 475 2142 499 nunc
2169 462 2258 499 nolle
2273 488 2282 503 ‚
2304 471 2348 497 ut

1409 514 1502 552 velle
1515 516 1644 553 habere
1657 528 1727 551 non
1741 514 1841 563 possit
1858 538 1867 548 .
1899 513 1992 548 Dico
2008 538 2020 554 ,
2045 525 2230 559 propterea
2257 512 2350 548 velle

1410 573 1481 602 non
1509 567 1621 616 potest
1649 566 1891 601 infelicitatem
1914 589 1924 605 ‚
1953 575 2022 597 non
2047 565 2130 609 quia
2156 563 2350 599 necessario

1409 615 1516 654 habet
1535 616 1627 654 nolle
1653 629 1727 652 eam
1746 641 1756 656 ,
1779 614 1835 649 sed
1860 614 1946 660 quia
1972 613 2164 648 infelicitas
2190 613 2256 649 effe
2287 624 2351 647 ne·

1409 677 1517 714 queat
1531 664 1714 714 objtftum
1733 665 1832 700 εξὶυε
1862 662 2002 697 volendi
2031 675 2041 697 :
2074 662 2126 698 Ex
2150 663 2218 698 alia
2247 673 2350 710 parte

1410 728 1481 753 non
1498 718 1657 763 sequitur
1670 716 1791 751 eadem
1810 713 1945 748 ratione
1959 713 2051 747 velle
2065 724 2146 747 non·
2161 713 2258 756 posse
2285 714 2351 747 ini·

1409 770 1585 812 quitatem
1604 780 1616 807 3
1644 766 1725 810 quia
1742 764 1911 809 iniquitas
1924 788 1933 802 ,
1956 760 2141 808 loquendo
2156 762 2199 797 de
2211 762 2352 810 peccati

1410 817 1587 854 substrato
1601 842 1611 858 ,
1627 816 1694 851 effe
1709 814 1821 863 potest
1838 807 2025 858 objeaum
2043 813 2241 847 voluntatis
2252 824 2352 848 crea·

1411 879 1453 904 tae
1469 895 1477 904 .
1497 869 1564 904 Vel
1580 866 1696 914 potest
1725 866 1794 899 dici
1822 859 2006 902 breviter}
2034 862 2353 909 Quemadmodum

1412 928 1594 963 nunquam
1610 927 1704 952 nunc
1731 915 1810 950 vult
1841 913 2085 948 infelicitatem
2101 934 2113 953 ,-
2134 910 2192 947 sed
2215 911 2351 959 sempe-t

1411 968 1519 1004 habet
1532 967 1620 1003 nolle
1634 966 1866 1001 habitualiter
1879 990 1889 1004 ‚
1915 965 1961 997 ita
1973 972 2061 998 tunc
2076 970 2262 1007 nunquam
2283 974 2350 997 vo·

1410 1021 1457 1055 let
1472 1045 1483 1060 ,
1505 1027 1614 1063 atque
1628 1018 1673 1051 ita
1688 1016 1735 1052 est
1750 1015 1858 1051 simile
1874 1012 2054 1049 hincinde
2065 1014 2108 1048 de
2121 1014 2214 1049 fafto
2240 1038 2250 1049 .

1510 1069 1553 1103 Et
1568 1067 1589 1102 fi
1608 1075 1736 1113 arguas
1750 1087 1763 1112 9
1791 1077 1885 1100 nunc
1901 1075 1971 1099 non
1984 1063 2096 1111 potest
2121 1066 2209 1100 velle
2238 1061 2352 1099 infeli-

1410 1113 1555 1154 citatem
1572 1125 1583 1157 }
1611 1118 1705 1162 Ergo
1717 1124 1805 1152 tunc
1819 1127 1888 1150 non
1905 1115 2038 1161 poterit
2064 1115 2156 1150 velle
2184 1115 2352 1160 iniquita·

1409 1179 1480 1203 tem
1498 1194 1507 1203 .
1535 1165 1806 1213 Consequentia
1833 1163 1882 1201 est
1908 1164 2030 1207 nulla,
2055 1165 2140 1209 quia
2169 1165 2256 1201 bene
2283 1163 2351 1199 effe

1409 1217 1525 1264 potest
1543 1216 1738 1253 similitudo
1753 1223 1928 1263 quantum
1942 1214 1985 1250 ad
1997 1226 2063 1251 non
2077 1213 2143 1264 effie
2154 1214 2350 1257 hincinde,

1410 1269 1491 1304 licet
1508 1280 1578 1304 non
1591 1278 1764 1312 quantum
1779 1267 1822 1302 ad
1833 1265 1945 1314 poffe..

1510 1317 1571 1353 Ad
1587 1329 1795 1365 argumenta
1811 1343 1820 1357 ,
1834 1316 1892 1354 Ad
1909 1316 2062 1364 primum
2076 1312 2352 1352 concefl‘oame·

1409 1368 1547 1405 cedenti
1562 1371 1632 1413 (eo
1643 1370 1738 1403 enim
1753 1367 1868 1403 medio
1881 1369 2054 1414 probatur
2068 1369 2222 1413 primurn
2241 1377 2353 1401 mem·

1409 1422 1514 1456 brum
1532 1416 1749 1468 solutionis>
1766 1418 1928 1463 neganda
1945 1418 1993 1454 est
2008 1416 2291 1463 consequentia:
2314 1416 2350 1451 8<

1408 1478 1489 1506 curn
1520 1471 1722 1516 probatur;
1747 1470 1830 1514 quia
1859 1480 1920 1514 per
1944 1467 2224 1512 assequutionem
2246 1463 2353 1507 finis,

1408 1517 1538 1556 cessant
1554 1528 1633 1566 quae
1645 1519 1687 1554 ad
1702 1515 1813 1564 ipsum
1832 1515 1937 1553 finem
1951 1518 2213 1554 ordinabantur
2227 1543 2235 1551 .
2263 1515 2352 1551 Res-

1406 1570 1549 1619 pondeo
1568 1595 1578 1610 ,
1609 1564 1770 1604 Porentia
1793 1570 1980 1612 operativa
2009 1578 2080 1600 non
2106 1566 2292 1610 quietatur
2318 1567 2353 1599 in

1406 1619 1579 1664 obje&o‚
1605 1617 1666 1651 seu
1696 1624 1765 1649 non
1795 1615 1993 1658 assequitur
2017 1614 2185 1647 ultimum
2220 1613 2327 1647 finem
2345 1639 2356 1654 ,

1406 1671 1444 1705 in
1464 1680 1539 1714 quo
1557 1667 1718 1702 ultimate
1732 1660 1961 1710 conquiescat
1975 1689 1986 1704 ‚
2013 1663 2073 1698 nist
2092 1675 2153 1709 per
2175 1663 2358 1711 operatio-

1409 1730 1488 1755 nem
1524 1715 1741 1763 perfefilmrn,
1762 1722 1841 1759 quze
1867 1711 1916 1746 est
1939 1708 2089 1752 fruitio,
2116 1712 2186 1747 sive
2212 1710 2358 1755 dileeiio

1406 1762 1542 1810 objee'ti
1562 1791 1572 1806 ,
1602 1764 1865 1810 amatipropter
1891 1759 1924 1795 se
1947 1790 1956 1798 .
1983 1759 2159 1810 Qandiu
2186 1763 2356 1799 tendebat

1409 1812 1558 1850 inillum
1592 1823 1663 1848 non
1689 1820 1761 1848 erat
1788 1810 1943 1859 perse-fta
1967 1814 2159 1857 operatio,
2185 1815 2270 1856 quia
2293 1827 2356 1860 pet

1409 1863 1517 1909 ipsam
1531 1872 1603 1899 non
1618 1858 1810 1898 uniebatur
1824 1859 2019 1909 tendensin
2044 1861 2149 1898 finem
2164 1889 2175 1904 ‚
2198 1862 2259 1910 ipsi
2287 1866 2358 1900 ob.

1406 1908 1503 1962 je&o
1514 1915 1613 1949 omni
1631 1914 1737 1948 modo
1753 1912 1902 1961 possibili
1916 1937 1924 1946 .
1941 1912 2102 1947 Tantum
2135 1924 2224 1957 ergo
2246 1912 2356 1957 abest,

1409 1977 1449 2001 nt
1473 1965 1544 2000 haec
1573 1965 1735 2012 operatio
1760 1964 1885 1998 uniens
1910 1962 2122 1998 nobiliffimo
2158 1962 2358 2010 perfeelivo

1410 2014 1612 2053 extrinseco
1626 2042 1636 2056 ,
1653 2014 1781 2049 cessare
1795 2009 1920 2049 debeat
1935 2013 1968 2046 in
1984 2013 2081 2048 illius
2099 2013 2358 2060 consequutio-

1411 2074 1480 2109 ne,
1510 2065 1583 2101 imo
1596 2071 1764 2100 aeternum
1782 2060 1885 2099 stabit
1909 2088 1919 2098 .
1946 2061 2155 2099 Similitudo
2180 2076 2269 2109 ergo
2295 2065 2359 2100 de·

1412 2117 1551 2163 sumpta
1567 2127 1612 2151 ex
1642 2115 1796 2151 termino
1824 2124 1945 2149 motus
1970 2113 2079 2155 fallit,
2107 2126 2188 2149 cum
2212 2126 2358 2162 aptatur

1411 2166 1684 2212 'operationibus
1699 2191 1708 2205 ,
1731 2165 1791 2200 nisi
1816 2164 2000 2200 deseratur
2029 2165 2205 2211 quicquid
2227 2166 2360 2213 imper·

1415 2214 1648 2264 feffionisest
1665 2217 1699 2251 in
1724 2226 1849 2262 motu,
1873 2214 1976 2249 ficuti
1996 2214 2045 2250 est
2078 2215 2223 2251 cessatio
2249 2215 2360 2263 ipsius

1415 2279 1478 2315 per
1491 2266 1634 2302 termini
1650 2263 1967 2312 consequutionem
1986 2277 1998 2305 ;
2014 2265 2109 2301 Nam
2129 2267 2162 2301 in
2178 2268 2362 2312 operatio-

1416 2330 1460 2354 ne
1471 2316 1545 2352 haec
1557 2315 1815 2361 requiruntur,
1840 2312 1978 2350 unitive
2008 2313 2142 2351 scilieet
2173 2315 2361 2353 'tendentia

1418 2369 1452 2404 in
1466 2363 1571 2402 finem
1589 2393 1600 2408 ‚
1627 2377 1667 2400 ac
1683 2366 1902 2411 quietatioin
1922 2364 2019 2410 ipsc,
2044 2377 2152 2412 quam
2166 2369 2364 2406 quietatio-

1417 2430 1496 2453 nem
1510 2416 1616 2451 afficit
1635 2417 1800 2463 operatio
1813 2415 1968 2464 perfefta
1983 2441 1994 2458 ,
2020 2416 2090 2453 sive
2104 2416 2250 2453 dileetio
2271 2416 2365 2456 sum..

1418 2469 1466 2504 mi
1484 2468 1569 2503 boni
1584 2478 1729 2514 propter
1742 2466 1773 2503 se
1788 2460 1920 2503 amati.

1520 2517 1580 2555 Ad
1594 2516 1784 2554 secundum
1810 2519 1964 2554 dicimus
1979 2543 1990 2559 ,
2012 2517 2154 2563 Vtique
2170 2514 2365 2556 beatitudi-

1419 2577 1500 2604 nem
1513 2567 1932 2604 exteufivamconfistere
1954 2570 1987 2603 in
2010 2566 2150 2605 affibus
2178 2568 2366 2615 utriusque

1420 2612 1594 2665 potentia·
1606 2644 1617 2659 ,
1645 2627 1685 2653 ac
1698 2630 1887 2665 propterea
1900 2619 2080 2666 postulare
2098 2646 2107 2659 ‚
2135 2632 2173 2655 ut
2188 2619 2365 2665 quicquid

1424 2670 1459 2703 in
1471 2670 1584 2703 anima
1601 2665 1650 2702 est
1666 2668 1884 2714 perstffibile
1897 2695 1908 2711 ‚
1934 2667 1996 2703 suo
2015 2669 2123 2704 modo
2136 2671 2366 2716 perficiatur.

1423 2719 1475 2754 Ex
1489 2730 1563 2764 quo
1581 2717 1645 2760 fit,
1673 2725 1714 2753 ut
1745 2721 1852 2754 etia-m
1875 2718 2044 2766 pastiones
2071 2720 2237 2757 involvat
2260 2747 2270 2757 .
2294 2720 2366 2758 Sed

1423 2778 1620 2813 negamus,
1649 2767 1715 2804 esse
1742 2768 1836 2814 posse
1858 2767 2076 2805 intelleehim
2116 2771 2161 2806 sic
2197 2773 2364 2814 beatum,

1423 2820 1612 2854 voluntate
1627 2830 1697 2853 non
1713 2819 1883 2864 diligente
1900 2820 2066 2854 ultimum
2092 2820 2196 2857 finem
2220 2831 2364 2869 propter

1423 2867 1592 2916 seipsum
1608 2892 1620 2910 ‚
1639 2869 1781 2912 quaeest
1797 2871 1927 2905 volitio
1952 2869 2134 2907 reetiffima
2148 2884 2162 2911 3
2190 2873 2260 2909 Sed
2286 2873 2366 2909 talis

1425 2930 1496 2956 non
1514 2918 1561 2954 est
1587 2930 1685 2954 amor
1708 2919 2029 2966 concupiscentiae,
2055 2922 2128 2958 imo
2149 2934 2195 2958 ex
2217 2935 2261 2958 eo
2283 2924 2366 2960 mali

1424 2966 1556 3014 Angeli
1573 2970 1794 3005 beatitudine
1811 2968 2028 3006 exciderunt
2042 2997 2053 3013 ‚
2070 2972 2169 3016 quod
2185 2972 2367 3009 inordina-

1423 3028 1459 3055 te
1474 3031 1550 3055 eam
1565 3019 1725 3064 sibiipsis
1740 3023 1968 3068 appetierunt
1984 3047 1993 3057 .
2007 3021 2140 3057 Etcum
2155 3024 2366 3071 dicitur,per

1425 3071 1526 3118 prius
1540 3069 1739 3106 intellcfiltus
1751 3070 1800 3106 est
1818 3073 1943 3107 beatus
1957 3096 1968 3112 ,
1993 3080 2035 3106 ac
2052 3074 2222 3109 voluntas
2256 3077 2364 3112 velit.

1426 3121 1621 3168 Responsio
1642 3133 1651 3155 ε
1676 3124 1861 3208 (ζιέιοηῑεω
1884 3121 1918 3156 in
1943 3133 1987 3157 eo
2013 3147 2023 3162 ‚
2048 3123 2147 3167 quod
2175 3125 2225 3160 est
2248 3125 2365 3171 perfe-

1425 3170 1542 3206 &ione
1563 3172 1663 3217 prius
1679 3198 1689 3213 ‚
1775 3184 1845 3207 non
1876 3172 2103 3218 generatione
2135 3201 2148 3215 ,
2179 3174 2364 3211 statuenda

1426 3220 1474 3256 est
1491 3222 1614 3257 ultima
1630 3221 1786 3258 hominis
1804 3219 1975 3271 perfeftio
1990 3247 2001 3263 ‚
2024 3232 2132 3268 atque
2148 3223 2180 3258 id
2204 3224 2247 3258 de
2270 3226 2363 3260 voli·

1424 3273 1520 3307 tione
1533 3270 1738 3308 verificetur
1754 3299 1765 3315 ,
1796 3271 1857 3309 nist
1880 3285 1918 3308 ea
1940 3275 2148 3318 operatione
2177 3272 2363 3319 objeGkum

1425 3317 1629 3358 beatificum
1654 3323 1852 3366 attingatur
1876 3349 1887 3365 ‚
1911 3331 2035 3357 natura
2059 3321 2166 3369 cujus
2194 3324 2272 3361 sunt
2294 3326 2362 3362 illae

1425 3372 1592 3419 potentia:
1621 3397 1632 3414 ,
1659 3384 1729 3408 non
1757 3373 1919 3408 ultimate
1946 3382 1986 3407 ac
2015 3371 2257 3420 perfeffiffime
2275 3382 2364 3411 con-

1425 3421 1577 3468 quiescit
1594 3435 1604 3462 3
1637 3433 1706 3457 non
1719 3422 1766 3459 est
1780 3435 1866 3467 ergo
1883 3425 1983 3459 beata
1997 3435 2061 3467 nec
2077 3425 2250 3461 intensive
2266 3445 2280 3467 ‚
2296 3434 2363 3462 nec

1424 3472 1603 3507 extensive
1617 3471 1650 3506 in
1663 3483 1705 3507 eo
1725 3474 1857 3518 priori,
1876 3484 1952 3518 quo
1976 3474 2176 3510 intelle-Eius
2202 3476 2362 3512 intuetur

1425 3523 1598 3559 Deitatem
1619 3522 1702 3562 ;cts1
1719 3524 1814 3558 ultro
1831 3523 2005 3559 fateamur
2020 3550 2031 3567 ,
2058 3524 2251 3572 potentiam
2270 3526 2362 3562 illam

1426 3572 1492 3608 en'e
1511 3572 1649 3608 beatam
1665 3599 1673 3611 ‚
1705 3583 1743 3608 ut
1761 3572 1819 3607 sua
1841 3574 1947 3619 ipsius
1969 3575 2155 3611 beatitudo
2176 3575 2366 3620 distingui.

1427 3634 1623 3658 turcontra
1651 3622 1907 3659 beatitudinem
1936 3635 2070 3661 natura:
2095 3626 2364 3664 beatificabilis.

1428 3673 1495 3710 Sed
1510 3675 1544 3708 in
1561 3672 1719 3719 praesenti
1738 3674 1920 3720 loquimur
1933 3673 1976 3708 de
1991 3675 2212 3712 beatitudine
2229 3703 2240 3719 ,
2269 3689 2307 3712 ut
2320 3678 2364 3713 ad

1429 3724 1536 3767 ipsam
1571 3734 1791 3758 concurrunt
1827 3723 2010 3772 utriusque
2041 3727 2208 3774 potentiae
2238 3739 2366 3775 operae

1427 3774 1542 3810 tiones
1559 3798 1569 3809 .

1526 3823 1585 3860 Ad
1599 3826 1744 3861 tertium
1759 3824 1947 3863 dicendum
1961 3851 1974 3869 ‚
2002 3824 2210 3875 Augustino
2225 3839 2268 3875 eo
2294 3828 2367 3864 loci

2251 3876 2319 3914 effe

2408 1545 2439 1572 4·
2451 1535 2480 1564 d·
2490 1546 2583 1582 492q·
2590 1545 2626 1575 4·-

2392 1577 2418 1606 §.
2430 1575 2536 1603 Contra
2542 1575 2626 1612 :stud-l

2393 1612 2428 1639 V.
2439 1612 2625 1642 Breviter-ern-

2389 1659 2449 1688 go·

2417 3047 2518 3085 4-«14

2593 3048 2604 3074 ,ι

2400 3088 2428 3116 &
2444 3055 2602 3126 ‹lq-⁹⁹⁹?

2627 1204 2631 1294 l

2626 1300 2630 1356 s

2625 1358 2639 1444 ἐκ
