2628 4011
188 1768 217 1794 S.
229 1765 352 1794 Thomae

156 1803 291 1833 sententia
300 1803 356 1832 bic.

225 2346 286 2393 (a)

469 127 488 156 1
501 126 565 168 70
1007 115 1188 160 Summae

496 180 552 212 Ad
568 181 713 215 tertium
729 189 826 226 patet
841 191 886 214 ex
903 178 1008 215 dic‘tis
1021 181 1055 214 in
1084 168 1312 226 calce-lb'Iutio
1324 202 1334 206 η

396 229 694 274 nis-Explicatum
709 230 758 266 est
770 231 863 264 enim
877 241 950 275 qua
963 231 1097 265 ratione
1108 243 1153 267 ex
1168 231 1261 267 recto
1276 230 1331 265 di-

393 278 548 314 &amine
561 280 760 328 prudentiae
775 279 836 315 fiat
849 292 941 329 opus
968 283 1101 316 bonum
1114 309 1127 325 ‚
1156 282 1191 318 &
1219 280 1332 330 perfe-

394 338 496 363 ctum
512 353 523 364 .

552 427 1061 468 ARTICULUS
1115 432 1182 468 lV.

479 527 615 565 Utrum
629 530 817 566 irascibilis
834 533 866 566 8(
881 529 1169 576 concupiscibilis
1181 531 1245 568 fint

669 579 873 627 subjectum
887 582 1034 616 virtutis
1048 605 1058 614 .

544 680 675 717 Dorior
690 690 723 726 3⁴
738 679 774 714 d.
794 682 904 726 33.S.
923 680 1068 717 Thomas
1090 693 1120 717 1.
1137 691 1172 716 2.

663 732 852 779 quaeft‘ione
869 730 929 774 56.
945 741 1064 787 art-4.

502 828 647 866 ldentur
661 829 845 867 irascibilis
873 830 908 866 8(
946 828 1235 877 concupiscibilis
1265 827 1335 865 effe

524 879 560 914 su
569 880 727 927 bjectum
741 880 904 916 virtutis.
916 881 1104 929 Siquidem
1123 879 1334 916 Aristoteles

393 945 428 978 3.
443 930 565 968 Ethic.
579 940 654 974 cap.
677 944 730 967 ιο.
743 930 900 978 expresse
913 932 1001 966 dicit
1016 930 1265 968 fortitudinem
1294 932 1330 967 in

391 982 558 1019 irascibili
574 983 716 1027 reperiri
730 1006 742 1025 ‚
755 985 1029 1028 temperantiam
1043 993 1131 1017 vero
1147 982 1181 1016 in
1196 992 1331 1016 concu-

388 1031 560 1081 piscibili3
579 1031 691 1076 igitur
701 1031 755 1068 hae
773 1030 1123 1081 senfitiviappetitus
1139 1032 1234 1067 vires
1251 1030 1329 1068 sunt

388 1081 549 1130 subjefta
566 1083 753 1118 moralium
770 1083 948 1124 virtutum
965 1109 975 1127 ‚

490 1133 660 1168 Praeterea
671 1159 684 1174 ‚
712 1133 827 1169 Attus
841 1159 853 1175 ‚
879 1133 943 1180 qui
957 1135 1186 1180 progreditur
1200 1136 1244 1170 ab
1259 1147 1328 1170 uria

388 1184 552 1233 potentia
570 1209 583 1225 ‚
596 1184 815 1230 inquantum
833 1182 882 1219 est
901 1195 995 1223 mota
1010 1185 1056 1220 ab
1071 1187 1138 1221 alia
1159 1213 1168 1228 ‚
1184 1187 1327 1222 minime

389 1235 459 1271 ess’e
474 1233 588 1281 potest
605 1232 784 1279 perfeetus
797 1261 807 1276 ,
837 1232 898 1271 nili
914 1246 1068 1281 utraque
1087 1236 1126 1271 {it
1157 1239 1245 1272 bene
1261 1235 1328 1271 dis-

389 1285 507 1334 pofita
524 1284 568 1318 ad
583 1283 699 1320 aetum
719 1311 727 1319 .
749 1283 940 1321 irascibilis
955 1313 966 1327 ,
991 1290 1023 1321 8(
1038 1286 1326 1333 concupiscibilis

391 1346 530 1371 exeunt
544 1334 578 1368 in
592 1334 709 1372 achim
727 1345 770 1370 ex
799 1335 954 1383 imperio
985 1337 1181 1372 voluntatis
1207 1349 1217 1372 z
1246 1336 1326 1374 sunt

390 1386 487 1421 enim
501 1384 702 1420 obedibiles
719 1386 847 1421 rationi
858 1398 870 1426 3
883 1398 968 1433 ergo
984 1386 1175 1432 quo·a&us
1189 1387 1326 1424 dicatur

387 1435 570 1482 perfefius
582 1435 614 1470 8(
632 1435 813 1470 virtuosus
833 1462 842 1477 ,
868 1434 931 1470 sint
944 1448 1088 1483 oportet
1102 1439 1191 1475 bene
1207 1438 1325 1487 dispo·

387 1487 459 1523 fita:
474 1498 533 1533 per
544 1485 688 1519 habitus
706 1486 894 1521 moralium
912 1488 1088 1525 virtutum
1104 1513 1114 1529 .-

487 1536 621 1571 Conira
639 1561 647 1574 ‚
675 1534 888 1582 Principalis
899 1536 1000 1572 aetus
1018 1538 1163 1572 virtutis
1181 1541 1324 1575 moralis

388 1585 437 1621 est
451 1585 581 1621 eled-*tio
600 1599 606 1618 t
626 1585 695 1620 Sed
711 1586 838 1626 eleciio
850 1597 920 1629 non
950 1586 998 1622 est
1013 1587 1113 1623 aetus
1138 1588 1323 1626 irascibilis

387 1636 445 1671 sed
461 1634 610 1669 rationis
630 1646 641 1673 3
667 1646 752 1680 ergo
767 1636 882 1670 virtus
900 1636 1041 1670 moralis
1058 1649 1128 1673 non
1145 1637 1239 1674 estin
1254 1641 1324 1675 ira-

386 1685 522 1726 scibili,
548 1685 579 1719 8(
595 1684 892 1731 concupiscibili,
915 1684 970 1720 sed
989 1688 1024 1721 in
1038 1688 1174 1724 ratione
1187 1712 1197 1723 .

490 1737 540 1771 Rc
549 1733 703 1779 spondeo
718 1761 730 1776 ,
758 1735 978 1782 Aliquorum
994 1737 1042 1772 est
1059 1737 1116 1778 hic
1132 1738 1256 1785 opinio
1270 1746 1329 1775 ta-'

386 1783 710 1823 lis:1r:1scibilis&
729 1785 1021 1831 concupiscibilis
1035 1787 1226 1833 dupliciter
1236 1802 1323 1831 con·

388 1835 530 1873 fiderari
548 1832 689 1880 possunt
703 1859 713 1868 .
732 1835 820 1870 Uno
834 1835 941 1874 modo
962 1835 1154 1872 secundum
1181 1837 1214 1874 se
1232 1865 1241 1878 ,
1267 1840 1323 1874 in-

387 1896 565 1932 quantum
583 1883 716 1920 scilicer
729 1883 807 1919 sunt
822 1896 936 1930 partes
948 1887 1128 1932 appetitus
1155 1880 1323 1933 senfititi,

389 1938 423 1973 8(
441 1936 508 1970 bac
524 1935 660 1970 ratione
678 1945 748 1971 non
764 1936 938 1979 competit
963 1938 1012 1972 eis
1024 1936 1091 1973 effe
1117 1936 1320 1983 subjefihim

388 1985 639 2021 virtutis.Alio
657 1984 763 2019 modo
779 1983 921 2030 possunt
940 1987 1153 2031 ‚considerari
1169 1989 1322 2037 inquan-

388 2047 465 2071 tum
484 2034 696 2083 participant
714 2035 909 2078 rationem,
936 2048 997 2073 nei·
1021 2036 1199 2084 hocquod
1229 2050 1321 2079 nata:

387 2086 468 2122 sunt
483 2087 612 2120 rationi
623 2085 873 2132 obtemperare
885 2109 896 2128 ‚
919 2087 951 2121 8(
965 2099 1146 2134 quatenus
1159 2088 1206 2124 ita
1221 2091 1323 2126 intel·-

395 2140 558 2182 liguntur
579 2162 589 2177 ‚
614 2135 680 2171 effe
693 2146 834 2182 queunt
852 2134 904 2170 hae
924 2133 1017 2173 xires
1035 2136 1235 2183 subjefium
1254 2140 1322 2175 hu-

390 2200 499 2225 niaiiae
516 2187 662 2221 virtutis
680 2210 688 2218 .
707 2185 818 2230 Quod
845 2187 878 2222 8(
910 2186 1120 2233 persuadere
1143 2200 1322 2227 conantur

383 2237 584 2275 rationibus
597 2236 637 2270 ad
652 2247 787 2283 partem
805 2235 1047 2273 affirmativam
1067 2239 1182 2275 allatis
1197 2263 1207 2271 .

489 2291 567 2324 Nos
584 2286 735 2321 dicimus
747 2287 930 2323 viresillas
957 2287 1111 2323 sensitivi
1138 2291 1321 2336 appetitus

383 2349 613 2386 nequaquam
629 2336 694 2371 effe
712 2335 913 2382 subJefflum
936 2339 1082 2374 virtutis
1108 2342 1247 2385 proprie
1263 2353 1322 2374 ac-

385 2400 498 2436 cepta:
514 2401 524 2427 ;
556 2385 647 2433 posse
659 2398 776 2422 tamen
791 2399 836 2423 ex
851 2388 999 2434 imperio
1014 2390 1213 2425 voluntatis
1229 2392 1321 2428 reete

382 2440 549 2484 eligentis
562 2436 763 2483 derelinqui
782 2439 937 2484 aliquem
956 2438 1117 2474 habitum
1150 2441 1322 2477 inclinau-

380 2501 451 2525 tem
467 2488 510 2523 ad
522 2499 562 2522 ea
578 2515 587 2529 ,
613 2487 858 2533 quaeconsoua
874 2488 952 2523 sunt
969 2489 1040 2524 res-t
1052 2503 1071 2523 e
1084 2490 1234 2526 rationi.
1253 2494 1324 2527 De.

384 2540 556 2576 claratio:
576 2541 670 2574 Nam
687 2539 807 2574 virtus
818 2538 964 2576 habitus
979 2539 1149 2576 eleffivus
1164 2542 1230 2587 est:
1262 2543 1324 2579 Sic

382 2591 476 2625 enim
493 2588 677 2624 deffinitur
711 2599 743 2624 2-
764 2588 848 2625 Eth.
861 2590 983 2637 cap.6.
1003 2593 1087 2626 Non
1105 2589 1152 2625 est
1170 2603 1322 2628 autem„

384 2639 537 2675 sensitivi
548 2640 731 2685 appetitus
745 2638 939 2681 secundum
954 2641 1111 2686 aliquam
1124 2653 1168 2675 ex
1186 2640 1256 2677 suis
1270 2645 1325 2677 vi·

384 2691 487 2727 ribus
498 2689 628 2734 eligere
644 2715 655 2730 ,
686 2691 819 2724 adeout
846 2702 890 2726 ex
903 2690 958 2726 his
970 2692 1207 2727 electionibus
1225 2693 1327 2729 inna-

385 2740 505 2775 scatur
518 2738 539 2773 si
550 2738 583 2772 bi
593 2739 720 2785 aliquis
732 2739 877 2775 habitus
889 2740 931 2776 ad
946 2742 1147 2777 consimiles
1163 2754 1263 2779 acius
1278 2746 1327 2780 in,

388 2792 532 2827 clinans
563 2811 573 2821 .
597 2789 783 2836 Siquidem
800 2790 872 2838 ipse
887 2802 958 2840 non
976 2804 1118 2828 exercet
1135 2804 1200 2828 nec
1215 2792 1324 2832 habet

423 2881 467 2912 (a)
507 2876 620 2905 Solutio
633 2875 767 2905 Dec-'toris
778 2887 812 2906 ex
837 2878 934 2914 quaest.
945 2880 1029 2908 citata
1041 2883 1066 2912 ὕ.
1087 2880 1140 2910 ..Ad
1158 2879 1329 2920 quaesti'onem

382 2915 468 2945 Hanc
482 2914 645 2944 sententiam
655 2914 811 2943 docueruut
828 2917 958 2956 Magiller
969 2918 1073 2948 Alensi's
1087 2919 1184 2948 collat.
1194 2924 1231 2951 76
1252 2922 1326 2950 arti-

382 2954 443 2982 culo
456 2958 486 2982 6.
500 2956 530 2981 ὃ,
543 2955 739 2982 Bonaventura
753 2961 764 2987 3
776 2972 782 2978 -
794 2955 822 2980 d.
836 2962 883 2988 33.
895 2963 951 2982 art.
969 2966 990 2984 i.
1003 2967 1030 2993 q.
1040 2966 1067 2991 3.
1083 2959 1161 2990 Mag.
1173 2958 1327 2989 Richardus

382 2991 489 3021 ibidem
501 3001 558 3019 art.
574 3002 660 3029 ¹-q-1·
673 2991 773 3020 Videris
787 2992 1074 3022 Mauriumscotistam
1093 2991 1192 3034 disput.
1208 2996 1326 3036 7.super

383 3039 413 3065 3.
426 3039 443 3066 q
468 3040 495 3065 4.
510 3038 569 3058 art.
589 3041 611 3059 i.
624 3029 675 3058 Sed
686 3030 713 3057 8<
728 3028 906 3066 Vasquesium
923 3040 980 3071 ιφ.
991 3031 1107 3070 άι[ο.89.
1121 3042 1176 3069 ⁶⁷2·
1189 3035 1326 3064 arbitran-

379 3077 440 3097 tem
450 3069 528 3098 Scoti
543 3068 708 3097 sententiam
724 3067 806 3106 longe
823 3069 951 3106 opposita
978 3071 1196 3108 probabiliorem
1208 3091 1218 3106 ‚
1243 3076 1285 3101 cui
1299 3076 1328 3102 δε

380 3107 492 3136 subinde
506 3106 624 3135 adhaeret
639 3125 648 3133 .
669 3107 775 3134 Obiicit
791 3107 920 3136 Valentia
929 3117 1026 3136 contra
1039 3109 1190 3137 Doftorem
1213 3112 1282 3149 disp.
1297 3123 1326 3148 5.

381 3156 410 3181 q.
424 3155 450 3173 ι..
463 3154 547 3183 punc.
558 3153 588 3172 ι.
601 3146 746 3182 Appetitas
760 3143 879 3173 sentitivi
894 3146 968 3174 aetus
981 3146 1040 3174 sunt
1055 3147 1133 3175 liberi
1148 3168 1156 3180 ‚
1179 3150 1206 3176 &
1227 3149 1326 3179 lauda-

381 3183 448 3212 bilex
463 3192 492 3210 ut
502 3192 516 3210 a
532 3182 678 3211 voluntate
690 3182 889 3221 distinguuntur
901 3202 911 3217 ,
939 3184 1015 3218 quod
1028 3184 1124 3213 sufficit
1138 3187 1171 3214 ad
1185 3189 1324 3218 rationem

381 3222 496 3249 virtutis
509 3238 518 3248 .
532 3221 599 3250 Νος
610 3221 728 3250 dicimus
738 3222 837 3249 cadem
847 3224 954 3251 ratione
966 3225 1159 3252 commendari
1170 3225 1245 3261 posse
1259 3229 1327 3256 arti-

382 3258 465 3287 ficum
490 3259 665 3287 instrumenta
681 3280 690 3293 ,
713 3269 777 3298 quia
790 3259 869 3288 fabro
882 3261 966 3289 libere
989 3264 1080 3299 agenti
1098 3263 1245 3292 inserx'tunt
1258 3282 1267 3289 .
1287 3269 1324 3295 At

382 3298 449 3333 quia
463 3299 607 3334 appetitus
622 3296 820 3326 irrationabilis
834 3308 921 3336 capax
933 3300 969 3327 est
983 3300 1324 3339 habituunuproptereh

382 3335 489 3363 diRum
503 3334 540 3362 est
552 3336 626 3373 gigni
642 3336 715 3373 posse
731 3336 828 3374 inipso
841 3338 1005 3375 qualitatem
1021 3338 1201 3367 inclinantem
1215 3341 1249 3369 ad
1265 3352 1326 3371 me-

383 3373 462 3402 dium
477 3373 613 3405 victuum
638 3374 690 3411 ipse
706 3383 800 3402 tamen
814 3375 846 3403 :td
860 3377 916 3410 eius
932 3386 989 3405 non
1002 3376 1111 3415 all‘urgit
1134 3379 1326 3412 attingendam

383 3413 496 3440 virtutis
508 3411 683 3440 honestatem
697 3431 707 3445 ‚
730 3412 777 3440 ctli
790 3414 823 3442 ad
838 3415 984 3443 materiale
998 3416 1108 3444 virtutis
1120 3410 1325 3456 incliiienquod

385 3450 419 3478 ab
432 3451 505 3478 κᾶε
519 3450 630 3478 ratione
653 3450 788 3480 dictatur.
809 3452 959 3486 Caietanus
983 3453 1025 3481 hic
1041 3456 1167 3491 queritur
1179 3473 1188 3488 ‚
1212 3458 1327 3486 Scotum

383 3499 442 3516 non
456 3487 627 3524 respondere
639 3489 672 3515 ad
687 3489 840 3517 Aristotelis
852 3491 1045 3519 :infimitatem
1057 3501 1105 3519 nec
1117 3493 1151 3520 ad
1173 3493 1327 3532 responsio-

385 3536 448 3555 nem
461 3528 489 3555 S·
501 3527 623 3555 Thomu:
634 3529 657 3556 6.
672 3527 850 3563 Adquartum
861 3529 1012 3565 quidquam
1028 3539 1177 3564 reponere.-
1194 3535 1270 3568 quod
1283 3530 1326 3563 1:1⁴-

384 3575 453 3593 men
469 3574 667 3603 argumentum
679 3566 764 3602 inquit
774 3584 784 3598 ‚
806 3567 884 3603 ponit
897 3577 947 3604 pro
961 3568 1143 3597 fundamento
1154 3570 1201 3598 sum
1215 3574 1328 3610 opinio-

386 3604 427 3632 nis
440 3621 448 3629 .
471 3604 532 3631 Nos
543 3603 660 3632 dicimus
674 3603 745 3631 hunc
757 3605 942 3640 expositorem
956 3606 1054 3634 leviter
1064 3609 1138 3636 >cori
1148 3618 1255 3637 textum
1266 3621 1329 3649 per-

385 3639 532 3670 tractaffe:
558 3643 623 3680 quin
637 3642 664 3670 8<
677 3641 803 3670 addimus
815 3653 878 3671 (um
893 3644 1042 3682 Vasqucfio
1053 3646 1080 3673 S·
1096 3648 1248 3676 Dok-iorem
1273 3660 1330 3678 non

382 3679 511 3716 scriplisse
526 3680 551 3707 in
566 3681 691 3718 appetitu
707 3681 886 3709 irrationabili
901 3683 952 3710 elle
966 3693 1043 3711 veras
1054 3693 1170 3713 virtutes
1184 3705 1194 3720 ‚
1217 3687 1264 3715 etsi
1277 3698 1330 3725 po-

393 3718 476 3745 luerit
494 3719 518 3745 in
531 3719 634 3747 virinus
649 3718 724 3756 iplius
735 3720 848 3747 virtutes
859 3725 1038 3758 utcunque‚iii
1051 3733 1104 3762 qua
1116 3734 1144 3755 rc
1154 3724 1226 3756 forte
1236 3726 1330 3757 hiduo

387 3755 527 3786 Doftcrcs
544 3757 617 3787 illciu
631 3767 659 3786 in
672 3756 805 3787 sententia
818 3758 971 3789 docuerunt
983 3781 990 3788 .

1223 110 1412 177 ‘Jcanm's
1441 115 1571 161 Dans
1599 113 1718 161 scoti

1402 182 1601 218 dominium
1614 183 1758 229 aliquod
1773 182 1878 229 supet
1891 185 2054 231 proprios
2066 193 2179 228 aetus,
2192 184 2248 222 sed
2261 198 2336 223 tra-

1402 232 1500 268 bitur
1511 235 1556 268 ab
1567 233 1718 279 objecto
1735 246 1746 274 ς
1770 245 1840 268 non
1869 234 1915 270 est
1929 248 2015 281 ergo
2041 238 2080 270 in
2097 234 2145 269 sui
2161 237 2334 281 potestate

1404 284 1535 328 eligere
1549 296 1661 319 unum
1677 296 1750 331 prae
1768 285 1861 326 alic,
1890 297 1954 320 nec
1973 286 2121 333 proinde
2133 287 2260 322 elicere
2271 300 2334 334 po·-

1401 332 1469 368 test
1486 334 1595 370 ullum
1609 345 1727 375 actum
1741 335 1886 370 virtutis
1902 361 1913 377 ,
1941 348 1980 371 ut
1993 338 2014 371 ii
2028 339 2072 372 ab
2084 336 2208 374 habitu
2225 337 2337 383 profi-

1405 382 1586 423 ciscuntur
1600 386 1752 424 electivo
1763 409 1774 425 ,
1787 385 1820 419 8(
1837 386 1941 421 etiam
1959 398 1997 422 ut
2013 387 2222 432 intelligitur
2236 385 2338 427 subdi

1404 436 1534 476 rationi
1546 434 1652 481 eique
1663 438 1934 480 obtemperare:
1967 439 2060 474 Nam
2077 438 2174 484 prius
2191 447 2339 477 natura-

1406 484 1486 519 liter
1500 485 1598 528 eligit
1611 486 1794 526 voluntas,
1808 497 1918 531 quam
1935 487 2005 533 ipsa
2026 514 2038 531 ,
2052 489 2107 524 vel
2123 489 2212 522 ratio
2228 487 2338 533 quid-

1406 546 1515 581 quam
1531 536 1680 581 imperet
1697 535 1872 582 appetitui
1884 534 2047 572 sensitivo
2070 563 2081 574 .
2112 539 2337 585 Siquidem-³

1407 588 1503 625 ratio
1519 596 1587 619 non
1620 586 1763 628 attingit
1780 586 1978 633 appetitum
2005 587 2210 626 senlitivum
2227 612 2241 630 ‚
2270 588 2335 624 nist

1406 636 1582 671 mediante
1598 635 1784 670 voluntate
1801 662 1812 677 ‚
1837 636 1974 682 quaeest
1990 638 2130 684 proprie
2154 639 2336 686 appetitus

1404 684 1605 720 rationalis:
1622 685 1797 721 Voluntas
1810 697 1929 721 autem
1946 689 2043 734 prius
2055 689 2133 724 vult
2146 688 2283 735 aliquid
2299 689 2337 723 in

1408 736 1442 772 se
1455 763 1465 779 ,
1482 748 1587 782 quam
1601 736 1748 782 imperet
1762 736 1922 777 inferiori
1933 737 2102 784 potentiae
2117 738 2254 785 aliquid
2269 739 2337 773 cir-

1405 798 1447 821 ca
1467 785 1555 822 illud
1579 798 1588 821 z
1614 797 1684 821 non
1700 785 1792 821 enim
1811 786 1895 833 quia
1913 787 2062 835 impe-at
2093 789 2261 836 potentiae
2279 789 2336 824 in-

1406 837 1526 873 feriori
1540 835 1618 871 ideo
1635 837 1713 871 vult
1725 862 1736 878 ,
1761 835 1817 871 sed
1831 836 2034 873 econverso
2058 851 2068 875 ς
2097 840 2133 873 in
2151 839 2212 874 illo
2224 839 2335 884 igitur

1400 888 1514 935 ,priori
1531 888 1696 922 voluntas
1712 900 1756 923 ex
1772 887 1878 923 rectis
1892 887 2128 923 eleaionibus
2143 899 2287 936 generat
2299 889 2337 924 in

1398 938 1437 974 -se
1449 937 1520 984 ipsa
1534 937 1696 973 habitum
1712 939 1937 973 inclinantem
1951 938 1993 973 ad
2009 938 2103 975 rthe
2116 938 2337 985 eligendum,

1400 993 1469 1036 qui
1480 989 1625 1023 habitus
1640 988 1872 1034 propriiffime
1883 989 1931 1024 est
1944 990 2159 1035 virtus,quia
2171 988 2337 1038 propriis.

1403 1040 1487 1075 sime
1499 1039 1644 1083 habitus
1657 1038 1830 1081 electivus
1859 1040 2035 1076 inclinans
2065 1040 2109 1075 ad
2135 1041 2336 1076 conlimiles

1402 1091 1502 1127 aetus
1519 1117 1531 1132 ,
1542 1101 1586 1125 ex
1600 1090 1735 1136 quibus
1747 1100 1937 1136 generatur
1949 1116 1958 1126 .
1976 1091 2042 1126 Per
2053 1089 2124 1125 hoc
2135 1102 2223 1137 ergo
2234 1091 2335 1137 quod

1402 1143 1554 1188 imperat
1569 1139 1736 1176 sensitivo
1747 1141 1910 1188 appetitu
1924 1152 1963 1178 ut
1988 1141 2144 1178 retrahat
2173 1141 2206 1180 se
2216 1143 2263 1176 ab
2275 1140 2336 1177 de-

1400 1192 1555 1229 leetabili
1569 1201 1684 1238 utque
1697 1192 1784 1227 illud
1796 1192 1976 1227 moderate
1988 1192 2228 1239 prosequatur
2237 1218 2250 1234 ‚
2265 1204 2336 1228 non

1399 1243 1440 1279 fit
1457 1254 1497 1279 ut
1510 1241 1582 1290 ipse
1598 1243 1772 1278 virtutum
1786 1241 1826 1277 sit
1842 1241 2044 1288 subjeetum
2058 1268 2071 1286 ,
2097 1242 2156 1279 sed
2178 1253 2335 1286 tantum,

1399 1306 1438 1330 ut
1456 1307 1501 1330 ex
1519 1293 1624 1329 reffls
1636 1295 1796 1341 imperiis
1810 1294 1972 1339 acquirat
1988 1295 2143 1342 aliquem
2154 1293 2335 1336 habitum,

1399 1343 1506 1390 cujus
1519 1346 1651 1379 virtute
1673 1343 1929 1381 delectabiliter
1946 1355 2137 1380 moveatur
2160 1343 2203 1379 ad
2232 1343 2333 1380 senfi-

1400 1396 1482 1430 bilia
1497 1407 1540 1430 ex
1554 1394 1705 1441 imperio
1721 1395 1936 1430 voluntatis:
1959 1395 2022 1440 qui
2036 1394 2180 1430 habitus
2207 1395 2335 1430 dereli-

1397 1443 1477 1482 fius
1494 1446 1576 1481 licet
1590 1444 1730 1492 proprie
1744 1445 1856 1480 virtus
1871 1456 1941 1480 non
1955 1444 1994 1479 fit
2007 1470 2020 1486 ‚
2045 1456 2109 1480 nec
2123 1444 2194 1480 dici
2207 1456 2332 1490 queat,

1395 1497 1483 1541 ‚quia
1498 1507 1569 1530 non
1583 1494 1632 1530 est
1646 1493 1792 1529 habitus
1805 1495 1980 1529 eleffivus
1994 1520 2007 1536 ,
2032 1506 2097 1530 nec
2122 1493 2164 1528 ad
2187 1494 2333 1530 81εᾶἰο-

1398 1557 1461 1581 nes
1473 1546 1585 1581 refflas
1602 1545 1802 1585 inclinans,
1826 1543 2095 1590 quodammodo
2116 1554 2236 1580 tamen
2268 1555 2331 1591 ap-

1398 1595 1521 1642 pellari
1535 1593 1648 1641 potest
1662 1595 1778 1629 virtus
1791 1620 1803 1635 ‚
1816 1605 1996 1640 quatenus
2015 1594 2058 1628 ad
2071 1607 2111 1630 ea
2127 1594 2332 1642 propendit,

1396 1656 1478 1691 quae
1491 1645 1643 1680 consona
1657 1642 1734 1680 sunt
1752 1643 1856 1680 reetae
1875 1645 2026 1686 rationi,
2045 1645 2079 1682 8(
2094 1644 2240 1692 quidem
2268 1656 2334 1692 per

1397 1695 1566 1732 virtutem
1583 1694 1693 1729 homo
1710 1693 1816 1731 efficit
1829 1705 1918 1741 opus
1931 1696 2065 1729 bonum
2081 1707 2142 1742 per
2153 1695 2252 1743 quod
2277 1694 2330 1731 est

1396 1745 1525 1787 laude,
1537 1745 1754 1792 praemioque
1766 1745 1920 1789 dignus:
1940 1745 2102 1780 mirabile
2113 1745 2264 1791 proinde
2276 1746 2331 1780 vi—

1395 1796 1502 1833 detur
1517 1820 1530 1836 ‚
1561 1793 1648 1830 illud
1668 1805 1813 1840 propter
1827 1793 1927 1839 quod
1941 1792 2054 1828 homo
2079 1794 2249 1834 laudatur
2265 1796 2332 1832 iri-2

1393 1844 1577 1893 operando
1586 1845 1703 1892 primo
1716 1843 1865 1880 refidere
1877 1845 1911 1878 in
1926 1844 2085 1890 eo‚quod
2097 1843 2145 1880 est
2159 1845 2218 1880 fibi
2231 1856 2331 1880 com·

1397 1906 1505 1934 mune
1521 1906 1602 1930 cum
1618 1895 1732 1932 brutis
1749 1892 1910 1941 :praestat
1925 1905 2013 1939 ergo
2034 1894 2152 1932 dicere
2183 1895 2330 1931 virturis

1399 1946 1601 1993 primatiam
1615 1944 1728 1985 sedern
1744 1971 1756 1987 ,
1771 1945 1802 1984 8(
1819 1943 2020 1989 subjectum
2036 1946 2103 1981 esse
2115 1956 2248 1992 partem
2264 1945 2331 1981 ho-

1397 1997 1503 2031 minis
1516 1994 1722 2034 rationalem
1740 2021 1751 2036 ‚
1778 1993 1838 2030 etsi
1854 1993 1928 2029 indi
1945 2006 2054 2040 queat
2071 2007 2115 2031 ex
2129 1996 2275 2036 actibus
2291 1996 2327 2033 il,-

1395 2046 1464 2088 lius
1493 2045 1664 2094 potentiis
1689 2044 1919 2080 inferioribus
1945 2044 2114 2083 habilitas
2147 2045 2331 2092 quaedam,

1395 2108 1468 2142 qua
1484 2096 1684 2143 promptius
1699 2096 1731 2131 8<
1749 2095 1888 2132 facilius
1904 2107 2118 2131 moveamur
2133 2095 2176 2131 ad
2191 2098 2333 2133 obtem·

1395 2147 1591 2194 perandum
1607 2146 1737 2181 rationi
1755 2172 1765 2187 ,
1788 2155 1853 2179 nec
1866 2147 1960 2179 omni
1977 2157 2048 2190 qua
2065 2146 2201 2193 pollent
2224 2157 2331 2182 natu-

1396 2199 1460 2232 rali
1473 2197 1705 2233 inclinatione
1716 2196 1759 2233 ad
1773 2194 1994 2230 delectabilia
2011 2197 2043 2231 8(
2056 2195 2246 2232 commoda
2259 2196 2333 2233 ser·

1395 2247 1511 2284 vanda
1524 2246 1682 2282 fetantur
1696 2272 1707 2288 ‚
1727 2257 1792 2281 nec
1812 2256 1986 2280 conentur
2011 2256 2133 2281 contra
2157 2258 2329 2284 rectum...

1394 2298 1574 2333 dictamen
1589 2296 1738 2333 rationis
1767 2321 1776 2332 .
1806 2294 1876 2333 Sed
1899 2295 1943 2332 de
1959 2295 2013 2331 his
2025 2298 2181 2345 amplius
2207 2297 2327 2333 infra„

1398 2347 1553 2384 articulo
1567 2347 1602 2383 6.

1498 2398 1556 2434 Ad
1574 2408 1783 2443 argumenta
1799 2423 1807 2432 .
1825 2399 1882 2436 Ad
1899 2400 2053 2446 primum
2071 2397 2332 2441 dicimtis‚eam,

1397 2461 1480 2496 quae
1494 2447 1654 2490 affertur,
1667 2450 1915 2484 auctoritatem
1935 2477 1944 2492 ,
1955 2449 2113 2495 aliasque
2129 2449 2256 2486 {imiles
2267 2448 2334 2485 effe

1398 2499 1645 2534 concedendas
1658 2525 1670 2541 ,
1686 2511 1812 2545 nempe
1831 2502 1864 2533 in
1877 2502 2038 2547 appetitu
2055 2499 2218 2535 sensitivo
2232 2512 2335 2546 repe-

1397 2550 1457 2585 riri
1474 2551 1682 2595 qualitatem
1700 2548 1742 2583 de
1756 2550 1861 2585 rectis
1888 2552 2123 2586 electionibus
2153 2553 2334 2598 appetitus

1397 2601 1581 2634 rationalis
1595 2600 1806 2641 derivatam,
1820 2601 1998 2647 quandam
2014 2601 2158 2635 virtutis
2173 2601 2334 2637 similitu-

1395 2650 1515 2685 dinem
1527 2649 1732 2691 habentem,
1748 2660 1935 2696 propterea
1949 2651 2048 2696 quod
2062 2651 2205 2686 inclinat
2220 2652 2262 2686 ad
2275 2663 2333 2693 ea,

1396 2713 1476 2746 quae
1494 2700 1572 2735 sunt
1591 2711 1694 2735 rectae
1709 2700 1861 2735 consona
1877 2703 2006 2736 rationi
2033 2713 2041 2736 :
2065 2701 2134 2738 Sed
2160 2712 2332 2747 negamus

1395 2750 2118 2797 ejusmodiqualitatemdeterminativam
2149 2754 2331 2800 appetitus

1396 2803 1438 2842 ad
1453 2799 1636 2846 objectum
1656 2827 1669 2843 ,
1691 2802 1723 2836 8(
1745 2802 1927 2836 materiam
1944 2804 2090 2839 virtutis
2101 2803 2237 2848 proprie
2263 2801 2330 2837 effe

1398 2853 1431 2888 8(
1445 2852 1516 2886 dici
1529 2851 1623 2898 poss'e
1639 2851 1808 2887 virtutem
1821 2878 1833 2894 ,
1863 2864 1944 2888 cum
1956 2851 2035 2898 ejus
2052 2853 2242 2888 materialis
2267 2864 2331 2899 po-

1398 2904 1517 2948 tflntiae
1541 2913 1611 2937 non
1637 2902 1678 2937 sit
1717 2903 1893 2947 attingere
1932 2902 2114 2938 formalem
2156 2900 2330 2938 rationem

1397 2951 1534 2998 objecti
1550 2953 1696 2986 virtutis
1715 2978 1724 2987 .
1746 2955 1800 2987 hx
1820 2953 1942 2988 multis
1957 2954 2048 2988 enirn
2077 2952 2329 3000 replicatisque

1397 3002 1819 3048 voluntatisjuffioiiibus
1839 3001 2035 3038 rttrahitui·
2058 3002 2330 3049 quodaminodo

1398 3055 1578 3102 appetitus
1593 3056 1638 3089 ab
1651 3053 1823 3089 exceffive
1835 3052 2034 3100 appetendo
2045 3055 2328 3090 convenientia-⁴

1396 3106 1458 3141 sibi
1476 3104 1508 3139 St
1522 3104 1746 3139 delectabilia
1759 3130 1770 3146 ,
1803 3116 1909 3149 atque
1924 3115 1992 3139 non
2022 3103 2110 3138 adeo
2137 3104 2328 3140 difficulter

1396 3158 1491 3191 circa
1504 3153 1616 3189 media
1633 3155 1809 3190 virtutum
1826 3152 1986 3190 versatur
1999 3180 2010 3196 ,
2030 3155 2063 3189 8(
2078 3154 2190 3189 fertur
2216 3180 2224 3188 .
2256 3153 2327 3191 Sed

1398 3205 1468 3253 ipse
1485 3217 1554 3239 non
1570 3206 1670 3250 eligit
1686 3205 1839 3240 medium
1859 3217 1871 3238 x
1883 3205 2000 3240 irtutis
2014 3231 2023 3244 ‚
2038 3215 2118 3240 curn
2135 3206 2210 3251 post
2229 3203 2331 3251 obje-

1398 3268 1496 3292 ctum
1530 3266 1664 3291 natura:
1693 3256 1828 3302 impetu
1843 3257 1997 3296 feratur,
2022 3266 2085 3289 nec
2111 3256 2227 3292 valeat
2246 3255 2278 3290 se
2296 3254 2329 3291 se

1396 3307 1563 3341 cohibete
1580 3317 1761 3352 unamque
1774 3303 1869 3351 sequi
1884 3307 2054 3340 rationem
2071 3306 2134 3339 alia
2150 3306 2332 3352 posthabi-

1400 3369 1433 3392 ta
1446 3383 1453 3390 .
1474 3357 1511 3393 Si
1527 3368 1613 3401 ergo
1625 3355 1666 3389 ad
1681 3353 1866 3400 objectum
1883 3355 2027 3390 virtutis
2040 3355 2329 3393 inclinaturillud

1399 3419 1462 3454 pro
1479 3405 1652 3445 materiali
1664 3407 1792 3449 attingi
1801 3417 1855 3447 ns,
1868 3407 2024 3451 qualitas
2037 3405 2122 3440 dans
2137 3409 2167 3442 ei
2183 3409 2328 3442 inclina.

1398 3459 1530 3492 tionem
1558 3453 1817 3503 transumptive
1837 3466 1976 3491 tantum
2003 3468 2159 3494 meretur
2199 3469 2329 3495 nomen

1400 3508 1447 3543 vi:
1458 3508 1544 3541 tutis
1560 3533 1569 3542 .

1502 3557 1557 3592 Ad
1574 3555 1768 3592 secundum
1783 3556 2012 3592 concedimus
2028 3584 2038 3600 ,
2053 3559 2145 3598 vires
2158 3560 2232 3595 illas
2243 3570 2330 3594 con·

1399 3602 1619 3654 cupiscibilis
1636 3608 1666 3643 8(
1684 3607 1867 3643 irascibilis
1882 3607 2040 3652 indigere
2051 3609 2205 3648 ordinari
2238 3610 2332 3646 circa

1400 3660 1539 3705 propria
1553 3655 1723 3703 objecta;
1746 3670 1870 3704 nempe
1885 3668 1923 3692 ut
1948 3660 2235 3708 concupiscibilis
2259 3670 2329 3697 non

1399 3709 1599 3743 inortiinate
1612 3708 1748 3743 feratur
1761 3709 1852 3742 circa
1867 3719 2004 3754 ea,quae
2019 3722 2097 3746 nata
2117 3711 2194 3748 sunt
2217 3711 2330 3758 primo

1395 3759 1541 3807 appctI‚
1565 3757 1621 3795 sed
1635 3757 1826 3795 secundum
1841 3761 2068 3798 moderamen
2089 3772 2192 3798 rectae
2217 3758 2326 3798 ratio-

2229 3820 2282 3845 ms

2365 1061 2449 1092 Hanc
2461 1064 2567 1103 ingerit

2366 1100 2478 1131 1)οᾶοτ
2501 1106 2545 1131 in-

2366 1138 2493 1170 stantiam
2501 1141 2567 1171 fibi·-

2367 1186 2424 1215 que
2447 1182 2476 1208 δι
2498 1181 2528 1209 S.

2365 1215 2487 1247 Thomae
2514 1217 2566 1248 ἑὸ-

2366 1264 2483 1286 munem
2495 1257 2565 1288 dea

2365 1302 2420 1332 qua
2431 1296 2523 1324 astum
2536 1305 2565 1334 q.

2364 1343 2413 1371 50.
2424 1342 2483 1365 art.
2497 1343 2525 1372 3.
