2613 4041
281 1601 383 1642 *m

428 179 534 236 '426
979 177 1158 222 Summae

357 247 394 294 pi
409 258 452 280 ex
467 242 640 277 divisione
655 240 810 288 alicujus
833 243 996 279 continui
1023 244 1112 279 {aaa
1131 256 1191 290 per
1216 245 1292 278 cul-

357 295 503 331 trum:&
522 292 595 339 ipsa
610 292 689 328 sane
704 293 829 329 divifio
844 294 1004 329 absolute
1016 295 1127 337 magis
1138 292 1220 327 esta
1232 305 1292 339 po.

357 347 465 382 tentia
480 344 663 379 dividente
702 355 811 389 quam
842 356 860 377 a
878 344 1024 379 cultello
1038 369 1049 383 ‚
1072 343 1107 378 8(
1129 342 1210 377 hinc
1227 354 1292 388 po-

356 397 467 432 tentia
495 394 618 430 fortior
659 395 818 428 velocius
854 393 977 428 scindit
1004 405 1013 427 ε
1041 393 1109 427 Sed
1143 402 1290 429 tamen-³

355 457 462 495 prout
474 445 549 480 hec
561 444 687 480 divifio
698 442 741 478 ad
757 443 870 478 visum
886 453 1116 489 comparatur
1129 467 1142 485 ‚
1168 444 1226 478 cui
1240 453 1291 477 ar.

352 497 445 533 ridet
459 497 582 531 lenitas
594 497 749 542 partium
764 492 954 528 divisarum
966 518 976 532 ‚
1004 494 1115 537 magis
1138 494 1290 530 accutiei

351 547 431 584 ferri
464 546 654 582 scindentis
691 555 798 592 quam
830 543 996 590 potentiae
1027 543 1243 578 attribuitur
1274 567 1285 577 .

353 600 405 635 lta
421 595 520 632 Dens
534 597 651 642 potuit
663 593 832 631 ordinaffe
847 595 999 637 aliquem
1017 592 1135 628 aelam
1147 592 1221 628 fore
1233 605 1292 628 ac·

352 646 565 692 ceptandum
581 672 592 687 ,
620 645 705 691 quia
718 644 761 679 ad
789 645 886 678 illum
902 644 1045 677 inclinat
1070 642 1215 677 habitus
1228 645 1290 678 ali-

354 698 436 745 quis
450 723 460 738 ‚
488 706 526 730 ut
538 696 754 740 principium
770 693 929 728 affivum
944 691 1022 737 ejus
1041 692 1187 737 partiale
1208 703 1290 731 ,ut-

353 760 426 795 que
440 746 671 792 principalius
686 743 776 778 eade
789 742 890 777 causa
905 752 1168 787 acceptaretur,
1179 753 1289 787 quam

355 799 440 843 qnia
454 796 503 831 est
518 807 534 829 a
551 796 685 839 reliqua
710 792 813 827 causa
838 793 978 839 partiali
994 804 1005 830 3
1037 791 1080 825 ad
1093 802 1200 837 quem
1215 789 1290 827 sen·

358 848 430 884 sum
446 844 539 881 τεξὶε
551 854 699 889 quoque
722 841 834 889 potest
845 855 888 878 ex
897 842 977 887 poni
996 842 1145 877 relatum
1161 841 1290 886 Augu-

356 897 438 934 stini
453 895 588 929 dietum
611 892 763 929 articulo
776 892 1018 938 praecedent1‘3
1046 890 1216 927 Charitas
1244 892 1293 935 est

349 943 550 995 ficutseſjbr
562 942 610 979 ad
619 954 768 990 equum.·
787 941 833 981 Et
850 943 1013 979 voluntas
1037 941 1188 992 respeffu
1204 953 1293 987 gra-

355 998 417 1033 εἱσι
433 1023 443 1038 ,
467 991 669 1043 pedissequa
683 993 730 1041 est
741 1016 754 1035 ‚
780 1007 845 1031 non
854 997 989 1042 praeoia
1005 1019 1016 1032 .
1045 993 1081 1028 id
1094 994 1229 1040 quippe
1241 990 1292 1029 est

356 1057 481 1081 verum
504 1043 665 1091 τεΓρεξὶυ
690 1042 819 1090 aetus,
850 1046 1064 1090 inquantum
1086 1043 1134 1081 est
1150 1043 1291 1079 merito.

357 1097 430 1132 rius
447 1120 459 1137 ,
488 1092 543 1130 sed
559 1106 627 1129 non
640 1094 855 1141 inquantum
872 1095 920 1131 est
935 1093 1038 1131 aaus
1067 1096 1102 1131 in
1133 1092 1294 1130 substan·

356 1147 403 1182 tia
421 1173 428 1181 .
457 1148 553 1182 Nam
573 1142 733 1192 respestu
757 1144 962 1183 substantiae
993 1145 1093 1181 affius
1123 1145 1291 1180 voluntas

356 1195 405 1233 est
421 1194 523 1232 causa
540 1196 661 1242 potior
674 1222 686 1238 ‚
712 1195 857 1233 habitus
877 1207 965 1232 vero
992 1194 1095 1231 causa
1111 1193 1261 1231 secunda
1280 1221 1293 1236 ‚

356 1246 415 1282 sed
432 1247 474 1282 ad
486 1246 655 1281 rationem
669 1248 841 1284 meritorii
855 1259 873 1283 e
884 1245 1058 1282 converso
1073 1258 1128 1285 res
1140 1246 1172 1282 se
1183 1244 1292 1281 habet

359 1308 400 1333 ut
412 1296 632 1332 declaratum
645 1294 691 1331 est
711 1321 720 1331 .

454 1373 481 1389 „
511 1346 640 1382 Merito
653 1345 768 1382 videri
794 1347 928 1396 posset,
953 1350 992 1385 S.
1018 1347 1196 1385 Thomam
1215 1371 1225 1386 ‚
1256 1348 1292 1383 &

356 1424 383 1441 ,‚
413 1396 622 1442 Magistrum
640 1394 791 1432 Scotum
806 1397 928 1434 eadem
944 1397 1077 1435 senfiffe
1089 1399 1182 1432 circa
1203 1409 1293 1444 prce·

355 1476 384 1491 ‚‚
414 1447 488 1483 sens
504 1445 691 1493 quaesttum
708 1473 718 1483 .
742 1448 942 1494 thuidem
967 1447 1199 1496 perpendenti
1215 1459 1293 1483 ver-

356 1525 383 1542 ‚,
411 1500 452 1534 ba
469 1494 591 1534 Sanffi
604 1494 775 1535 Dofioris
787 1498 869 1534 locis
871 1498 951 1544 jam
976 1499 1182 1545 indignatis
1198 1523 1207 1539 ,
1224 1509 1295 1533 non

356 1575 382 1592 ‚‚
410 1549 506 1583 aliud
525 1545 722 1592 significare
736 1550 959 1594 apparebunt
975 1573 988 1591 ,
1014 1560 1122 1597 quam
1157 1547 1295 1585 Doctor

411 1598 536 1634 diserte
553 1597 658 1631 docet
672 1621 683 1636 ,
694 1606 802 1642 atque
816 1599 942 1634 exaae
953 1600 1111 1635 declarat
1127 1623 1136 1632 .
1152 1599 1294 1635 Verun-

356 1675 384 1693 ,‚
413 1659 531 1684 tamen
549 1645 743 1693 cajetanus
757 1649 822 1685 cit.
854 1649 954 1685 aliter
982 1648 1132 1688 sentiens
1165 1648 1295 1684 nititur

354 1727 384 1743 „
410 1699 543 1734 solvere
554 1697 783 1734 fundamenta
799 1699 994 1740 DoEtoris;
1017 1699 1110 1736 unde
1125 1698 1168 1733 ad
1189 1709 1295 1745 argu-

356 1776 382 1795 ‚‚
411 1759 567 1785 mentum
590 1746 783 1783 adduaum
803 1758 869 1797 pro
887 1748 1057 1793 stalutione
1082 1748 1294 1795 responden

357 1827 383 1844 ,‚
410 1801 494 1846 quia
509 1798 608 1833 Dens
625 1798 687 1832 tali
701 1798 735 1833 in
752 1798 939 1847 hypothesi
971 1799 1105 1846 injuste
1135 1800 1293 1841 faceret,

356 1876 384 1894 ,‚
411 1862 480 1885 non
498 1847 608 1896 potest
623 1846 829 1885 subtrahere
845 1851 996 1894 gloriam
1015 1851 1171 1888 debitam
1190 1850 1295 1887 meri-

357 1929 383 1945 ,‚
412 1912 449 1935 to
464 1913 473 1935 :
488 1911 557 1934 non
570 1899 655 1945 quia
667 1897 842 1935 debeatur
853 1897 947 1936 aaut
961 1900 1135 1943 absolute,
1150 1899 1205 1936 sed
1218 1912 1295 1946 gra-

359 1980 385 1997 ‚‚
413 1952 489 1992 tiae,
512 1961 557 1985 ex
572 1960 643 1996 qua
661 1947 725 1991 fit,
746 1950 839 1985 utstt
866 1950 968 1987 aetus
992 1951 1195 1988 meritorius
1214 1975 1224 1985 .
1255 1949 1294 1986 id

357 2030 384 2047 ,‚
413 2012 497 2036 vero
511 2027 522 2041 ‚
542 1999 787 2047 inquit‚habet
801 2002 915 2045 gratia
927 2027 940 2043 ,
965 2002 1117 2049 eoquod
1140 2000 1221 2036 talis
1235 2013 1295 2036 na·

358 2081 384 2096 ,‚
410 2063 488 2087 tuta
507 2050 546 2086 fit
564 2075 573 2084 .
603 2050 700 2098 Qa
715 2051 824 2096 igitur
837 2051 938 2087 Deus
954 2053 1076 2098 nequit
1092 2063 1197 2097 agere
1209 2063 1295 2086 con-

357 2130 384 2146 „
412 2112 464 2136 tra
478 2098 624 2146 seipsum
639 2126 650 2141 ‚
674 2099 755 2136 ideo
765 2111 837 2135 non
851 2100 960 2147 potest
978 2103 1151 2149 denegare
1164 2112 1296 2137 merce·

358 2179 384 2196 „
412 2151 491 2186 dem
503 2150 658 2185 debitam
676 2150 840 2196 operanti
854 2151 1052 2188 meritorie.

458 2200 566 2239 Aliud
589 2198 858 2235 fundamentum
887 2200 1056 2238 Dofioris
1080 2201 1215 2238 taaum
1242 2212 1295 2237 re-

358 2252 543 2300 sponsione
558 2249 646 2286 efz'd
657 2248 876 2294 secundum.
908 2254 960 2285 De
988 2253 1067 2289 Deo
1090 2253 1297 2299 praemiame

357 2305 450 2339 ultra
493 2300 711 2344 condignum
750 2298 854 2334 solvit
881 2298 1082 2344 Cajetanus
1113 2313 1174 2348 per
1200 2301 1269 2335 hoc
1284 2325 1296 2341 ,

356 2350 647 2399 quialiberalitas
659 2348 780 2384 divina
802 2358 1034 2386 remunerans
1060 2350 1165 2398 supra
1192 2349 1294 2387 meri-

356 2416 433 2438 tum
449 2429 458 2443 ‚
487 2412 556 2436 non
568 2399 689 2434 adimit
704 2399 830 2434 merito
844 2401 917 2435 vim
931 2398 1024 2436 suam
1040 2426 1049 2436 .
1073 2405 1173 2438 Nam
1198 2402 1297 2437 Deus

356 2452 506 2488 reddens
523 2451 670 2496 gloriam
686 2459 724 2484 ut
737 2447 810 2485 duo
824 2449 881 2493 ei,
895 2452 958 2497 qui
977 2451 1153 2487 meruisset
1168 2463 1296 2493 unum,

356 2515 427 2537 non
446 2502 528 2537 Ἐιεῑῑ
545 2500 628 2546 quia
642 2499 741 2535 aetus
755 2499 811 2534 ilie
823 2502 988 2537 meruerit
999 2513 1045 2538 ex
1060 2501 1179 2539 stricta
1193 2499 1298 2548 justi-

358 2553 407 2588 tia
423 2554 570 2598 gloriam
588 2560 626 2584 ut
638 2561 751 2585 unum
763 2576 772 2585 .
799 2552 886 2586 Haec
899 2552 962 2587 ille
976 2578 987 2587 .

463 2629 487 2643 ‚,
517 2604 710 2648 Quantum
736 2598 779 2634 ad
807 2602 961 2646 primum
985 2629 997 2645 ‚
1025 2605 1129 2639 nobis
1153 2602 1297 2639 videtur

360 2678 386 2694 ‚‚
416 2650 617 2697 Cajetanus
630 2650 748 2685 verbis
760 2650 906 2686 asserere
919 2655 1020 2700 quod
1041 2653 1150 2699 reipsa
1168 2665 1299 2700 negare

360 2729 388 2747 ‚‚
411 2701 559 2738 intendit
575 2726 584 2735 .
611 2699 713 2749 Qid
725 2700 773 2736 est
788 2702 881 2736 enim
899 2729 911 2744 ,
941 2705 1057 2740 Deum
1079 2705 1196 2740 facere
1228 2714 1299 2739 non

362 2779 388 2796 „
420 2751 511 2798 poffe
529 2762 652 2786 contra
665 2749 845 2799 seipsum,
869 2752 986 2788 irritas
1015 2755 1193 2792 reddendo
1218 2765 1300 2802 pro-

362 2827 391 2846 ,‚
419 2801 591 2838 missiones
609 2800 687 2836 suas
700 2802 743 2837 de
753 2800 868 2846 gloria
883 2804 1086 2849 elargienda
1113 2806 1220 2840 certis
1237 2804 1302 2838 ho-

363 2879 389 2896 ‚,
420 2853 554 2887 minum
571 2852 739 2896 operibus
754 2877 766 2894 ‚
794 2851 854 2888 nis·
870 2855 968 2900 quod
983 2858 1039 2893 ille
1056 2855 1220 2893 instinetu
1235 2854 1302 2890 suae

364 2929 390 2946 ‚,
420 2902 588 2936 bonitatis
602 2927 611 2942 ,
634 2901 666 2935 8(
681 2901 858 2945 largitatis
872 2929 884 2945 ‚
916 2904 963 2940 ita
974 2907 1156 2943 ordinavit
1171 2905 1184 2940 ?
1197 2907 1303 2943 snm.

365 2979 392 2996 „
421 2963 474 2987 ma
490 2961 677 2998 propterea
688 2948 768 2996 ejus
785 2952 832 2986 rei
848 2952 1052 2993 refunditur
1075 2958 1110 2993 in
1127 2957 1193 2993 Dei
1208 2956 1303 2990 ordi·

365 3029 393 3046 >2
421 3004 589 3043 natione,
615 3001 649 3036 ἆ
664 3001 887 3046 promissione
900 3003 943 3041 de
967 3006 1189 3052 acceptando
1205 3005 1305 3041 acius

363 3080 393 3097 ‚‚
421 3053 557 3088 elicitos
572 3063 616 3086 ex
630 3051 740 3096 gratia
756 3052 789 3086 in
806 3052 932 3089 ordine
945 3056 987 3091 ad
1003 3056 1190 3102 proemium
1205 3067 1306 3093 aeter-

370 3130 396 3146 ‚‚
424 3115 474 3139 nae
488 3102 607 3147 gloriae
622 3126 633 3141 ‚
656 3101 687 3136 S<
705 3112 774 3136 non
787 3102 886 3147 quod
906 3105 952 3141 ita
969 3107 1007 3143 fir
1023 3108 1184 3141 debitum
1210 3106 1305 3142 36ὶυὶ

369 3179 397 3196 ,,
423 3150 675 3188 exintrinsecis
693 3150 781 3186 suis.
812 3153 926 3200 Quod
951 3157 1047 3193 addit
1075 3154 1277 3201 Cajetanus
1294 3183 1305 3198 ,

369 3229 397 3246 „
424 3213 623 3248 competere
634 3200 701 3235 hoc
715 3204 836 3246 gratia:
848 3228 861 3245 ‚
888 3217 930 3239 eo
943 3209 1041 3253 quod
1057 3209 1139 3243 talis
1152 3217 1306 3241 natum„

370 3281 395 3298 ‚‚
425 3253 463 3287 lit
480 3279 491 3294 ‚
514 3250 651 3288 reducit
666 3250 814 3297 praesens
831 3254 1018 3298 quaelitum
1044 3259 1086 3292 ad
1110 3259 1201 3293 illam
1222 3267 1306 3290 con-

372 3328 398 3347 ,‚
425 3301 630 3337 troverstam
650 3315 660 3339 3
678 3312 721 3336 an
736 3302 857 3345 gratiae
873 3303 1020 3352 physice
1035 3307 1224 3343 conveniat
1240 3305 1307 3341 sta·

372 3380 399 3399 ,‚
426 3364 527 3388 tuere
540 3349 599 3397 jus
611 3350 651 3385 ad
666 3352 813 3397 gloriam
829 3379 840 3394 ,
868 3366 911 3389 an
926 3354 1036 3391 solum
1054 3357 1234 3392 moraliter
1249 3382 1258 3396 ,
1273 3357 1306 3391 8(

372 3431 398 3447 ,,
427 3413 468 3437 cx
486 3400 811 3438 Deiordinatione?
839 3405 1056 3449 Negativam
1080 3418 1212 3453 partem
1239 3417 1308 3439 a-m-

371 3480 399 3498 ‚‚
428 3452 592 3498 pleStitur
622 3451 757 3487 Οοξὶοτ
770 3464 806 3497 4.
821 3452 904 3488 diff.
927 3455 982 3492 ¹6.
998 3467 1030 3502 q.
1047 3468 1082 3493 z.
1111 3458 1173 3491 ubi
1198 3456 1311 3500 Magi-

373 3530 399 3547 ‚,
429 3503 496 3539 ster
511 3504 706 3548 Hiquaeus:
731 3502 764 3537 8(
790 3503 936 3549 quoties
961 3505 1066 3542 docet
1090 3515 1309 3551 peccatum-2

374 3579 401 3597 ‚,
428 3553 565 3589 nonnisi
583 3551 809 3588 demeritorie
819 3552 996 3591 destruere
1008 3558 1154 3601 gratiam
1171 3582 1181 3598 ,
1196 3555 1313 3590 stmul-

374 3630 401 3647 ‚,
427 3616 497 3652 qne
527 3601 621 3650 posse
648 3602 736 3640 stare
761 3604 803 3639 de
825 3607 984 3649 potentia
1009 3606 1198 3646 absoluta;
1218 3615 1260 3640 ut
1280 3616 1312 3651 3.

375 3681 402 3698 ‚‚
429 3654 515 3690 dm.
531 3654 589 3690 28.
607 3662 678 3688 aru.
695 3665 728 3690 2-
745 3653 788 3692 (θ’
804 3653 912 3692 aldu‘.

422 3731 451 3751 ‚,
480 3704 535 3739 Ad
550 3702 782 3752 Vasquefium
799 3706 898 3750 quod
915 3706 1041 3743 attinet
1054 3733 1064 3746 ‚
1091 3705 1260 3751 ponimus
1277 3708 1312 3742 in

372 3782 398 3799 ,‚
428 3753 583 3791 medium
598 3767 678 3802 quae
694 3755 1150 3801 habetMagisterCavellus
1159 3757 1314 3793 enScolio

362 3833 390 3848 „
415 3807 464 3841 ad
476 3815 549 3852 ιγ.
568 3803 670 3853 super
687 3806 771 3840 α’ὶῶἱ.
785 3807 1051 3854 ι9.3.Μει-ἰωπι
1069 3833 1080 3849 ,
1109 3807 1224 3854 inquit
1240 3806 1315 3843 de..

1194 173 1378 242 Joannis
1413 176 1540 221 Duns
1572 174 1689 222 Scoti

1352 253 1469 278 mente
1483 244 1582 279 Scoti
1597 269 1609 284 ,
1637 251 1784 279 eatenus
1798 240 1845 278 est
1862 244 2025 279 meritum
2048 245 2262 291 completive
2278 272 2291 287 ,

1350 302 1530 339 quatenus
1543 302 1770 343 acceptatum
1786 306 1802 326 a
1816 291 1901 331 Deo
1918 294 1963 328 ab
1985 304 2116 330 aeterno
2130 295 2174 333 ad
2189 297 2289 333 tale„

1350 345 1557 389 proemium.
1587 343 1685 392 Qa
1700 342 1859 386 alioquin
1881 345 1979 387 operi
1990 346 2085 379 bono
2110 355 2290 385 teneretur:

1352 395 1452 428 Deus
1464 405 1508 428 ex
1521 391 1657 438 justitia
1676 391 1744 426 fine
1759 392 1835 428 ullo
1847 390 1954 439 pa&o
1970 393 2053 431 dare
2076 396 2287 441 proemium:

1350 454 1414 478 nec
1427 443 1624 489 praerniaret
1644 441 1736 476 ultra
1751 441 1969 486 condignum
1986 470 1999 486 ,
2022 444 2049 480 si
2062 444 2197 481 secluso
2211 458 2289 481 otn-

1351 493 1384 526 ni
1400 492 1504 538 paeto
1516 492 1615 527 daret
1629 499 1769 526 tanturn
1783 516 1795 531 ,
1819 503 1995 536 quantum
2021 497 2119 543 operi
2131 496 2227 531 bono
2241 508 2289 532 ex

1349 541 1536 577 intrinseca
1553 542 1715 576 bonitate
1727 538 1917 576 deberetur
1933 548 1943 577 2
1970 555 2042 580 non
2066 545 2153 580 dicit
2179 545 2288 582 solam

1351 591 1632 637 acceptationem
1651 588 1719 625 effe
1733 590 1898 625 meritum
1915 615 1927 631 ‚
1951 603 1990 627 ut
2009 594 2043 628 ei
2064 596 2261 643 imponitur
2275 621 2288 638 ,

1352 639 1408 676 sed
1425 638 1511 678 illud
1524 641 1718 688 complere.
1732 640 1870 677 Contra
1886 638 1955 674 hoc
1969 642 2162 681 Thornistae
2177 657 2288 694 agunt

1358 701 1388 725 ι.
1404 699 1438 725 2.
1451 702 1484 738 q.
1506 703 1520 727 ι
1534 702 1590 736 ¹4·
1599 698 1672 726 art.
1690 700 1723 735 3.
1737 689 1910 736 Vasquez
1923 689 1970 725 ibi
1981 691 2112 742 disput.
2123 704 2142 729 a
2153 707 2204 742 ¹4·
2223 698 2290 732 mi-

1351 750 1417 777 nns
1432 739 1588 778 modeste
1601 740 1809 777 sententiam
1820 740 1912 775 hanc
1926 743 2146 787 verissimam,
2159 748 2203 782 ab
2214 747 2290 794 ipso

1352 801 1422 826 non
1439 790 1652 828 ilitelleetam
1667 814 1681 833 ‚
1692 791 1790 837 quali
1805 790 1982 828 haereticis
1994 792 2130 831 affinem
2146 821 2158 837 ,
2172 795 2288 843 impu-

1350 851 1436 886 gnat
1453 865 1462 875 .
1481 841 1548 879 Sed
1560 839 1703 887 paetum
1721 841 1854 888 requiri
1871 838 1915 875 ad
1937 844 2104 880 meritum
2119 871 2130 887 ,
2159 858 2288 892 praetet

1350 892 1502 928 Scotum
1520 920 1530 936 ‚
1543 890 1576 925 &
1591 890 1761 927 Scotistas
1775 918 1786 933 ‚
1800 900 1921 928 tenent
1937 891 2007 941 ipse
2024 895 2069 930 D.
2086 891 2287 932 Thom.cit.

1350 952 1388 987 q.
1401 948 1474 976 art.
1486 955 1521 988 4.
1551 941 1716 976 Bellarm.
1744 942 1845 988 Vega
1862 967 1874 983 ‚
1897 939 2062 980 Valentia
2084 943 2155 980 ἃς.
2180 947 2291 982 &en

1350 989 1460 1038 presse
1471 992 1625 1030 habetur
1639 1002 1683 1027 ex
1696 991 1862 1030 Trident.
1884 989 1958 1028 sefl'.
1970 994 2007 1031 6.
2022 1007 2105 1043 cap.
2125 994 2180 1032 16.
2196 997 2286 1033 Hac

1349 1041 1524 1080 Cavellus
1537 1068 1548 1079 .

1509 1140 2012 1184 ARthvas
2064 1116 2179 1182 iil-,⁵

1451 1242 1584 1280 Utrum
1621 1246 1736 1290 gratia
1759 1244 1800 1281 fit
1822 1246 2039 1294 principium
2072 1247 2192 1283 meriti

1495 1296 1726 1343 principalius
1738 1307 1798 1341 per
1811 1296 2145 1343 charitatem,quam

1619 1357 1683 1394 per
1714 1346 1803 1383 alias
1832 1346 2019 1384 virtutes?

1347 1441 1479 1479 Doi‘t'or
1491 1454 1535 1480 ex
1551 1443 1631 1490 dast.
1642 1456 1683 1490 4¹
1692 1469 1702 1480 .
1716 1447 1857 1484 2.Sent.
1871 1443 2186 1494 utriusquescripti
2197 1444 2242 1484 θ
2252 1455 2286 1492 3.

1397 1493 1475 1541 dist.
1495 1494 1553 1541 36.
1569 1496 1606 1536 §.
1619 1493 1662 1530 de
1679 1497 1783 1531 tertio
1796 1497 1962 1533 articulo.
1978 1498 2021 1533 S.
2041 1497 2241 1533 Thomna.

1632 1543 1752 1596 quaest.
1784 1559 1797 1582 ι
1811 1559 1865 1596 ι4.
1895 1555 1967 1584 art.
1977 1558 2013 1594 4.

1349 1645 1442 1733 R
1457 1643 1642 1691 Espondeo
1657 1645 1845 1685 dicendum
1864 1675 1875 1691 ,
1901 1649 2048 1693 gratiam
2071 1647 2141 1684 effe
2154 1645 2289 1695 princi-

1469 1695 1568 1742 pium
1585 1698 1699 1732 meriti
1716 1699 1948 1745 principalius
1961 1711 2022 1745 per
2050 1698 2257 1734 charitatem
2276 1722 2289 1738 ‚

1347 1759 1456 1794 quam
1472 1755 1534 1792 per
1545 1747 1631 1782 alias
1644 1747 1879 1794 quascunque
1896 1748 2048 1784 virtutes
2066 1775 2074 1784 .
2098 1748 2294 1784 etenimex

1347 1798 1450 1834 diffis
1463 1795 1568 1843 supra
1581 1809 1614 1844 q.
1631 1796 1691 1841 65.
1705 1808 1777 1834 art.
1791 1799 1900 1835 2.ets1
1916 1809 2055 1834 caeterae
2070 1798 2228 1833 virtutes
2240 1795 2293 1836 es.

1349 1846 1382 1883 se
1395 1855 1550 1897 queant,
1581 1847 1614 1884 ἃ
1634 1845 1820 1886 subsistere
1847 1850 1880 1884 in
1907 1848 2054 1887 homine
2077 1847 2186 1895 quta
2211 1858 2296 1893 pro-

1349 1899 1462 1944 priam
1479 1895 1633 1946 ipsarum
1646 1908 1810 1935 naturam
1829 1925 1838 1939 ‚
1861 1898 2089 1936 &formalem
2116 1899 2299 1933 rationem

1350 1948 1409 1984 seu
1425 1947 1573 1984 morales
1594 1973 1603 1987 ,
1616 1946 1675 1983 seu
1689 1948 1919 1996 Theologicae
1937 1949 1999 1985 lint
2014 1950 2048 1987 in
2063 1948 2297 1989 hominenon.

1350 1998 1502 2035 habente
1514 1996 1724 2034 charitatem
1743 2011 1757 2040 3
1771 1997 1854 2047 ipsae
1863 2010 1981 2036 tamen
1995 1999 2065 2035 fine
2077 1999 2134 2036 illa
2148 1996 2227 2035 sunt
2240 1996 2295 2032 in·
2338 2039 2341 2043 ,

1349 2050 1481 2085 formes
1508 2058 1670 2084 carentes
1691 2049 1821 2085 ultima
1855 2047 2078 2097 perfectione
2095 2075 2109 2091 ‚
2138 2059 2220 2095 quae
2245 2046 2295 2084 cst

1352 2098 1514 2135 reduffio
1531 2097 1683 2133 hominis
1701 2099 1736 2134 in
1760 2099 1926 2135 ultimum
1951 2099 2057 2135 finem
2077 2124 2087 2134 .
2110 2096 2174 2136 Ad
2201 2097 2296 2133 hanc

1355 2150 1490 2197 quippe
1517 2146 1764 2185 reduaionem
1794 2150 1937 2196 reliquae
1959 2160 2083 2185 ornnes
2108 2151 2295 2184 virtutesa

1356 2199 1530 2234 charitate
1569 2196 1763 2244 disponunt
1801 2200 1945 2246 quidem
1972 2199 2153 2235 hominem
2177 2223 2189 2239 ,
2202 2196 2293 2234 red·-

1348 2249 1471 2285 dentes
1482 2247 1594 2293 ipsum
1608 2248 1761 2284 habilem
1774 2276 1785 2291 ,
1811 2260 1919 2299 atque
1931 2247 2101 2286 idoneum,
2111 2275 2125 2291 ,
2139 2259 2177 2284 ut
2190 2248 2293 2284 redu.

1353 2309 1460 2334 catur
1471 2297 1514 2332 ad
1532 2298 1632 2332 illum
1649 2322 1662 2339 ,
1680 2308 1719 2331 ac
1733 2298 1862 2334 ultimo
1876 2299 2080 2346 perficiatur
2095 2312 2108 2340 ;
2123 2297 2232 2334 solius
2242 2308 2294 2332 ta„-

1351 2360 1429 2384 rnen
1445 2346 1629 2383 charitatis
1652 2347 1700 2383 est
1716 2347 1890 2395 respicere
1915 2348 2019 2386 finem
2038 2349 2213 2388 ultimum
2228 2348 2293 2382 im*

1352 2398 1504 2435 mediate
1520 2424 1528 2438 ‚
1543 2397 1575 2433 8(
1594 2397 1641 2432 ita
1659 2398 1744 2433 alias
1758 2399 1909 2435 virtutes
1922 2398 2090 2436 ordinare
2104 2397 2146 2434 ad
2157 2396 2208 2441 id,
2223 2407 2299 2443 quo

1352 2447 1424 2497 ipsa
1443 2460 1502 2495 per
1517 2445 1549 2483 se
1564 2474 1576 2490 ,
1600 2446 1633 2482 8(
1647 2448 1762 2495 primo
1774 2450 1885 2485 tendit
1905 2461 1918 2491 3
1934 2449 2009 2484 aliae
2021 2450 2130 2496 igitur
2143 2449 2297 2484 virtutes

1352 2498 1524 2546 respicere
1541 2509 1611 2534 non
1628 2497 1770 2545 possunt
1783 2535 1786 2538 ,
1799 2498 1902 2537 finem
1928 2500 2094 2538 ultimum
2106 2524 2118 2541 ,
2146 2497 2209 2533 nisa
2223 2509 2297 2533 me-

1352 2549 1471 2586 diante
1485 2546 1559 2595 ipsa
1575 2546 1749 2584 charitate
1763 2575 1772 2585 .
1799 2552 1878 2586 Hac
1893 2550 2002 2595 igi-tur
2020 2551 2156 2585 ratione
2168 2546 2298 2595 dicum
2335 2585 2338 2587 Α

1353 2611 1413 2636 tur
1424 2609 1550 2634 omnes
1564 2597 1733 2635 informes
1751 2599 1819 2635 fine
1839 2601 2013 2636 charitate
2030 2627 2040 2642 ‚
2066 2599 2103 2635 ἃ
2132 2598 2294 2634 formata

1353 2647 1539 2698 peripsam
1558 2674 1569 2691 ‚
1595 2659 1774 2696 quatenus
1788 2648 1943 2686 charitas
1969 2649 2105 2686 easdem
2130 2648 2297 2692 ordinat,

1354 2703 1388 2737 8(
1407 2699 1495 2736 fines
1510 2710 1630 2735 earum
1647 2700 1679 2734 in
1697 2699 1799 2735 finem
1816 2702 1984 2736 ultimum
2002 2713 2014 2741 ;
2031 2711 2104 2748 qua
2123 2699 2249 2745 utique
2262 2698 2298 2733 in

1355 2751 1581 2786 ordinatione
1599 2750 1660 2786 lita
1673 2748 1722 2787 est
1736 2749 1892 2799 ipsarum
1906 2752 2030 2788 ultima
2047 2748 2219 2801 perfeaio
2230 2774 2242 2792 ,
2259 2749 2300 2785 li-

1355 2812 1412 2838 cet
1425 2799 1618 2837 extrinseca
1632 2827 1640 2837 .

1457 2853 1539 2889 Hoc
1555 2862 1674 2887 autem
1689 2850 1873 2899 supposito
1884 2876 1898 2895 ‚
1923 2852 2070 2890 evidens
2083 2851 2132 2889 est
2143 2875 2156 2895 ‚
2167 2850 2300 2898 princi·

1356 2902 1454 2949 pium
1467 2902 1581 2936 omnis
1596 2902 1709 2937 meriti
1728 2902 1954 2940 statuendum
1972 2901 2038 2940 effe
2055 2928 2066 2944 ,
2078 2913 2186 2947 atque
2200 2902 2304 2937 attri-

1359 2950 1540 2989 buendum
1556 2951 1785 2999 principalius
1801 2953 1862 2999 ipst
1879 2952 2073 2995 charitati,
2095 2963 2164 2988 non
2182 2960 2302 2987 autem

1360 3003 1436 3039 aliis
1462 3001 1684 3044 virtutibus,
1710 3015 1727 3038 a
1750 3004 1884 3050 quibus
1920 3016 1983 3051 per
2006 3002 2038 3038 se
2074 3001 2301 3037 consideratis

1360 3051 1454 3088 abest
1471 3053 1619 3087 omnino
1632 3053 1722 3089 ratio
1738 3054 1870 3095 meriti,
1884 3055 1942 3089 cui
1955 3051 2175 3100 rependenda
2192 3051 2231 3086 fit
2247 3052 2303 3086 vi-

1361 3112 1396 3138 ta
1412 3112 1570 3142 aeterna3
1594 3114 1634 3138 ac
1652 3103 1797 3150 proinde
1809 3107 1951 3151 quoties
1962 3104 2138 3149 contingit
2150 3127 2162 3142 ,
2185 3102 2302 3136 homi-

1363 3164 1441 3187 nem
1460 3153 1586 3187 mereri
1616 3155 1725 3189 vitam
1754 3164 1918 3189 aeternam
1934 3167 1994 3202 per
2013 3154 2100 3189 alias
2124 3153 2276 3186 virtutes
2290 3177 2302 3193 ,

1363 3202 1597 3250 principalius
1612 3203 1646 3237 id
1660 3203 1784 3239 ascribi
1808 3214 1975 3251 oportere
1997 3203 2164 3239 charitati
2189 3227 2200 3244 ,
2224 3213 2303 3246 quae

1364 3251 1425 3287 nifi
1442 3254 1588 3296 imperet
1603 3252 1704 3288 aetus
1722 3264 1843 3288 earum
1862 3254 2040 3289 virtutum
2054 3279 2065 3295 ,
2097 3264 2166 3288 non
2178 3251 2228 3290 est
2240 3265 2307 3290 ex·

1365 3300 1536 3350 peclanda
1555 3312 1681 3338 aeterna
1699 3304 1891 3338 retributio
1907 3315 1968 3351 per
1979 3301 2070 3349 ipsos
2085 3328 2095 3337 .

1468 3350 1602 3386 Verum
1621 3352 1770 3397 intelligi
1797 3352 1909 3399 potest
1926 3379 1937 3395 ,
1966 3352 2086 3389 adium
2110 3353 2310 3400 proceden-

1367 3411 1438 3436 tem
1455 3413 1471 3435 a
1489 3400 1683 3443 charitate,
1711 3403 1765 3439 vel
1780 3402 1991 3449 imperatum
2019 3415 2080 3450 per
2105 3405 2200 3440 illam
2214 3429 2226 3447 ,
2251 3415 2308 3439 re·

1370 3449 1452 3486 ferri
1467 3451 1502 3485 in
1516 3450 1619 3487 finem
1637 3451 1804 3487 ultimum
1818 3454 2006 3499 tripliciter
2018 3478 2027 3488 .
2043 3454 2164 3490 Primo
2178 3455 2211 3489 in
2226 3454 2307 3489 abiu

1371 3500 1558 3540 exerci103
1579 3513 1618 3537 ut
1631 3502 1791 3548 cogitans
1804 3501 1846 3536 de
1861 3505 1939 3539 Deo
1953 3529 1964 3544 ,
1989 3505 2024 3539 in
2050 3502 2179 3539 effeetu
2192 3503 2308 3549 diligit

1372 3552 1499 3592 illum,
1530 3551 1562 3586 &
1581 3552 1655 3587 vult
1671 3551 1807 3597 aliquid
1821 3563 1965 3599 propter
1994 3554 2093 3590 illurn
2107 3578 2117 3588 .
2142 3554 2310 3591 Secundo

1374 3603 1409 3637 in
1429 3601 1564 3637 virtute
1578 3627 1587 3641 ,
1616 3601 1703 3637 ficut
1718 3612 1760 3637 ex
1775 3604 1981 3646 cognitione
1994 3629 2006 3645 ,
2032 3602 2066 3637 8(
2090 3600 2313 3640 daemone-..2

1376 3651 1455 3685 finis
1467 3650 1660 3686 deventum
1677 3650 1726 3687 est
1743 3650 1785 3686 ad
1805 3653 2012 3688 volitionem
2030 3651 2142 3699 hujus
2169 3657 2258 3689 entis
2274 3655 2315 3690 ad

1377 3701 1481 3736 linem
1499 3715 1509 3742 ;
1536 3712 1648 3748 quare
1663 3713 1705 3736 ex
1720 3702 1925 3745 cognitione
1940 3728 1951 3743 ‚
1979 3704 2012 3739 &
2028 3703 2217 3741 dilefflone
2245 3705 2315 3742 Dei

1379 3753 1578 3798 pertinente
1590 3750 1632 3784 ad
1649 3751 1849 3798 portionem
1874 3750 2090 3798 superiorem
2105 3779 2114 3794 ,
2131 3756 2249 3801 portio
2264 3757 2317 3790 in-

1383 3802 1488 3838 ferior
1504 3800 1696 3837 confidetat
1710 3802 1816 3836 talem
1846 3801 1966 3838 naum
1980 3828 1993 3844 ‚
2013 3814 2054 3839 ut
2079 3805 2294 3853 poenitentiae
2310 3831 2320 3846 ,

2208 3852 2274 3890 eise

2363 3417 2447 3447 aeus
2464 3418 2540 3448 refer-

2344 3464 2388 3484 tur
2401 3465 2427 3483 tn
2449 3457 2540 3492 finem,

2351 3493 2433 3529 aaa,
2461 3499 2541 3526 virtu-

2346 3539 2376 3560 te
2388 3552 2399 3568 ‚
2410 3535 2436 3561 δι
2451 3535 2541 3563 habitu

2348 3571 2375 3598 δ(
2388 3576 2542 3611 ςιιοιῐιοάοι
2572 3597 2573 3602 ,

2427 3661 2546 3692 videnda

2350 3700 2437 3743 glossa
2464 3704 2489 3730 M
2495 3701 2545 3738 agi-

2351 3741 2397 3772 ssri
2415 3740 2528 3778 Lycheti
2537 3755 2546 3766 ·
