2602 4011
18 2046 46 2074 3·
57 2032 117 2062 dist·
134 2040 177 2064 ¹90
191 2033 216 2064 ο*

16 2079 166 2113 „Quantum
177 2071 215 2098 ad

8 2110 214 2153 Juffiu'entiam·

36 2507 121 2537 Αᾶυς
133 2504 217 2533 meri·

17 2549 86 2576 torti
135 2543 218 2584 paffi-

15 2595 83 2614 νισι
140 2591 220 2612 acce-

15 2627 173 2663 prationem

15 2666 152 2701 pertinere
184 2658 218 2687 ad

16 2703 110 2731 meriti
157 2699 217 2726 for·

14 2741 120 2771 malem
132 2745 218 2767 ratio·

16 2787 102 2808 nent.

8 3464 86 3493 Licet
131 3473 213 3495 cotn-

8 3504 115 3540 pletiva
137 3514 210 3533 ratio

9 3542 100 3569 meriti
114 3541 144 3570 fit
159 3545 214 3573 Dei

8 3584 167 3616 acceptatio
201 3600 213 3615 ‚

9 3627 104 3645 tamen
149 3621 212 3652 jn„

9 3665 103 3684 mente
119 3660 211 3688 nostra

8 3696 46 3725 est
56 3700 173 3727 meteri.

623 187 782 236 Tamus
800 189 880 234 III.
898 193 1001 236 Par.
1019 191 1076 236 II.
1105 191 1293 268 Qaestio
1313 185 1475 240 CXIV.
1505 195 1606 242 Art.
1629 198 1865 248 Incidensss

358 303 744 345 ARTlCULUS
787 307 1140 347 lNClDENS.

411 407 542 443 Utrum
556 409 756 453 acceptatio
768 407 888 443 divina
904 410 1081 456 pertineat

534 455 577 491 ad
602 457 720 494 meriti
747 460 918 496 rationem
937 484 949 495 .

272 555 415 592 ‘Dotion
430 567 461 591 t.
476 551 558 601 dist.
577 565 633 602 ¹7.
648 569 682 605 q.
697 569 730 606 3.
741 565 780 600 5.
804 559 873 597 Sed
888 571 983 595 nunc
996 559 1045 596 est
1063 558 1215 597 ulterius

320 605 470 642 dubium
487 630 497 641 .
525 603 568 641 In
580 605 723 656 Report.
735 609 867 647 ibidem
877 622 911 658 q.
926 621 961 645 z.
979 612 1021 647 S.
1044 610 1165 648 Thom.

375 667 404 692 r.
423 664 457 691 2.
472 667 507 703 q.
529 669 541 693 t
556 670 607 705 14.
623 668 694 695 art.
717 672 746 695 t.
763 659 821 696 Ad
834 662 979 696 tertium
993 687 1003 702 ‚
1025 661 1115 698 &in

419 717 571 751 corpore
585 735 594 749 ,
624 709 670 750 ὠ·
683 719 755 747 art.
768 722 805 756 4.
815 711 850 745 in
864 709 1038 747 solutione
1053 737 1064 748 .

441 754 638 795 caietanus
656 760 689 794 in
703 771 897 798 comment.
913 769 986 795 art.
1001 772 1035 807 3.

481 807 692 858 Vasquest'us
713 823 739 847 1.
759 821 794 847 z.
810 808 892 857 disp.
911 820 996 855 2¹4·

624 869 687 910 per
713 870 825 899 totum
838 887 847 898 .

389 959 510 996 iderur
526 961 626 999 afius
641 964 783 1000 elicitus
809 962 853 998 ab
878 961 1031 998 habente
1056 961 1210 998 charita-

398 1021 467 1047 tem
485 1039 492 1051 ,
506 1012 573 1048 esse
584 1015 761 1062 complete
778 1013 983 1049 meritorius
996 1024 1056 1057 per
1073 1012 1210 1059 aliquid

259 1061 361 1108 quod
374 1061 474 1097 estin
496 1075 649 1100 merente
668 1090 676 1098 .
691 1067 784 1101 Nam
803 1063 903 1098 aSlus
919 1063 1052 1099 dici-ur
1064 1065 1210 1100 merito·

261 1114 338 1149 rius
353 1124 397 1147 ex
415 1123 481 1155 eo,
507 1113 606 1159 quod
621 1114 670 1150 est
696 1112 730 1147 in
743 1112 916 1160 potestate
941 1114 1140 1150 voluntatis
1168 1112 1205 1147 li.

258 1165 345 1199 bere
363 1167 525 1208 ponentis
541 1162 744 1210 i-psnm:Sed
756 1163 850 1198 anio
861 1163 980 1198 divina
994 1190 1002 1202 ‚
1019 1175 1090 1209 qua
1104 1164 1205 1199 all-‘tus

258 1213 393 1250 dicitur
421 1214 597 1260 acceptari
614 1241 622 1252 ,
649 1225 720 1249 non
738 1212 832 1249 estin
849 1212 1022 1258 potestate
1037 1216 1205 1249 volunta-

258 1263 307 1299 tis
318 1260 510 1305 merenti53
537 1261 623 1309 ergo
638 1263 681 1300 ad
696 1263 811 1299 meriti
837 1264 1010 1298 rationem
1035 1275 1105 1300 non
1128 1275 1206 1313 per·

257 1314 346 1350 tinet
361 1315 560 1358 acceptatio
574 1313 695 1350 divina
710 1339 718 1349 .

360 1364 544 1402 Praeterea.
558 1363 772 1409 Priusquam
786 1363 915 1411 aliquis
928 1362 1028 1399 aetus
1040 1365 1079 1400 fit
1094 1377 1109 1399 a
1124 1367 1205 1401 Deo

260 1423 466 1461 acceptatus
483 1442 495 1458 ,
521 1414 594 1461 jam
620 1427 664 1451 ex
693 1412 886 1451 intrinsecis
901 1414 969 1449 suis
995 1416 1044 1449 est
1070 1415 1200 1463 dignus

258 1466 436 1510 acceptari
457 1466 514 1506 3&
534 1465 623 1501 altus
640 1476 711 1500 non
724 1463 772 1499 est
784 1464 832 1500 ita
848 1465 997 1512 dignus:
1012 1465 1124 1508 igitur
1138 1478 1200 1501 an-

258 1522 401 1560 tequam
419 1515 637 1559 intelligatur
650 1523 857 1558 acceptatus
873 1539 885 1557 ‚
912 1514 959 1550 est
982 1515 1116 1560 aliquid
1132 1517 1196 1551 im.

258 1563 341 1603 netu
358 1590 369 1607 ‚
397 1575 473 1610 quo
484 1565 616 1611 dignus
640 1564 678 1600 {it
703 1566 903 1609 acceptar33
932 1576 1018 1609 ergo
1049 1575 1136 1600 tunc
1147 1565 1198 1602 est

256 1620 294 1654 in
309 1613 388 1653 tuso
403 1616 495 1652 ratio
510 1616 625 1652 meriti
641 1640 654 1658 ,
670 1612 790 1649 saltem
809 1614 966 1666 respefi’tu
984 1617 1201 1668 acceptatio-

256 1669 314 1705 nis
331 1692 341 1702 .
1146 1671 1154 1679 '

300 1724 301 1727 ’
358 1718 551 1754 Praeterea.
578 1715 843 1765 Sipraecipuum
861 1743 870 1758 ‚
901 1717 1086 1765 magisque
1105 1718 1202 1765 prin·

255 1770 366 1817 dpale
383 1769 417 1805 in
436 1769 565 1804 merito
577 1768 658 1805 esset
674 1778 718 1801 ex
744 1767 864 1804 divina
882 1769 1090 1815 operatione
1104 1795 1116 1811 ,
1141 1770 1203 1804 vel

254 1820 531 1865 acceptatione3
555 1817 768 1854 adeouthac
781 1828 851 1853 non
876 1818 1052 1853 intellecta
1071 1845 1082 1859 ,
1107 1820 1200 1854 ratio

254 1870 451 1906 meritinon
463 1869 655 1905 haberetur
669 1892 680 1908 ‚
709 1867 817 1913 igitur
844 1867 910 1905 erit
925 1868 993 1903 Dei
1019 1868 1199 1915 principa-

252 1921 323 1957 lius
339 1920 491 1961 mereri,
520 1930 628 1965 quarn
646 1918 737 1959 mei,
768 1929 850 1954 cum
877 1919 1108 1968 principalius
1132 1921 1196 1956 in..

252 1971 383 2009 merito
400 1970 439 2006 iit
454 1980 497 2006 ex
511 1968 651 2005 aeliane
662 1967 781 2004 divina
801 1995 811 2004 .

355 2022 494 2058 Contra
512 2046 521 2056 .
551 2019 653 2056 Sicut
667 2028 773 2054 omne
788 2022 883 2058 aliud
900 2035 916 2057 a
934 2020 1013 2055 Deo
1026 2045 1037 2062 ,
1050 2020 1132 2057 ideo
1146 2020 1196 2058 est

253 2074 388 2116 bonum
402 2097 410 2111 ,
438 2070 523 2117 quia
535 2081 552 2103 a
570 2067 648 2102 Deo
667 2070 819 2107 volitum
835 2099 845 2115 ‚
873 2074 906 2109 8(
920 2083 990 2106 ηοη
1008 2083 1025 2105 e
1041 2081 1195 2108 conver-

252 2123 291 2159 so
305 2151 315 2166 ‚
343 2125 390 2158 ita
404 2120 568 2156 meritum
581 2117 828 2167 quodcunque
841 2133 979 2157 tantum
992 2119 1041 2154 est
1053 2122 1190 2157 bonum

252 2186 318 2223 pro
331 2181 471 2222 quanto
484 2181 502 2204 a
515 2171 593 2204 Deo
605 2178 813 2214 acceptatur
832 2185 843 2213 ς
859 2172 939 2208 ideo
957 2180 1044 2213 ergo
1059 2170 1107 2206 est
1123 2184 1196 2207 tne-

251 2227 389 2263 ritum,
417 2218 503 2267 qnia
518 2220 536 2254 a
551 2218 631 2254 Deo
653 2230 877 2267 acceptatum
901 2249 911 2264 ,
941 2232 1013 2256 non
1043 2231 1194 2258 auteme

251 2271 429 2312 converso
446 2297 457 2313 ,
486 2269 570 2317 quia
593 2268 763 2305 meritum
793 2270 842 2306 est
866 2274 1000 2306 bonurn
1029 2270 1110 2305 ideo
1135 2283 1193 2306 ac-

251 2314 450 2372 ceptatum.
467 2319 647 2355 Ultimum
666 2318 814 2362 proinde
826 2321 940 2355 meriti
955 2320 1197 2366 complemen-

253 2387 330 2411 tum
344 2374 393 2410 est
407 2368 703 2418 inacceptatione
718 2367 838 2405 divina
850 2396 861 2415 ,
888 2369 1074 2406 ordinante
1089 2372 1194 2407 talem

254 2424 374 2460 afrum
392 2422 433 2459 ad
451 2421 635 2472 proemium
651 2446 660 2457 .

356 2473 574 2520 Respondeo
592 2472 809 2519 dicendum,
828 2474 896 2510 Dei
913 2474 1196 2521 acceptationem

254 2526 438 2573 complere
451 2525 571 2560 merui
585 2534 745 2559 naturam
761 2551 770 2560 .
803 2525 1009 2562 Declaratio
1027 2536 1037 2558 ε
1055 2524 1197 2563 Etenim

257 2576 350 2613 ratio
362 2575 476 2612 meriti
490 2573 584 2621 haud
600 2573 753 2609 habetur
767 2571 949 2623 complete
966 2601 975 2616 ‚
989 2572 1049 2611 nisi
1066 2576 1200 2611 babea-

256 2637 316 2663 tur
330 2626 420 2664 ratio
442 2624 566 2671 digni,
596 2623 651 2658 vei
679 2623 785 2668 digne
812 2626 1023 2662 ordinabilis
1040 2626 1083 2661 ad
1105 2637 1200 2673 proe·

255 2679 391 2717 mium;
420 2685 500 2722 quae
514 2674 561 2710 est
574 2673 793 2715 Beatitud03
816 2676 927 2724 idque
947 2676 1052 2720 digne
1073 2675 1199 2712 secun·

257 2727 343 2763 dum
368 2725 541 2773 justitiam
568 2723 841 2763 retributivam:
869 2724 936 2763 Sed
956 2728 1198 2773 quicunque„

251 2779 351 2814 anns
363 2804 376 2822 ‚
402 2777 506 2811 etiarn
522 2775 565 2810 de
578 2774 737 2821 potentia
755 2774 939 2811 habituata
970 2778 1165 2823 procedens
1180 2803 1192 2820 ,

249 2841 296 2865 ex
315 2828 393 2863 solis
416 2824 610 2861 intrinsecis
626 2825 762 2867 agentis
779 2852 790 2868 ‚
820 2839 889 2862 non
906 2826 1010 2862 habet
1026 2827 1122 2863 hunc
1135 2840 1194 2863 or-

248 2878 364 2914 dinem
381 2876 423 2913 ad
437 2886 602 2912 aeternam
625 2873 829 2915 felicitatem
844 2905 852 2912 .
883 2877 920 2912 Si
936 2878 1028 2913 enim
1049 2878 1189 2914 dicatur

247 2928 411 2968 habere3
441 2929 554 2972 igitur
569 2928 666 2961 Deus
678 2934 749 2961 non
765 2926 915 2973 poss‘etei
933 2954 943 2968 ,
969 2929 1031 2974 qui
1049 2929 1092 2964 sic
1106 2940 1193 2976 ope-

247 2985 346 3014 ratus
363 2978 410 3014 est
428 3003 437 3017 ,
460 2987 528 3011 non
545 2974 740 3011 retribuere
756 2978 1011 3013 beatitudinem
1026 3005 1036 3019 ‚
1050 2991 1128 3014 nam
1141 2980 1195 3014 in-

244 3027 338 3075 juste
356 3041 428 3064 eam
446 3027 506 3062 fibi
527 3023 750 3062 subtraheret
766 3040 777 3061 ι
791 3027 986 3064 hocautem
1004 3028 1054 3064 est
1070 3028 1192 3065 falsum

246 3091 334 3128 ergo
347 3079 427 3115 talis
444 3076 533 3111 ordo
564 3073 759 3112 secundum
785 3077 956 3124 justitiam
986 3079 1034 3114 est
1061 3092 1105 3115 ex
1121 3078 1194 3114 sola

247 3133 434 3165 voluntate
450 3127 517 3161 Dei
535 3126 691 3171 gratuite
703 3127 903 3163 ordinantis
921 3153 932 3170 ‚
958 3141 998 3164 ac
1022 3140 1065 3163 ex
1081 3129 1131 3165 sui
1149 3130 1191 3164 li-

245 3180 432 3215 beralitate
463 3175 647 3211 statuentis
662 3175 801 3223 ipsum3
829 3177 940 3223 igitur
964 3180 1053 3214 ratio
1079 3180 1193 3216 meriti

246 3231 415 3276 completi
431 3226 478 3263 est
494 3239 538 3262 cx
559 3225 787 3263 ordinatione
816 3229 1012 3264 voluntatis
1034 3228 1162 3265 divinae
1179 3254 1192 3272 ,

246 3290 309 3325 per
321 3291 428 3326 quam
442 3277 722 3313 ordinaturtalis
738 3277 838 3313 anus
857 3278 899 3312 ad
912 3279 1097 3325 ptoemium
1114 3306 1122 3315 .

347 3329 404 3365 Ad
417 3336 624 3372 argumenta
640 3351 648 3359 .
662 3327 719 3363 Ad
734 3329 884 3373 primum
900 3327 1097 3375 respondeo
1114 3354 1125 3370 ,
1137 3341 1189 3367 re.

248 3377 336 3411 latio
357 3378 391 3412 in
406 3378 486 3412 aetii
512 3378 682 3411 merentis
711 3377 857 3414 fundata
887 3389 995 3425 atque
1021 3380 1065 3415 ad
1096 3378 1192 3413 divi-

246 3437 329 3461 nam
345 3427 519 3460 affiionem
533 3427 720 3462 terminata
735 3453 746 3469 ,
772 3427 821 3463 cst
841 3428 883 3464 de
896 3430 1032 3466 ratione
1048 3430 1189 3471 meriti,

246 3487 326 3519 quae
340 3476 464 3511 relatio
478 3485 547 3508 non
563 3473 612 3509 cst
628 3476 696 3511 sine
709 3477 844 3514 afflone
871 3479 990 3515 divina
1005 3504 1015 3513 .
1038 3481 1081 3519 Et
1108 3490 1190 3515 cum

247 3524 381 3560 dicitur
398 3552 408 3567 ‚
436 3523 515 3560 inde
532 3523 628 3569 sequi
643 3538 711 3561 non
726 3527 793 3564 esse
809 3530 843 3563 in
860 3530 1033 3575 potestate
1051 3540 1192 3566 meren-

248 3575 292 3609 tis
308 3575 434 3610 meteri
451 3600 461 3615 ,
487 3573 572 3608 sicut
586 3585 649 3609 nec
665 3574 728 3612 sub
743 3577 823 3622 eius
842 3579 1014 3625 potestate
1030 3580 1191 3616 contine.

247 3635 308 3659 tur
326 3623 421 3660 aftio
437 3625 495 3659 illa
509 3623 628 3658 divina
642 3649 653 3666 ,
665 3638 734 3673 qua
747 3629 847 3665 aetus
860 3640 897 3664 ut
918 3631 1120 3666 meritorius
1133 3642 1191 3665 ac-

246 3684 412 3719 ceptatur
427 3698 437 3709 .
463 3672 683 3720 Responsio:
711 3679 827 3714 Αξὶυς
844 3704 854 3721 ,
867 3681 929 3725 qui
944 3680 993 3715 est
1009 3684 1190 3723 meritum,

247 3722 296 3758 est
315 3723 533 3771 ἰὓβῡῐίὲῐῖῑῑῐθ
551 3735 625 3758 Πὶθὸ
643 3750 653 3765 ,
681 3726 861 3775 supposita
888 3731 1071 3766 influentia
1084 3743 1193 3776 gene-

246 3773 311 3809 rali
329 3772 404 3819 (de
417 3785 488 3819 qua
511 3771 628 3808 aetum
660 3775 764 3823 supra
784 3806 795 3821 ‚
817 3792 854 3827 q.
871 3792 951 3828 ¹09·
972 3791 1041 3816 art.
1056 3792 1089 3815 2.
1108 3792 1139 3827 3.
1159 3782 1193 3817 8<

245 3823 333 3872 stqq
363 3823 379 3866 )
395 3823 500 3857 modo
512 3822 598 3859 adlit
616 3824 718 3863 aetus
731 3828 833 3866 liberi
850 3831 989 3867 arbitrii
1005 3857 1016 3873 ,
1029 3832 1062 3868 8ε
1077 3831 1195 3878 gratia

353 3872 446 3910 Tom.
464 3871 530 3908 III.

1288 259 1509 298 sanetificans
1532 265 1684 300 animam
1704 278 1716 306 ς
1744 278 1778 302 at
1793 268 1987 313 completio
2005 271 2038 308 in
2068 272 2238 309 rationo

1290 312 1410 347 meriti
1449 324 1519 348 non
1551 314 1649 350 estin
1668 317 1733 351 mei
1759 315 1936 363 potestate
1973 322 2033 356 nisi
2064 321 2238 369 dispositi-

1289 374 1333 396 ve
1350 373 1361 401 ;
1386 372 1541 399 attamen
1561 363 1605 399 sic
1617 362 1824 412 dispofitive
1842 394 1850 407 ‚
1869 375 1908 400 ut
1924 378 1971 401 ex
1984 370 2102 407 divina
2115 371 2235 418 dispo-

1288 411 1414 447 fitione
1430 414 1612 450 ordinante
1626 415 1743 450 stium
1769 416 1812 451 ad
1831 416 2000 453 statutum
2016 423 2202 467 proemium
2219 449 2232 464 ,

1288 460 1423 508 semper
1436 463 1604 509 sequatur
1631 464 1718 500 illud
1741 465 2001 511 completivum
2029 472 2071 506 ad
2095 483 2231 516 agere-1

1287 523 1432 548 meum:
1454 513 1602 560 perinde
1612 526 1652 550 ac
1665 514 1801 563 semper
1814 515 1974 564 sequitur
2001 521 2170 557 animatio
2186 521 2230 556 ad

1287 563 1450 609 corporis
1462 564 1776 611 organizationem
1803 567 1934 604 saetam
1966 579 1984 602 a
2007 571 2109 607 causa
2126 582 2229 607 natu-

1288 613 1353 651 rali
1365 636 1376 646 .

1388 663 1449 701 Ad
1468 663 1660 703 secundum
1679 691 1688 705 ‚
1713 677 1794 703 cum
1808 667 1963 715 dicitur;
1987 670 2087 706 aetus
2104 681 2145 705 ex
2162 669 2225 707 sm

1287 725 1444 752 meretur
1460 719 1635 762 acceptari
1653 730 1664 758 3
1690 718 1904 764 Respondeo
1914 734 1956 761 ut
1974 721 2017 756 iic
2029 720 2227 756 considera.

1286 777 1346 802 tur
1358 767 1459 802 aetus
1475 792 1486 807 ,
1511 766 1613 802 aliam
1628 768 1798 804 rationem
1812 774 1925 809 meriti
1939 783 2010 809 non
2027 771 2133 806 babet
2149 797 2159 811 ‚
2171 771 2225 805 Πῖ-

1288 815 1512 860 fisecandum
1524 817 1633 864 quid,
1657 819 1741 865 quia
1757 831 1826 854 non
1845 821 1894 858 est
1918 821 2097 859 ordinatio
2122 820 2224 855 aetus

1286 867 1330 902 ad
1343 866 1600 903 Beatitudinem
1612 894 1624 909 ‚
1654 879 1693 904 ut
1705 867 1748 903 ad
1762 874 1946 915 proemium
1964 871 2058 920 juste
2076 869 2225 906 redden·

1285 917 1372 952 dum
1385 928 1449 963 pro
1460 917 1520 952 tali
1533 915 1643 953 αέὶυε
1669 919 1781 954 Porro
1792 924 1937 958 concedi
1947 934 2043 964 mus,
2056 920 2223 968 paffivam

1283 965 1459 1013 ejusmodi
1475 968 1756 1012 acceptationem
1771 981 1840 1006 non
1854 973 1990 1010 includi
2013 973 2046 1008 in
2062 971 2224 1009 ratione)

1285 1013 1605 1059 meritifecundum
1626 1018 1737 1064 quid3
1761 1022 2065 1065 quemadmodum
2089 1033 2155 1057 nec
2169 1035 2223 1058 re-

1283 1068 1440 1115 quiritur
1460 1066 1504 1101 ad
1518 1067 1692 1102 rationem
1714 1069 1830 1104 meriti
1855 1071 1898 1109 de
1920 1084 2083 1116 congruo
2101 1098 2109 1113 ,
2128 1084 2223 1118 quo·

1282 1117 1390 1154 modo
1402 1118 1546 1152 attritus
1561 1117 1910 1163 mereturjustificari
1923 1152 1934 1159 .
1957 1125 2028 1160 Hic
2054 1132 2140 1157 vero
2155 1122 2222 1159 ser·

1283 1177 1342 1204 mo
1359 1166 1400 1202 de
1414 1166 1534 1202 divina
1546 1169 1791 1214 acceptatione
1807 1169 1855 1205 est
1877 1171 2124 1218 intelligendus
2151 1172 2220 1212 dv

1282 1218 1530 1265 acceptatione
1545 1228 1671 1253 aetetna
1690 1243 1701 1259 ‚
1724 1228 1793 1264 qua
1808 1221 1907 1256 Deus
1923 1223 1968 1257 ab
1983 1233 2117 1258 aeterno
2131 1235 2222 1268 prae-

1283 1269 1409 1304 videns
1425 1267 1521 1303 hunc
1538 1268 1654 1304 alitum
1669 1279 1714 1303 ex
1726 1269 1858 1305 talibus
1872 1272 2054 1318 principiis
2075 1273 2221 1310 elicien-

1281 1320 1366 1356 dum
1383 1346 1392 1361 ,
1407 1320 1519 1354 voluit
1533 1319 1646 1364 ipsum
1662 1318 1705 1354 ad
1719 1323 1906 1366 proemium
1922 1322 1990 1358 esse
2002 1322 2221 1368 ordinatum,

1281 1372 1383 1407 &ita
1400 1370 1480 1405 εὲὶυ
1496 1372 1694 1406 voluntatis
1711 1370 1778 1406 suae
1791 1383 1872 1406 eum
1900 1373 1943 1408 ad
1966 1373 2151 1420 proemium
2163 1387 2222 1410 or-

1282 1419 1438 1457 dinando
1461 1421 1579 1457 voluit
1605 1419 1717 1467 ipsum
1729 1421 1796 1457 effe
1813 1425 1979 1459 meritum
1995 1436 2006 1464 3
2021 1424 2085 1470 qui
2099 1422 2225 1460 secun-

1280 1471 1365 1507 dum
1380 1470 1411 1507 se
1422 1471 1662 1506 consideratus
1680 1498 1689 1511 ,
1714 1473 1775 1506 tali
1799 1476 2045 1520 acceptatione
2061 1472 2197 1511 sublata
2210 1503 2221 1518 ,

1277 1521 1380 1568 juxta
1407 1521 1558 1557 strietam
1601 1519 1771 1566 justitiam
1807 1522 1902 1558 haud
1941 1525 2070 1566 dignus
2106 1524 2225 1562 fuisset

1281 1572 1460 1619 ejusmodi
1475 1573 1623 1614 proemio
1637 1598 1649 1613 ,
1674 1572 1826 1618 spefftata
1857 1575 2045 1610 intrinseca
2063 1575 2222 1613 bonitate

2267 1064 2312 1094 De
2327 1065 2366 1093 hi<
2377 1065 2462 1095 etiam

2303 1104 2410 1132 1)οᾶοτ
2435 1113 2465 1139 3.

2262 1142 2324 1185 dist.
2341 1153 2386 1177 19.
2398 1144 2463 1174 loco

2262 1189 2310 1209 cit.

1280 1625 1388 1666 ipsius
1405 1651 1414 1665 ,
1440 1635 1548 1669 quam
1565 1622 1672 1658 babet
1699 1635 1744 1658 ex
1772 1623 1843 1659 suis
1873 1626 2055 1681 principiis
2084 1652 2095 1667 ,
2122 1628 2224 1672 quod
2244 1642 2260 1656 ν

1279 1685 1378 1724 patet
1395 1702 1404 1710 .
1431 1674 1579 1715 Semper
1594 1674 1685 1710 enim
1698 1675 1881 1718 proemium
1896 1675 1944 1711 est
1956 1686 2071 1720 majus
2085 1678 2222 1713 bonum

1279 1729 1406 1763 metito
1426 1739 1437 1766 ;
1462 1723 1580 1760 strifla
1594 1735 1680 1758 vero
1692 1723 1826 1769 justitia
1859 1737 1929 1761 non
1952 1726 2066 1761 reddit
2095 1729 2222 1763 melius

1279 1790 1346 1826 pro
1362 1777 1479 1812 minus
1499 1776 1622 1814 b0r0;
1649 1773 1741 1810 tthe
1765 1786 1950 1822 propterea
1974 1776 2104 1813 dicitur
2123 1778 2223 1814 Deus

1280 1828 1465 1876 proemiare
1493 1824 1631 1870 semper
1656 1826 1748 1859 ultra
1769 1826 1985 1868 condignum
2018 1829 2181 1864 meritum
2210 1843 2223 1870 ;

1280 1878 1502 1924 nempeqvtia
1516 1875 1609 1909 ultra
1624 1874 1833 1922 dignitatern
1847 1876 1944 1911 aftra
1962 1904 1972 1918 ,
1998 1879 2061 1923 qui
2079 1877 2126 1913 est
2149 1892 2223 1914 me·

1279 1932 1391 1966 ritum
1405 1955 1415 1970 ,
1433 1925 1621 1974 proemium
1634 1925 1794 1972 rependit
1815 1953 1822 1960 .
1837 1927 1950 1976 Qod
1966 1929 2057 1963 enim
2075 1930 2103 1964 is
2122 1928 2222 1966 astus

1281 1981 1321 2018 fit
1333 1978 1551 2022 condignum
1568 1976 1733 2012 meritum
1751 1988 1888 2012 oeterna:
1906 1976 2065 2013 felicitati
2081 1991 2223 2026 prome-

1281 2030 1397 2068 rendae
1411 2055 1421 2071 ,
1448 2028 1482 2063 id
1501 2025 1664 2067 profeao
1676 2025 1724 2062 est
1739 2037 1863 2062 contra
1886 2038 2049 2066 naturam
2093 2031 2127 2065 8<
2155 2032 2223 2066 bo-

1280 2084 1430 2118 nitatem
1456 2075 1681 2114 intrinsecam
1713 2076 1842 2116 aequm
1866 2089 1912 2112 ex
1943 2077 2013 2113 sola
2039 2079 2223 2125 itaqueesl:

1280 2132 1437 2179 gratuita
1457 2129 1701 2173 acceptatione
1712 2127 1831 2161 divina
1848 2150 1858 2160 .
1886 2129 1927 2162 Et
1942 2128 2091 2164 fortaffis
2104 2130 2222 2167 adhuc

1279 2185 1373 2220 ultra
1387 2180 1490 2220 illud,
1503 2177 1545 2213 ad
1556 2176 1653 2223 quod
1671 2176 1714 2211 de
1730 2179 1910 2212 communi
1927 2179 2002 2223 lege
2021 2178 2109 2215 foret
2119 2182 2221 2217 aetus

1262 2232 1520 2279 ⁴acceptandus
1540 2256 1550 2273 ,
1564 2226 1785 2276 quandoque
1803 2229 1902 2264 Deus
1916 2231 2079 2278 proemiat
2090 2242 2135 2266 ex
2150 2245 2221 2269 me-

1279 2297 1315 2322 ra
1330 2285 1483 2320 liberalit
1492 2292 1548 2317 ate
1560 2307 1568 2316 .

1381 2333 1441 2369 Ad
1454 2333 1598 2368 tertium
1615 2328 1804 2365 dicendum
1817 2355 1827 2371 ‚
1852 2332 2019 2376 quamvis
2042 2336 2220 2381 principa-

1279 2384 1348 2421 lius
1366 2410 1375 2423 ,
1399 2382 1508 2424 idest,
1531 2380 1700 2415 ultimum
1723 2378 1757 2413 &
1780 2380 2035 2427 completivum
2061 2386 2096 2419 in
2113 2386 2218 2420 meri·

1278 2446 1317 2471 to
1346 2434 1386 2470 s1t
1410 2446 1428 2469 a
1454 2431 1535 2468 Deo
1553 2457 1564 2472 ,
1592 2442 1662 2466 non
1679 2428 1964 2474 sequiturtamen
1981 2458 1993 2474 ‚
2018 2445 2105 2479 ergo
2118 2435 2218 2470 Deus

1279 2496 1435 2521 meretur
1447 2509 1456 2519 .
1483 2481 1619 2520 Etenim
1636 2482 1801 2516 meritum
1818 2479 1866 2514 est
1882 2481 1982 2517 actus
1998 2485 2164 2530 potentiae
2180 2486 2218 2519 li.

1277 2538 1395 2577 berre,
1423 2536 1455 2570 8<
1483 2533 1587 2581 juxta
1610 2530 1731 2577 gratiae
1770 2531 2038 2569 inclinationem
2077 2536 2217 2570 elicitus

1276 2598 1388 2634 atque
1403 2585 1483 2621 Deo
1496 2592 1663 2622 accentus
1680 2608 1691 2624 ‚
1714 2590 1752 2615 ut
1776 2583 2002 2626 ptaemiabilis
2026 2586 2220 2620 beatitudi-

1278 2651 1322 2674 ne
1335 2665 1344 2678 ‚
1371 2638 1403 2672 ἃ
1421 2636 1469 2671 ita
1488 2633 1611 2671 mereri
1627 2631 1675 2668 est
1691 2630 1735 2664 fic
1749 2641 1876 2675 agere3
1906 2634 2004 2669 Deus
2016 2647 2134 2671 autem
2147 2647 2218 2670 non

1279 2689 1326 2724 ita
1345 2688 1417 2729 agit
1435 2711 1446 2721 .
1474 2687 1601 2732 ltaque
1617 2684 1638 2718 si
1661 2680 1952 2728 prrincipaliux
1978 2685 2118 2721 dicatur
2133 2686 2219 2721 ulti·

1253 2746 1255 2751 '
1278 2752 1374 2775 mum
1389 2737 1647 2782 completivum
1661 2759 1672 2774 ‚
1696 2731 1934 2767 concedatur.
1955 2735 1988 2769 Si
2013 2747 2101 2771 vero
2124 2736 2221 2771 dica-

1275 2800 1335 2824 m,-
1349 2789 1460 2829 mima
1477 2785 1617 2822 realims
1631 2809 1640 2824 ,
1664 2782 1719 2817 vel
1736 2782 1928 2828 perfeflior
1960 2787 2100 2821 realitas
2120 2799 2130 2826 ;
2159 2799 2219 2822 ne-

1275 2852 1383 2886 gatur
1401 2865 1410 2874 .
1436 2841 1530 2875 Nam
1548 2834 1648 2869 aetus
1663 2831 1710 2868 est
1724 2830 1924 2868 absolutum
1941 2837 2029 2881 quid
2058 2838 2092 2873 8<
2124 2838 2220 2884 prius

1274 2902 1398 2926 natura
1421 2889 1487 2923 bac
1514 2885 1762 2932 acceptatione
1789 2883 1940 2930 pffliva,
1968 2897 2083 2934 eaque
2103 2886 2219 2934 perf«.-

1275 2939 1366 2976 &ior
1381 2940 1415 2975 in
1433 2939 1602 2974 entitate.

1375 2989 1623 3026 Veruntamen
1640 2996 1685 3021 ex
1701 2985 1768 3021 hac
1794 2985 1971 3022 solutione
1990 2987 2216 3023 inferendum

1272 3054 1343 3079 non
1361 3040 1408 3077 est
1425 3039 1598 3083 potiorem
1618 3037 1731 3072 meriti
1750 3039 1919 3072 rationem
1936 3036 2002 3072 effe
2016 3039 2216 3073 attribuen-

1272 3094 1353 3128 dam
1373 3090 1467 3126 aftni
1485 3086 1680 3124 secundum
1693 3087 1793 3133 quod
1818 3087 1888 3133 ipse
1903 3085 1951 3122 est
1975 3088 2163 3134 persei-tior
2180 3088 2214 3122 in

1272 3143 1421 3179 entitate
1438 3167 1445 3175 .
1475 3141 1571 3175 Nam
1587 3137 1622 3170 in
1640 3138 1721 3172 ae'ht
1738 3160 1751 3179 ‚
1781 3148 1822 3172 ut
1840 3139 2009 3173 meritorii
2040 3140 2213 3173 rationem

1273 3192 1440 3240 praecedit
1458 3215 1470 3232 ‚
1492 3188 1570 3223 sunt
1592 3186 2061 3224 conliderandatsubstantia
2094 3189 2216 3237 ipsius,

1273 3241 1424 3278 intenlio
1443 3266 1451 3275 .
1478 3238 1512 3272 8(
1532 3236 1710 3274 τεξὶίῐιιάο
1727 3237 1871 3273 moralis
1888 3263 1897 3272 .
1924 3237 2029 3273 Ultra
2047 3239 2121 3275 haec
2137 3251 2214 3273 om-

1272 3293 1330 3328 nia
1348 3289 1566 3335 intelligitur
1597 3288 1688 3322 ratio
1705 3287 1877 3324 meritorii
1896 3313 1906 3329 ‚
1931 3300 2045 3338 eaque
2071 3289 2119 3325 est
2137 3313 2149 3332 ‚
2170 3289 2214 3324 iic

1272 3341 1340 3379 effe
1354 3349 1575 3386 acceptuma
1604 3336 1727 3373 divina
1755 3338 1938 3373 voluntate
1961 3341 1993 3374 in
2021 3340 2145 3375 ordine
2172 3338 2215 3373 ad

1271 3392 1462 3441 proemium
1481 3416 1490 3430 ‚
1517 3389 1572 3424 vel
1587 3389 1806 3435 acceptabile
1823 3388 1890 3423 effe
1904 3415 1913 3430 ‚
1926 3401 1986 3425 aut
1999 3389 2145 3437 :iignum
2157 3400 2216 3423 ac-

1272 3442 1407 3489 ceptari
1421 3466 1430 3475 .
1456 3439 1637 3489 vais
1648 3449 1767 3474 autem
1782 3440 2058 3487 praecedentium
2074 3441 2215 3475 merito-

1275 3493 1318 3528 rii
1335 3492 1510 3528 rationem
1538 3487 1641 3524 causa
1667 3491 1786 3536 potior
1802 3491 1841 3526 {it
1865 3489 1936 3538 ipsa
1956 3491 2120 3525 voluntas
2133 3500 2216 3524 curn

1274 3542 1405 3577 auxilio
1422 3541 1542 3584 gratiae
1559 3538 1709 3575 aetualis
1722 3566 1733 3582 ,
1759 3541 1865 3586 ipsius
1876 3552 1994 3576 tamen
2010 3541 2144 3587 passiva:
2162 3551 2219 3574 ac-

1275 3590 1491 3636 ceptationis
1506 3589 1632 3631 aetus,
1659 3590 1758 3637 prior
1782 3589 1886 3627 causa
1911 3591 1977 3627 effe
2006 3602 2075 3625 non
2104 3589 2219 3637 potest

1277 3641 1446 3675 voluntas
1462 3664 1473 3680 ,
1503 3638 1558 3674 sed
1586 3641 1702 3684 gratia
1732 3640 1844 3676 eidem
1872 3642 2043 3677 inhaercns
2067 3667 2075 3675 .
2104 3640 2220 3685 Magis

1277 3693 1370 3725 enim
1391 3699 1600 3735 acceptatur
1613 3689 1737 3731 aelus,
1763 3701 1802 3725 ut
1821 3689 1948 3738 dignus
1976 3690 2124 3737 proemio
2143 3718 2152 3731 ‚
2180 3702 2223 3725 co

1276 3739 1376 3786 quod
1396 3750 1414 3772 a
1430 3737 1602 3774 charitate
1619 3740 1782 3775 eliciatur
1799 3766 1809 3782 ‚
1837 3753 1945 3787 quam
1960 3743 2044 3786 quia
2060 3740 2107 3776 cst
2125 3754 2142 3776 a
2158 3753 2223 3775 vo-

1277 3790 1416 3824 luntate
1429 3789 1537 3824 libere
1551 3790 1691 3825 elicitus
1710 3803 1721 3830 3
1735 3793 1902 3836 quamvis
1916 3802 2098 3837 utrunque
2111 3790 2225 3826 ncces.

1284 3837 1375 3874 sario
1392 3839 1842 3924 requiratiiafisselniplum
1859 3854 1982 3891 aptum
2002 3841 2115 3890 potest
2132 3844 2227 3899 acci·

1712 3902 1722 3922 ι
2139 3904 2175 3940 pt

2257 3028 2356 3058 Potior
2370 3033 2455 3059 rneri-

2257 3067 2277 3093 ti
2301 3069 2373 3098 ratio
2410 3071 2456 3098 cui

2256 3114 2320 3133 nam
2373 3110 2457 3136 artri-

2256 3145 2365 3173 buenda
2413 3146 2455 3180 (it,

2255 3185 2385 3247 potenti-1·
2419 3195 2455 3213 an

2276 3222 2360 3249 :ibitui
2413 3223 2454 3249 in-

2255 3257 2378 3288 haerenris
2391 3260 2457 3295 chag

2256 3305 2345 3327 sititis
2357 3315 2365 3324 t
