2643 4043
482 153 545 195 82
1033 142 1214 191 Sunimae
1240 144 1418 200 Ioannis
1459 139 1599 191 Dzms>
1619 144 1735 191 Scoti

407 216 541 251 tenfiva
558 211 810 259 significatione
821 221 971 260 accepto
986 238 996 254 ‚
1022 211 1082 248 sed
1103 224 1141 248 ut
1166 215 1338 261 proprie..

409 267 559 302 sumitur
574 291 586 307 ,
613 264 763 299 intentio
779 263 847 300 effe
862 265 985 311 nequit
996 263 1097 299 aetus
1117 263 1264 299 alterius
1278 277 1336 310 po.

407 317 526 353 tentiae
541 328 557 349 a
573 316 756 350 voluntate
769 339 778 348 .
807 317 858 352 At
873 317 959 361 quia
977 315 1085 351 libere
1107 315 1199 349 velle
1215 313 1262 349 est
1279 325 1336 349 to-

403 371 475 403 tius
497 366 598 401 liberi
613 366 750 401 arbitrii
762 364 976 402 includentis
989 362 1208 401 intelleetum
1220 365 1254 400 8(
1269 377 1338 400 vo-

401 419 573 453 luntatem
591 441 603 456 ‚
629 415 739 462 hujus
752 418 865 451 totius
882 415 1049 462 potentia:
1062 416 1129 451 erit
1142 415 1339 456 intendere,

403 469 438 502 8(
455 478 523 502 non
536 468 600 501 erit
611 468 755 502 alterius
768 470 938 514 potentiae
951 465 1112 511 respectu
1125 464 1175 500 sui
1187 465 1337 512 objesti,

403 517 461 553 sed
478 515 636 564 respeciu
653 516 732 552 finis
747 543 756 553 .
787 521 882 554 Nam
906 517 1075 564 quoniam
1107 515 1335 553 secundum-n

402 566 611 607 Anselmum
628 594 639 609 ,
662 569 696 602 in
707 569 804 602 omni
823 569 998 603 volitione
1009 564 1056 602 est
1069 567 1181 613 quid,
1211 568 1245 604 8(
1257 579 1333 603 cur.

401 616 586 654 intendere
602 629 672 652 non
685 617 825 663 respicit
840 619 950 665 quid,
972 616 1028 653 sed
1043 628 1107 652 cur
1118 643 1130 659 ,
1152 628 1336 665 quatenus

403 680 529 715 nempe
545 668 659 702 tendit
672 669 704 702 in
720 668 852 715 aliquid
870 679 908 705 ut
921 667 1052 703 distans
1081 668 1336 713 attingendum

402 732 465 767 per
478 718 625 765 aliquod
638 717 793 754 medium
812 731 823 758 3
848 720 914 753 erit
929 719 1039 764 igitur
1065 718 1219 754 intentio
1234 718 1339 754 actu&

403 770 504 813 liberi
520 768 661 803 arbitrii
678 769 813 805 ratione
830 768 1028 808 voluntatis
1044 793 1052 803 .
1084 770 1182 805 Nam
1210 770 1338 806 volens

403 820 617 855 medicinam
634 830 780 866 propter
794 817 974 853 sanitatem
993 830 1064 854 non
1078 818 1209 855 dicitur
1222 822 1338 856 inten-

403 871 488 906 dere
499 863 710 905 medicinam
731 896 741 909 ‚
765 868 825 904 etfi
846 868 878 903 id
895 867 1079 914 objeetum
1110 868 1220 905 libere
1247 871 1338 905 voli·

165 926 210 955 De
226 925 266 954 his
279 920 367 965 mhulta
401 932 478 955 tum
495 920 532 954 fir
544 946 557 961 ‚
580 917 637 954 sed
656 931 776 955 revera
794 920 943 954 intendit
956 919 1142 954 sanitatem
1157 919 1338 957 absentem

165 960 363 1025 tangitArtlstfj-
405 971 462 1007 sed
475 970 728 1016 acquirendam
741 982 801 1015 per
828 969 1040 1005 medicinam
1054 995 1063 1004 .
1093 969 1241 1006 lsafilus
1269 969 1341 1008 res-

166 1004 260 1068 ἵξῃ
273 1004 362 1031 5¹⁸⁰
400 1024 533 1072 piciens
547 1019 650 1055 finem
666 1020 713 1056 est
729 1021 892 1060 intentio,
909 1019 965 1056 sed
980 1018 1136 1066 respec'tu
1150 1021 1256 1058 medii
1271 1034 1342 1058 non

400 1073 532 1109 dicitnr
546 1071 699 1107 intentio
715 1097 723 1111 ,
749 1070 807 1105 sed
820 1070 945 1106 electio
959 1097 969 1113 ‚
984 1070 1018 1106 8(
1033 1069 1132 1106 usnS.
1150 1073 1193 1107 Et
1205 1071 1228 1107 s1
1246 1072 1342 1108 idem

400 1125 439 1160 stt
454 1123 553 1158 aetus
571 1121 824 1159 volendi.idem
836 1133 984 1169 quoque
997 1122 1062 1156 erit
1078 1121 1162 1158 usus
1177 1123 1248 1159 five
1273 1124 1344 1160 ele-

393 1174 467 1210 ἐὶῑο
484 1172 680 1210 mediorum
698 1173 731 1208 8(
745 1173 932 1212 inter-tiozsr
944 1182 1061 1208 autem
1089 1175 1348 1216 alitis,intcntio

398 1225 594 1259 formaliter
611 1224 782 1271 importat
806 1225 924 1260 aetum
945 1249 955 1266 ,
986 1234 1062 1270 quo
1088 1225 1202 1260 tendit
1215 1226 1347 1261 volun-

397 1276 500 1309 tasin
519 1273 623 1310 finem
636 1300 648 1316 ,
672 1275 705 1310 8(
719 1275 944 1310 materialiter
958 1275 1076 1310 actum
1092 1274 1217 1311 utendi
1231 1301 1243 1318 ,
1268 1288 1344 1323 quo

397 1324 504 1361 refert
518 1323 630 1360 media
647 1323 689 1358 ad
704 1337 782 1363 eum
795 1324 899 1361 finem
914 1350 923 1359 .
1167 1325 1172 1329 ⁴
1287 1333 1289 1335 ’

503 1374 561 1413 Ad
587 1386 793 1419 argumenta
820 1401 831 1412 .
867 1375 925 1412 Ad
967 1375 1117 1422 primum
1146 1374 1343 1423 respondeo

403 1424 637 1461 concedendo
650 1435 753 1460 omne
769 1438 830 1473 per
845 1424 877 1460 se
895 1437 1003 1471 agens
1020 1451 1030 1466 ,
1056 1438 1162 1472 agere
1186 1438 1335 1473 propter

161 1482 203 1509 Ex
239 1482 360 1520 Repom
403 1476 510 1511 finem
533 1502 544 1517 ,
569 1475 603 1509 8(
631 1475 786 1510 {imiliter
809 1487 853 1510 ex
882 1476 1080 1511 intentione
1102 1474 1184 1511 finis
1203 1489 1214 1509 ε
1239 1487 1276 1512 at
1304 1475 1341 1511 id

159 1520 208 1549 ²⁰⁶⁴·
222 1520 271 1548 ⁶¹7·
402 1538 526 1561 verum
541 1524 605 1561 effe
618 1527 759 1572 proprie
787 1525 969 1572 loquendo
981 1526 1024 1562 de
1049 1526 1242 1562 intentione
1261 1537 1342 1562 tan-

401 1587 477 1611 tum
494 1575 537 1610 de
550 1575 708 1623 potentia
725 1575 835 1611 libera
850 1603 859 1612 .
891 1576 1063 1616 Potentiae
1074 1576 1248 1622 liquidem
1276 1589 1337 1612 na·

402 1626 534 1660 turales
548 1637 618 1660 non
636 1636 681 1658 ex
695 1622 727 1658 se
745 1627 982 1661 moventurin
1001 1627 1106 1661 finem
1119 1652 1130 1666 ,
1155 1626 1211 1662 sed
1225 1627 1340 1670 magis

399 1675 594 1757 trahunfitur
610 1674 642 1708 8(
659 1673 843 1708 ducuntur
854 1676 899 1709 ab
926 1675 1168 1718 intelligentia
1199 1687 1338 1721 cogno·

397 1724 512 1759 scente
552 1735 626 1758 nem
641 1748 650 1758 .

494 1773 551 1809 Ad
564 1773 754 1809 secundum
768 1774 850 1809 dico
868 1797 878 1808 .
907 1774 1062 1809 Primam
1078 1776 1247 1812 visionem
1262 1789 1335 1813 non

393 1823 513 1860 causat
528 1825 677 1859 intentio
703 1823 900 1857 voluntatis
916 1825 1088 1867 copulans
1105 1847 1118 1863 ,
1145 1825 1206 1856 ets1
1238 1825 1334 1856 illam

192 1911 195 1914 ,
395 1874 496 1922 polilt
513 1872 704 1919 copulare.
735 1875 860 1918 Qre
875 1870 1142 1906 concedendum
1158 1870 1205 1905 est
1223 1871 1256 1905 in
1273 1882 1337 1906 eo-

154 1916 353 1975 ξζᾞῇεὲῗὲζῖ
394 1926 472 1960 dem
489 1922 627 1964 instanti
645 1923 815 1968 temporis
841 1920 873 1954 id
898 1919 972 1955 fieri
992 1920 1113 1967 posse,
1140 1921 1171 1956 8(
1197 1921 1246 1960 ita
1274 1919 1336 1957 fir·

157 1969 192 2013 ἑ(ἱ
216 1963 353 2012 ιηιεηιὲοἷ
395 1974 588 2009 mariillam
614 1971 808 2008 vifionem.
836 1969 951 2004 Polita
977 1970 1168 2006 tamenilla
1192 1972 1336 2017 prima„³

155 2034 200 2058 ne;
214 2022 352 2063 901estt2:
394 2024 635 2060 intelleSlione
651 2049 662 2064 ,
688 2022 857 2057 voluntas
874 2018 908 2056 se
924 2032 1137 2056 convertere
1153 2021 1333 2068 potest,&

154 2072 220 2127 ’ΜΤ
233 2058 296 2127 ciffi
319 2063 356 2126 gis
398 2086 559 2111 avertere
576 2071 734 2119 respeStu
756 2072 904 2108 aliarum
918 2071 1173 2116 operationum
1200 2071 1243 2106 ad
1271 2082 1336 2107 co·

155 2111 305 2167 :inuranone
318 2156 327 2164 .
398 2124 593 2171 pulandum
608 2150 620 2166 ,
647 2123 698 2159 vel
712 2134 783 2157 non
799 2121 1041 2168 copulandum
1057 2121 1126 2168 ,181
1140 2121 1189 2155 ita
1212 2119 1330 2157 diver-

398 2175 526 2212 simode
539 2174 707 2221 copulare
721 2198 729 2206 .
759 2171 935 2218 Neganda
947 2171 995 2207 est
1012 2158 1122 2216 igiffir
1145 2169 1261 2217 major
1277 2172 1331 2207 di-

153 2223 356 2267 videniaalos.
398 2237 480 2260 cens
496 2252 504 2264 .
527 2225 660 2259 nullam
676 2222 844 2258 visionem
867 2222 1067 2258 distinctam
1084 2220 1210 2258 haberi
1240 2221 1335 2269 posse

153 2264 356 2331 sssffiggfrssfgsj
397 2276 465 2311 fine
492 2275 692 2310 intentione
717 2275 933 2320 copulante,
958 2273 1019 2308 niii
1045 2272 1270 2316 intelligatur
1294 2272 1337 2309 il-

153 2315 177 2370 ici-f
192 2313 291 2374 {einer
314 2339 356 2372 ιο.
396 2329 461 2362 lem
478 2326 742 2371 copulationem
765 2335 834 2359 non
855 2320 923 2358 esse
951 2323 1067 2359 aetum
1089 2324 1335 2360 concomitan-

156 2388 253 2422 snnezn
279 2378 352 2404 Pon·
397 2389 465 2412 tem
488 2390 497 2413 :
523 2378 554 2411 ἃ·
572 2375 639 2409 hoc
659 2374 764 2408 modo
778 2373 938 2419 neganda
950 2372 998 2408 est
1016 2374 1073 2409 illa
1091 2385 1102 2412 ;
1133 2371 1332 2419 Vifioprae.

154 2418 351 2474 ‘'‘¹'¹]¹'¹C⁰''³'
397 2428 489 2462 cedit
505 2437 665 2469 tempore
685 2436 825 2459 omnem
858 2424 1088 2459 intentionem
1107 2449 1118 2467 ,
1141 2424 1221 2459 licet
1245 2424 1334 2460 illa„

155 2467 241 2486 ''³⁶⁷¹''
397 2489 521 2512 natura
536 2475 732 2519 praecedat.
762 2475 864 2511 Velfi
881 2474 938 2509 illa
958 2473 1068 2516 vifio,
1092 2485 1171 2521 quae
1188 2472 1237 2508 est
1261 2473 1333 2510 sine

394 2527 634 2562 intelleffiione
652 2525 684 2559 8(
703 2526 898 2560 intentione
915 2524 1246 2560 concomitantibus
1260 2524 1334 2566 ,es-

395 2579 427 2613 se
438 2577 533 2624 pOffil
549 2577 618 2611 sine
635 2576 833 2611 intentione
850 2575 1048 2611 voluntatis
1061 2575 1276 2621 copulantis,
1291 2575 1332 2610 fi-

395 2641 453 2664 cut
472 2629 527 2661 illa
554 2638 636 2661 cnm
654 2637 724 2671 qua
753 2624 1018 2660 concomitatur
1044 2623 1269 2667 inrellefflu,
1296 2626 1331 2662 8(

396 2678 524 2713 volitio
542 2703 550 2718 ,
572 2686 657 2711 tunc
675 2676 833 2721 neganda
848 2675 895 2711 est
911 2675 1176 2723 illapropolitio
1189 2674 1332 2720 absolu·

396 2742 428 2764 te
446 2756 455 2770 ,
484 2738 610 2771 nempe
628 2753 638 2767 ‚
666 2726 753 2760 vllio
768 2725 930 2762 distincta
946 2738 1016 2762 non
1031 2725 1147 2772 potest
1173 2725 1241 2761 esse
1259 2725 1330 2762 fine

394 2780 593 2814 intentione
606 2776 798 2821 copulante
811 2787 874 2811 nec
888 2776 984 2812 illam
999 2787 1132 2821 negare
1142 2776 1190 2822 est
1202 2786 1285 2810 cont
1294 2788 1330 2811 ra

393 2827 639 2876 Augustinum
658 2851 666 2860 .
696 2826 787 2863 Vult
802 2827 896 2860 enim
913 2852 925 2869 ,
950 2828 1174 2863 voluntatem
1203 2825 1332 2873 possa,

391 2881 499 2916 aciem
513 2887 720 2912 convertere
738 2875 778 2909 ad
792 2874 978 2919 objeetum
994 2903 1007 2919 ,
1033 2877 1065 2912 8(
1095 2876 1242 2913 tendere
1268 2877 1332 2913 iri-³

155 1756 293 1794 Loquitur
319 1755 354 1783 de

155 1794 258 1824 vilione
273 1794 352 1823 sensi-

157 1833 205 1860 bili
220 1842 297 1869 ,quae
308 1841 354 1859 ne.

155 1869 267 1899 celsario
316 1869 353 1898 est

391 2927 604 2975 objeftum3
628 2938 697 2961 non
715 2935 833 2961 autem
851 2925 936 2960 dicit
955 2952 965 2968 ,
987 2937 1047 2960 aut
1061 2926 1210 2962 intendit
1227 2952 1236 2966 ‚
1251 2922 1345 2963 nul-⁷

391 2982 458 3018 lam
475 2978 644 3013 visionem
659 2977 804 3011 evenire
820 2974 940 3023 polle,
965 2976 1026 3012 nifi
1040 2978 1198 3012 intentio
1221 2975 1265 3011 sic
1281 2988 1331 3014 te·

152 3037 193 3065 Ex
230 3038 348 3077 Repert.
393 3041 470 3066 neat
486 3029 519 3064 8(
537 3037 727 3064 convertat
744 3052 753 3062 .

147 3076 194 3104 ¹⁰⁸³
207 3076 254 3103 ‘f'-
494 3078 551 3114 Ad
568 3080 715 3112 tertium
729 3076 879 3111 dicimus
895 3102 904 3117 ,
924 3074 1032 3112 Aliud
1049 3089 1088 3111 ea
1115 3076 1330 3124 auftoritate

394 3142 464 3165 non
478 3126 631 3175 srgnifica
640 3127 666 3162 ri
680 3154 688 3167 ‚
715 3127 774 3162 nisi
788 3125 886 3172 quod
903 3127 1099 3173 requiritur
1115 3128 1209 3163 resta
1225 3130 1331 3171 ratio,

392 3180 435 3215 ad
453 3180 520 3213 boc
535 3191 572 3214 ut
588 3177 627 3213 stt
643 3176 735 3213 reeta
751 3176 840 3211 visto
853 3174 1041 3222 spiritualis
1061 3176 1094 3211 8(
1115 3178 1242 3216 utilis:
1260 3178 1328 3216 Vel

390 3230 488 3276 quod
517 3227 609 3263 resta
637 3228 784 3264 irrentio
798 3225 984 3262 necessaria
1001 3226 1038 3261 sit
1053 3237 1226 3273 tanquam
1242 3241 1330 3274 prae·

149 3264 350 3339 fquubcgf'm‘fi
392 3281 524 3320 via,v:el
540 3278 660 3313 saltem
680 3277 1066 3323 concomiteturopera
1081 3278 1173 3313 ref-ia
1193 3303 1200 3312 .
1216 3280 1330 3329 Qod

390 3342 478 3375 ergo
493 3329 642 3364 intentio
656 3329 794 3365 dicatur
805 3327 1034 3371 oculusmagis
1050 3326 1082 3361 id
1096 3328 1139 3363 ad
1156 3330 1330 3371 rationem

392 3382 546 3428 pertinet
564 3407 574 3421 ‚
600 3377 707 3423 cujus
736 3378 784 3413 est
808 3377 1002 3423 praevidere
1030 3378 1064 3412 8(
1090 3379 1325 3424 distinguere.

392 3430 499 3466 Unde
518 3428 745 3475 Augustinus
755 3429 841 3464 dicit
858 3454 867 3468 ‚
891 3427 994 3464 Fides
1010 3427 1135 3472 dirigit
1160 3432 1330 3467 intentio-

390 3482 632 3522 nah-‚intentio
644 3490 728 3515 vero
736 3480 884 3517 ulterius
901 3476 1028 3525 dirtgtt
1038 3477 1199 3521 infinem.
1247 3492 1330 3516 nare

391 3543 515 3566 verum
530 3531 578 3566 est
593 3558 601 3572 ‚
619 3530 661 3565 ad
681 3532 915 3566 intentionem
931 3527 1122 3566 necessario
1134 3532 1327 3577 prmrequi-

392 3584 419 3615 ri
436 3582 465 3616 S<
484 3583 656 3616 rationem
673 3581 916 3617 ostendentem
933 3606 942 3621 ,
971 3591 1203 3618 veruntamen
1217 3581 1328 3628 ipsam

391 3631 635 3677 principaliter
648 3633 881 3668 intentionem
898 3629 938 3666 de
959 3640 1028 3665 una
1044 3630 1152 3668 libera
1167 3633 1329 3681 potentia

389 3682 529 3728 prodire
547 3706 556 3714 .

492 3733 547 3767 Ad
563 3744 730 3777 quartum
760 3729 983 3780 respondeo,
1001 3733 1144 3781 Utique
1169 3734 1330 3770 conferre

388 3793 452 3829 per
475 3782 761 3829 int›tl‹1nijudicii
779 3785 844 3819 esl‘e
859 3781 966 3818 solius
983 3784 1186 3820 intellefius
1202 3811 1212 3829 ‚
1242 3785 1328 3821 ficut

147 3350 177 3376 4.
191 3352 269 3368 mem.
284 3350 310 3375 3.

1419 214 1456 249 8(
1469 213 1672 260 intelligere
1685 239 1694 248 .
1723 215 1774 251 At
1788 212 1937 255 urendo,
1957 211 2028 248 {ive
2040 213 2239 248 ordinando
2253 212 2357 251 refer-

1417 277 1455 300 re
1468 275 1578 300 unum
1593 265 1744 301 amabile
1760 264 1803 298 ad
1819 264 1916 300 aliud
1930 263 1974 297 ad
2000 265 2222 299 voluntatem
2250 266 2354 311 perti.

1417 326 1501 350 nere
1515 340 1524 349 .
1552 314 1649 350 Cum
1666 316 1764 353 enirn
1777 315 1947 350 voluntas
1964 313 2003 349 fit
2024 314 2266 349 immaterialis
2284 315 2355 363 ipsa

1416 365 1467 402 est
1494 366 1664 401 reflexiva
1679 392 1690 407 ‚
1721 365 1755 400 8(
1787 366 1958 401 collativa
1975 391 1987 408 ‚
2009 366 2132 400 valens
2159 363 2223 399 suo
2249 365 2375 401 modo·

1414 416 1580 452 conferre
1595 442 1608 458 ,
1633 417 1692 452 vel
1705 416 1834 452 teserre
1848 429 1959 452 unum
1971 416 2107 451 bonum
2119 415 2164 451 ad
2180 414 2280 450 aliud
2296 441 2304 450 .

1574 516 2089 554 ARTICULUS
2145 517 2192 552 ΙῙ.

1491 616 1793 656 Utrumintentio
1809 617 1849 652 fit
1865 627 2005 653 tantum
2029 617 2146 652 ultimi
2161 619 2278 654 Finis.

1422 718 1558 758 Doflor
1571 728 1606 752 2.
1626 718 1781 768 ἥφθη.
1798 717 1833 752 d.
1852 719 1910 765 38.
1929 716 1960 757 ἑ.
1974 718 2031 754 Est
2045 732 2108 756 ne.
2138 717 2176 756 S.
2200 717 2352 755 Thomas

1721 780 1752 806 1.
1765 778 1799 802 z.⁴
1815 780 1848 816 q.
1869 778 1924 805 12·
1937 775 2007 805 art.
2021 781 2056 806 z.

1523 870 1710 919 Espondco
1720 869 1910 908 dicendum
1928 898 1939 913 ,
1966 871 2202 907 intentionem
2225 866 2358 906 versari

1540 922 1636 970 posse
1647 923 1751 957 etiam
1770 923 1863 958 circa
1877 921 1982 957 finem
1998 934 2070 957 non
2093 923 2259 957 ultimum
2272 944 2283 954 .
2312 919 2358 953 Et

1419 972 1566 1017 quidem
1597 972 1646 1009 Ta
1671 971 1835 1009 alcimum
1860 973 1972 1018 accipi
1998 970 2112 1020 potest
2133 971 2356 1018 dupliciter·

1419 1023 1517 1058 Nam
1541 1026 1596 1060 vel
1618 1024 1666 1060 est
1693 1024 1892 1070 simpliciter
1916 1024 2106 1064 ultimum,
2130 1023 2191 1058 cui
2210 1022 2359 1059 omnino

1421 1082 1600 1120 repugnat
1614 1076 1656 1110 ad
1672 1074 1769 1110 aliud
1780 1075 1937 1110 ordinari
1954 1075 1987 1111 8(
2005 1073 2150 1111 referri:
2181 1073 2240 1108 vel
2265 1071 2373 1107 ulti·-

1421 1135 1518 1163 mum
1535 1128 1700 1172 negative
1714 1154 1726 1170 ‚
1755 1126 1788 1162 8<
1804 1138 1868 1174 pro
1881 1138 1976 1162 nunc
1990 1154 2001 1169 ,
2016 1134 2197 1174 quatenus
2223 1121 2354 1159 scilicet

1420 1175 1505 1210 aetu
1519 1175 1562 1210 ad
1581 1177 1676 1212 aliud
1693 1189 1764 1214 non
1784 1177 1972 1213 ordinatur
1989 1204 1999 1220 ,
2029 1176 2090 1212 etsi
2119 1172 2232 1222 reipsa
2255 1171 2358 1207 ordi-

1420 1226 1541 1272 nabile
1555 1227 1592 1261 sit
1608 1253 1617 1262 .
1648 1229 1767 1270 Primo
1777 1228 1885 1268 modo
1907 1224 2140 1273 intelligendo
2162 1225 2358 1263 ultimum-³

1419 1289 1492 1315 non
1507 1289 1648 1324 oportet
1663 1305 1674 1321 ,
1699 1290 1842 1321 omnem
1857 1279 2088 1315 intentionem
2115 1276 2244 1311 versari
2262 1274 2358 1310 circa

1423 1329 1494 1364 tale
1507 1324 1673 1365 ultimum
1686 1329 1909 1365 immediate.
1934 1331 1987 1364 At
2002 1328 2108 1375 juxta
2133 1324 2358 1362 secundant-

1420 1380 1669 1425 acceptionem
1682 1379 1872 1418 dicendum
1889 1405 1902 1422 ,
1928 1379 2162 1415 intentionem
2176 1376 2244 1413 esse
2268 1384 2359 1421 prze-

1420 1428 1490 1465 cise
1505 1428 1664 1476 respectu
1690 1431 1809 1468 ultimi
1824 1428 1902 1471 finis
1927 1441 2013 1466 tunc
2028 1441 2070 1464 co
2098 1429 2163 1464 niti
2192 1429 2226 1463 in
2256 1425 2354 1461 aetu-

1419 1481 1638 1527 Exemplum
1664 1493 1673 1515 ε
1710 1480 1854 1527 elargiri
1879 1481 2028 1528 pauperi
2049 1477 2286 1525 eemosynam
2314 1484 2355 1508 ut

1419 1530 1608 1567 vescatur-
1636 1531 1668 1566 ls
1684 1531 1764 1568 finis
1780 1558 1789 1572 ‚
1816 1543 1925 1577 quem
1942 1530 2031 1565 dans
2047 1528 2288 1576 elemosynam
2301 1526 2356 1560 in-

1418 1580 1533 1617 tendit
1550 1605 1562 1621 ,
1585 1592 1656 1614 non
1673 1581 1724 1615 est
1742 1582 1890 1613 ultimus
1907 1604 1915 1615 ‚
1938 1581 2004 1622 qui
2019 1580 2061 1610 ad
2079 1581 2232 1611 alterum
2246 1576 2354 1610 finem

1416 1642 1490 1666 non
1505 1628 1604 1674 poffit
1619 1627 1764 1662 referri.
1793 1625 1864 1660 Sed
1891 1624 1913 1659 st
1933 1636 2104 1671 praetcrea
2134 1624 2354 1664 intendatur,

1414 1679 1520 1714 Deus
1539 1703 1548 1718 ,
1572 1676 1811 1724 quipraecipit
1826 1686 1866 1712 ut
1879 1676 2098 1721 pauperibus·
2120 1674 2356 1712 subveniatur

1415 1741 1483 1778 per
1493 1725 1735 1772 eleemosynas
1753 1750 1764 1765 ‚
1790 1736 1879 1758 tunc
1892 1722 1941 1758 est
1958 1725 2109 1759 intentio
2132 1727 2227 1760 circa
2248 1723 2355 1760 finem

1415 1781 1584 1815 ultimum
1599 1801 1610 1815 ,
1637 1785 1718 1820 quae
1743 1773 1895 1808 intentio
1915 1784 2100 1819 nunquam
2123 1775 2237 1822 potest
2259 1773 2358 1811 effe.»

1413 1823 1543 1860 electio
1560 1848 1574 1865 ,
1599 1824 1656 1858 vel
1671 1822 1753 1858 usus
1768 1822 1968 1859 mediorum
1983 1824 2026 1858 ad
2046 1824 2172 1862 finem.

1566 1922 2075 1967 ARTICULUS
2139 1925 2208 1962 111.

1464 2026 1598 2062 Utrum
1611 2026 1744 2074 aliquis
1759 2025 1858 2073 poffit
1882 2021 1986 2061 simul
2001 2021 2074 2060 duo
2098 2024 2282 2064 intendere
2297 2052 2309 2062 .

1463 2125 1595 2174 ‚Doft'or
1609 2127 1689 2164 locis
1707 2129 1744 2162 in
1754 2128 1913 2172 margine
1928 2128 1990 2161 cit.
2007 2127 2048 2162 S.
2071 2127 2194 2165 Thom.
2225 2140 2254 2164 ι.
2271 2138 2308 2163 2.

1763 2188 1798 2224 q.
1817 2187 1871 2214 12,
1888 2186 1956 2216 art.
1977 2189 2011 2224 3.

1524 2276 1735 2320 EspondeO,
1759 2278 1945 2326 Quoniam
1966 2292 1995 2315 r.
2017 2288 2114 2329 μη.
2139 2282 2199 2323 85.
2223 2289 2295 2316 art.
2318 2294 2357 2325 4.

1538 2330 1700 2376 pluribus
1719 2328 1897 2364 ostensum
1926 2330 2022 2372 fuit,
2049 2331 2146 2378 posse
2170 2343 2235 2367 nos
2259 2331 2361 2367 stmul

1415 2378 1517 2420 plura
1533 2380 1732 2424 intelligere
1748 2383 1990 2426 quantumuis
2000 2381 2178 2429 disparata
2192 2408 2202 2423 ,
2225 2392 2358 2420 acom-

1415 2437 1499 2463 nem
1513 2429 1742 2465 excludentia
1760 2431 1936 2473 unitatem
1960 2430 2121 2478 respenu
2152 2430 2357 2469 intelleffms

1417 2479 1719 2526 apprehendentis
1735 2508 1745 2523 ,
1765 2480 1826 2517 etsi
1841 2493 1918 2528 quo
1930 2484 2046 2527 magis
2063 2484 2164 2530 plura
2190 2482 2289 2518 fimul
2305 2480 2359 2516 in-

1416 2529 1528 2574 telligi
1543 2556 1555 2571 ,
1580 2541 1623 2565 eo
1634 2531 1781 2567 minoris
1797 2531 2025 2577 perfeetionis
2039 2561 2048 2576 ,
2073 2545 2116 2568 ac
2139 2531 2351 2569 intentionis

1416 2576 1495 2614 sunt
1512 2581 1613 2616 aetus
1630 2608 1641 2624 ,
1667 2583 1799 2628 quibus
1813 2581 1949 2627 lingula
1972 2585 2221 2630 attinguntur.
2252 2582 2361 2618 con-

1413 2627 1607 2677 sequenter
1621 2632 1662 2667 ad
1675 2632 1750 2667 haec
1761 2632 1908 2678 quaesito
1918 2633 2171 2682 respondentes
2183 2660 2194 2675 ,
2205 2633 2362 2668 dicimus

1415 2680 1512 2727 posse
1523 2683 1654 2729 pariter
1669 2685 1898 2718 voluntatem
1928 2683 2028 2720 simul
2047 2687 2151 2733 plura
2176 2682 2360 2720 intendere

1413 2730 1552 2766 constat
1566 2734 1656 2768 enim
1673 2735 1793 2780 plures
1810 2733 1900 2770 fines
1921 2735 2030 2771 etiarn
2042 2735 2243 2782 disparatos
2264 2729 2360 2782 poss'e

1413 2781 1513 2816 fimnl
1531 2784 1638 2818 menti
1655 2795 1868 2819 occurrente
1884 2809 1894 2825 ,
1920 2784 2052 2832 eosque
2065 2787 2293 2827 voluntatem
2306 2783 2359 2817 in-

1413 2831 1558 2867 tendere
1575 2858 1584 2871 ,
1599 2835 1630 2867 8(
1648 2835 1784 2868 moveri
1799 2834 1843 2868 ad
1860 2834 2002 2872 illorum
2019 2835 2356 2884 prosequutionem;

1413 2881 1535 2917 saltem
1552 2880 1660 2927 jutrta
1674 2883 1893 2929 exigentiam
1916 2887 2204 2934 opportunitatis
2218 2910 2226 2920 .
2254 2882 2357 2934 Qia

1412 2944 1500 2977 ergo
1514 2931 1589 2967 duo
1603 2932 1675 2967 haec
1696 2934 1784 2970 inter
1800 2934 1832 2970 se
1859 2947 2020 2972 connexa
2035 2935 2113 2972 sunt
2130 2963 2141 2979 ,
2167 2937 2200 2972 S<
2229 2935 2357 2982 quaesi·

1411 2993 1491 3018 tum
1505 2983 1624 3029 quoad
1638 2984 1858 3020 intellef'tnm
1873 2986 1941 3023 late
1955 2986 2149 3032 expensum
2164 2985 2358 3032 fuerit,pu-

1409 3033 1567 3069 ravimus
1579 3033 1734 3069 hicnihil
1760 3047 1928 3079 praeterea
1945 3037 2148 3074 addendum
2166 3063 2176 3073 .
2205 3034 2278 3075 Sed
2300 3036 2356 3072 vi·

1409 3083 1549 3119 dendus
1566 3084 1739 3121 articulus
1754 3086 1815 3122 cit.

1414 3333 1419 3337 ι
1449 3299 1496 3333 (a)
1532 3297 1558 3326 S.
1573 3297 1702 3329 Thomas
1716 3299 1830 3329 sentient
1843 3298 1886 3328 hic
1898 3300 1970 3338 polio
1983 3301 2159 3330 voluntatem
2184 3301 2262 3338 plura
2277 3297 2357 3327 simul

1411 3335 1557 3377 intendere
1570 3355 1579 3369 ,
1605 3339 1689 3366 etiam
1703 3348 1759 3366 non
1773 3337 1898 3366 ordinata
1910 3357 1920 3372 ‚
1943 3341 2088 3379 negotium
2104 3339 2205 3369 faeeffit
2215 3340 2357 3375 Caietano

1413 3382 1439 3400 in
1451 3372 1607 3411 affignanda
1621 3377 1730 3404 ratione
1742 3396 1752 3410 ,
1776 3385 1824 3404 eur
1837 3375 1952 3407 idipsum
1978 3379 2122 3414 negaverit
2145 3377 2180 3406 de
2208 3376 2358 3406 intellectu.

1411 3410 1491 3439 Dicit
1503 3420 1596 3440 tamen
1609 3416 1746 3443 rationem
1759 3413 1811 3442 esse
1823 3433 1832 3447 ‚
1854 3416 1918 3450 quia
1942 3411 2096 3446 inteliec‘ffls
2119 3416 2226 3454 semper
2248 3415 2357 3453 attingit

1410 3448 1489 3486 plura
1502 3458 1532 3477 ut
1546 3459 1630 3478 unum
1646 3462 1765 3481 tanturn:
1782 3452 1912 3481 voluntas
1925 3465 1992 3483 vcro
2006 3454 2155 3491 aliquando
2167 3456 2279 3493 attingit
2294 3453 2358 3492 plu—

1410 3495 1440 3514 ra
1452 3496 1483 3515 nr
1496 3488 1584 3523 plura.-
1595 3492 1671 3525 quod
1685 3490 1814 3528 exemplo
1825 3490 1956 3520 declmr.
1974 3496 2035 3525 Eius
2044 3502 2136 3520 tamen
2150 3492 2356 3531 interpretatio—

1411 3534 1475 3565 nem
1486 3525 1558 3554 clare
1574 3545 1583 3561 ‚
1597 3529 1623 3555 8(
1637 3528 1786 3558 efficaciter
1798 3530 1885 3558 reiicit
1898 3530 2023 3569 vasquez
2035 3531 2112 3569 super
2124 3531 2195 3559 hunc
2205 3532 2358 3560 articulum

1411 3564 1529 3592 scribens
1545 3575 1570 3592 tn
1584 3565 1729 3599 sententia,
1752 3568 1805 3596 oisc
1820 3568 1996 3598 voluntatem
2010 3569 2150 3598 intendere
2166 3570 2233 3598 fines
2255 3571 2358 3609 plures,

1408 3611 1442 3670 gc
1455 3602 1559 3671 usnam
1571 3606 1641 3636 inter
1655 3606 1681 3637 se
1695 3606 1729 3638 ha
1751 3615 1826 3637 entes
1838 3615 2020 3638 communem
2031 3609 2168 3639 rationem
2180 3626 2190 3643 ,
2211 3611 2259 3647 qui
2272 3611 2299 3638 &
2311 3609 2353 3639 vi-

1430 3650 1462 3670 en
1485 3651 1514 3671 us
1527 3661 1536 3670 .

2164 3839 2308 3878 ARTL·
