2628 4026
396 200 558 239 eluderet
575 224 586 240 ,
613 195 685 241 insa
700 197 832 243 pariter
843 200 1058 243 probaretur
1073 198 1332 237 charitatem,

400 253 435 289 8(
454 251 549 296 spem
567 259 637 282 non
655 247 769 284 effein
783 249 995 291 voluntare3
1026 248 1125 296 quod
1147 247 1194 283 est
1210 257 1333 282 contra

393 312 516 338 ornnes
528 297 880 349 Theologos.Qare
896 301 1049 336 breviter
1065 298 1333 343 dic0‚quoniam

394 355 514 387 virtus
546 348 594 384 est
609 348 766 395 relpe5lu
793 351 991 386 voluntatis
1005 345 1108 384 causa
1130 345 1327 388 secunda„

391 402 456 439 etsi
482 400 687 436 naturaliter
706 399 853 435 inclinet
878 399 922 435 ad
956 399 1133 435 afflonem
1156 399 1326 443 utrique:

387 461 616 490 comni-ranem
634 477 640 487 ,
669 449 739 496 ipsa
754 460 872 485 tamen
889 451 996 486 libere
1012 448 1049 485 fit
1065 459 1209 496 propter
1222 447 1332 483 liber·

391 512 502 538 tatem
518 498 632 534 causae
651 500 858 545 principalis
874 525 884 534 .

491 552 548 590 Ad
574 550 720 586 tertium
749 561 842 595 pater
862 563 906 584 ev
935 550 1067 593 dietis,
1093 561 1173 584 cum
1198 549 1332 583 tertia..-

388 603 452 638 illa
469 602 562 636 ratio
573 599 768 634 duceretur
782 600 823 633 ad
840 601 1042 645 oppositum
1062 599 1255 648 5Qaliter
1267 608 1332 630 vo·

388 652 542 688 luntatis
562 650 600 684 st
617 650 648 684 8<
671 660 738 684 non
762 647 915 686 scrfitivi
945 652 1125 695 appetitus
1156 647 1332 683 moderari

389 701 563 749 pastiones
575 699 650 743 ‚seu
665 698 857 735 inexistant
871 725 883 742 ‚
897 699 954 736 seu
972 700 1101 736 fururae
1116 699 1332 747 praevidean-

387 761 468 787 tur.

163 823 304 854 Hamus
318 833 367 854 οη.
493 801 551 841 Ad
569 811 735 848 quartum
750 799 943 847 respondeo
959 800 1153 844 dupliciter
1175 828 1186 836 .
1209 798 1331 832 Primo

158 862 264 892 Gonem
284 835 369 893 istius
395 852 624 888 concedendo
635 848 923 895 consequentiam
942 864 950 886 ε
968 852 1050 897 quia
1066 849 1088 884 fi
1106 850 1267 894 Angelus
1279 846 1331 882 es-

156 901 341 969 gosequitur
397 902 444 938 set
459 912 598 938 creatus
611 903 644 936 in
657 900 757 948 puris
767 902 992 937 naturalibus
1007 928 1015 941 ‚
1047 910 1172 934 carens
1187 897 1333 934 virtuti·

162 939 271 1007 Xt⁰a²⁰¹
285 950 368 1006 2⁰5⁶·
397 954 465 989 bus
489 952 711 987 moralibus,
738 962 785 985 eae
811 951 947 995 possent
977 949 1140 997 generari
1169 948 1203 984 in
1231 960 1275 984 eo
1287 959 1334 984 ex

162 988 224 1050 sug,
236 988 368 1049 νῆἓςῃὲίἰ
396 1002 520 1040 multis
537 1001 641 1036 ree'tis
654 997 890 1037 eleetionibus
906 1029 916 1043 ,
941 1014 1011 1038 non
1029 1000 1173 1044 quidem
1205 1000 1336 1042 circa„

393 1051 607 1102 paffionesin
624 1050 785 1097 appetitu
802 1050 969 1087 senfitivo
993 1052 1054 1086 {ibi
1077 1049 1329 1090 inexistentem

393 1113 459 1139 nec
469 1102 573 1137 etiam
592 1113 671 1148 quae
689 1099 875 1136 infuerunt
888 1129 898 1143 ‚
924 1102 980 1137 vel
997 1102 1128 1137 inerint
1148 1127 1159 1143 ‚
1185 1101 1239 1136 vel
1253 1099 1331 1146 pos·

394 1151 476 1190 sunt
493 1150 597 1188 inesse
613 1177 624 1192 ,
652 1149 706 1186 sed
724 1149 836 1186 solum
849 1152 942 1188 circa
963 1152 1051 1186 tales
1082 1151 1251 1198 pastiones
1266 1152 1330 1187 in..

392 1201 890 1248 universaliperintelleeium
905 1201 1060 1238 ostensas
1077 1229 1088 1244 ,
1113 1214 1184 1249 qua
1215 1201 1332 1237 osten-

389 1254 488 1291 {ione
504 1251 614 1298 posita
628 1278 638 1294 ,
661 1251 694 1286 8<
712 1250 844 1286 dizffiato
857 1253 943 1299 quid
969 1252 1053 1287 effer
1076 1253 1329 1297 eligendum-2,

396 1304 422 1340 fi
437 1302 517 1351 poffi
526 1303 595 1338 bile
607 1301 699 1337 foret
717 1301 798 1348 ipsis
813 1303 862 1336 eis
880 1301 982 1337 inelse
994 1302 1162 1349 paffion.-s
1177 1328 1187 1344 ‚
1211 1303 1330 1347 Ange·

393 1354 420 1389 li
436 1354 603 1389 voluntas
619 1352 650 1387 ei
664 1351 848 1387 dielamini
866 1352 1019 1387 consona
1037 1365 1080 1388 eir
1109 1353 1232 1389 multis
1260 1355 1327 1388 ele-

391 1402 580 1439 &ionibus
598 1428 610 1444 ‚
631 1402 814 1449 acquirere
829 1401 941 1449 posset
969 1403 1127 1438 habitum
1158 1402 1326 1438 moralem

391 1453 529 1490 reeium
547 1479 556 1494 ‚
580 1462 666 1499 puta
680 1454 920 1499 temperentiae
935 1478 944 1493 ‚
964 1463 1142 1500 quatenus
1160 1454 1239 1499 yult
1261 1454 1326 1487 mi-

390 1503 576 1539 bibonum
601 1503 841 1549 temperantiae
858 1528 871 1544 ,
900 1514 962 1537 nec
992 1501 1098 1537 alium
1129 1503 1324 1539 habitum..-

388 1554 425 1589 in
444 1552 476 1588 se
490 1563 672 1598 generaret
687 1552 851 1587 voluntas
872 1553 1043 1596 Angeliea
1061 1579 1071 1594 ,
1095 1565 1202 1598 quam
1228 1564 1324 1589 tem-

388 1604 558 1650 perantiae
570 1626 581 1643 ‚
603 1603 687 1650 quia
701 1613 762 1647 per
776 1602 908 1639 mihi&
925 1603 995 1638 tihi
1007 1614 1077 1638 non
1092 1603 1250 1638 variatur
1267 1615 1324 1640 ra-

387 1654 440 1687 tio
453 1652 610 1688 formalis
623 1652 766 1686 habitus
782 1676 791 1686 .

488 1702 527 1738 Si
539 1701 607 1736 hoc
622 1700 768 1737 afferere
783 1713 852 1737 non
867 1703 1035 1749 placeret,
1054 1701 1267 1751 Respondeo
1280 1701 1332 1739 se·

387 1751 508 1788 cundo
521 1763 587 1796 neg
613 1751 685 1786 ndo
695 1751 984 1799 consequentiam
1000 1780 1010 1794 ‚
1032 1756 1117 1801 quia
1131 1756 1247 1789 virtus
1260 1766 1331 1789 non

154 1800 354 1846 Haneresp9n3
389 1801 439 1838 est
451 1803 546 1838 circa
562 1801 810 1849 quodcunque
823 1804 957 1837 bonum
974 1828 985 1844 ,
1008 1802 1065 1840 std
1081 1806 1175 1841 circa
1196 1806 1329 1845 bonurn

154 1844 354 1910 ⁶⁰⁰{mlznon
388 1852 530 1888 difficile
554 1865 564 1887 ε
602 1854 736 1887 bonum
769 1862 886 1886 autem
905 1879 914 1893 ‚
939 1853 1039 1898 quod
1065 1852 1114 1888 est
1140 1851 1328 1899 objeemm

152 1890 358 1953 g‡5{g{‚3¹4⁰2‚
391 1903 538 1937 virturis
552 1928 563 1944 ‚
585 1912 657 1939 non
669 1900 719 1936 est
730 1899 872 1939 difficile
884 1902 945 1939 nisi
958 1902 1103 1939 habenti
1127 1903 1325 1950 appetitum

155 1961 183 1988 d.
209 1968 236 1994 3.
262 1968 289 1997 q.
311 1967 356 1988 ιο.
390 1952 593 1991 sensitivum
612 1977 622 1992 ,
653 1950 840 1999 quinatus
856 1951 904 1987 est
919 1951 1000 1988 fer-ri
1022 1953 1055 1986 in
1086 1954 1327 2000 oppositum-.-

155 2009 184 2029 ⁷¹⁰
198 2000 244 2029 ¹⁸·
389 2004 470 2051 ejus
484 2005 595 2045 boni,
613 2000 733 2037 saltem
746 2014 922 2049 quantum
935 2003 980 2038 ad
996 2004 1156 2049 aliquam
1173 2005 1327 2044 circum-

390 2056 555 2092 stantiam
573 2065 582 2089 :
611 2053 643 2089 8<
657 2065 701 2089 ex
715 2051 784 2088 hoc
816 2052 911 2098 quod
931 2055 1111 2101 appetitus
1143 2052 1329 2090 senfirivus

390 2106 669 2145 ficinclinavur,
699 2103 914 2141 voluntasin
938 2103 1060 2139 eodem
1080 2116 1158 2140 nata
1190 2105 1238 2140 est
1266 2103 1330 2140 fibi

389 2154 632 2192 condeleetari
649 2181 660 2197 ‚
684 2164 724 2192 a:
737 2165 926 2200 propterea
946 2154 1082 2195 difficile
1099 2153 1147 2193 est
1166 2156 1332 2190 volunta-

392 2209 421 2243 ti
432 2207 575 2242 tendere
588 2207 623 2240 in
638 2206 773 2240 bonum
787 2203 905 2240 debite
921 2205 1328 2241 circumstantionatum.

394 2257 577 2293 Voluntas
593 2266 711 2291 autem
726 2254 856 2301 Angeli
869 2257 951 2300 quia
965 2266 1036 2290 non
1060 2254 1109 2291 est
1132 2253 1328 2300 conjuncta

392 2307 569 2356 appetitui
581 2305 745 2341 senfitivo
757 2329 767 2344 ‚
796 2316 866 2339 non
881 2304 930 2340 est
946 2317 1026 2341 nata
1043 2306 1091 2341 illi
1105 2306 1332 2341 coiideleRa·

393 2359 424 2394 ri
436 2383 449 2402 ,
471 2359 502 2393 8<
520 2356 599 2392 ideo
615 2353 965 2391 circadifficulratem
980 2356 1127 2392 tendens
1145 2358 1181 2390 in
1196 2359 1331 2398 bonum

392 2409 528 2444 morale
543 2406 635 2442 rec‘ste
645 2403 1042 2441 circumstantionatum
1072 2419 1117 2442 ex
1136 2404 1329 2452 quibusvis

392 2458 532 2494 aetibus
547 2457 609 2493 fibi
629 2467 699 2490 non
729 2455 1065 2502 acquiritmajorem
1091 2456 1330 2492 facilitatem..

392 2506 563 2545 tendendi
577 2508 610 2542 in
628 2505 716 2542 illud
731 2515 770 2539 ac
782 2505 949 2542 habuerit
972 2518 1053 2542 ante
1066 2517 1191 2542 omnes
1217 2507 1332 2542 a8tus.

495 2556 552 2594 Ad
568 2558 960 2606 quintum‚quanquam
976 2557 1087 2604 puiset
1100 2558 1221 2604 negari
1235 2555 1334 2604 quod

392 2607 525 2645 dicitur
543 2634 553 2648 ‚
576 2617 741 2653 opertere
754 2617 896 2642 omnem
912 2608 1165 2653 perfeetionem
1180 2607 1335 2649 nobilio·

394 2661 441 2696 ris
455 2657 683 2705 perfeffibilis
698 2656 766 2692 effe
776 2656 1019 2702 perse-&iorem
1033 2669 1252 2707 quacunque
1263 2668 1336 2705 per,

395 2707 548 2744 feffione
566 2707 796 2755 perfeetibilis
812 2709 928 2743 minus
955 2710 1085 2745 nobilis
1103 2723 1115 2751 3
1139 2711 1225 2756 quia
1253 2708 1336 2749 satis

396 2759 504 2801 est‚ut
523 2758 682 2805 suprema
697 2756 882 2793 nobilioris
893 2759 1044 2795 excedat
1060 2759 1259 2808 supremum
1276 2759 1341 2801 mi,

393 2822 462 2848 nus
477 2811 557 2846 nobi
569 2809 617 2845 lis.
628 2809 753 2843 Virtus
771 2819 888 2846 autem
902 2811 1046 2848 moralis
1061 2824 1132 2847 non
1154 2809 1203 2847 est
1218 2809 1339 2856 supre-

394 2874 454 2898 ma
473 2859 669 2896 voluntatis
686 2857 856 2906 perfeeiio
870 2885 881 2900 ‚
913 2872 975 2898 nec
996 2863 1182 2909 prudentia
1201 2861 1340 2897 intelle-

397 2912 480 2948 εἴης
497 2937 506 2952 ‚
519 2910 576 2947 sed
594 2907 768 2955 ejusmodi
784 2907 832 2943 est
846 2908 1001 2946 charitas
1015 2913 1049 2947 in
1066 2913 1251 2948 voluntate
1267 2937 1278 2953 ‚
1304 2910 1340 2947 &

398 2962 488 2999 fides
502 2962 536 2997 in
554 2959 732 2996 intellefiiu
750 2974 762 3001 ;
785 2958 939 2996 charitas
951 2973 1067 2998 autem
1082 2962 1164 2998 fidei
1176 2961 1315 3011 praestat
1329 2987 1340 2997 .

397 3016 489 3052 Haec
501 3010 733 3048 nihilominus
745 3007 921 3056 responsio
938 3023 1006 3048 non
1020 3015 1171 3049 multum
1196 3014 1334 3049 roboris

399 3062 601 3115 ptaeseferre
629 3060 772 3100 videtur
789 3086 802 3104 ,
828 3072 1015 3112 propterea
1038 3063 1137 3114 quod
1168 3063 1331 3115 respeeiu

1057 131 1240 176 Summe
1273 124 1463 195 ‘Joanm‘s
1480 128 1609 174 Dum
1641 124 1762 174 Scott‘

1404 194 1562 240 eiusdem
1584 193 1721 239 objeeti
1748 195 1900 231 nobilior
1920 191 2082 243 potentia
2098 193 2215 231 exerit
2229 190 2349 232 aRum

1405 246 1634 287 nobiliorem,
1648 256 1800 292 utraque
1826 257 1955 290 agente
1981 242 2176 281 secundum
2201 257 2344 280 omnem

1406 297 1576 332 virtutem
1594 296 1646 330 sui
1665 308 1677 336 ς
1702 308 1784 331 cum
1798 299 1891 332 enim
1907 308 1978 332 non
1993 296 2216 340 intelligatur
2228 294 2347 330 exces-

1403 346 1460 382 sus
1473 358 1515 382 ex
1527 357 1625 393 parte
1637 345 1771 392 objeffl
1790 372 1801 388 ‚
1824 358 1904 381 cum
1920 358 2031 382 unum
2046 345 2214 389 idemque
2228 345 2268 380 fit
2282 354 2344 380 ex-

1402 396 1516 432 celsus
1534 423 1544 438 ,
1557 395 1646 442 ipsas
1660 396 1709 432 est
1729 396 1972 433 refundendus
1987 398 2022 432 in
2040 395 2345 443 potentiaS‚qua-

1405 459 1482 483 rum
1491 447 1655 483 nobilior
1672 448 1789 484 minus
1805 448 1958 483 nobilem
1974 447 2114 483 excedit
2131 470 2141 480 .

1502 497 1598 532 Cum
1618 497 1730 541 igitur
1744 500 1841 533 circa
1853 497 1987 533 bonum
2004 497 2137 532 morale
2152 524 2163 539 ,
2183 495 2281 544 quod
2294 493 2343 531 est

1403 548 1498 584 idem
1514 545 1698 593 obje6h¹m
1716 546 1755 581 fit
1773 548 1874 583 aelus
1889 547 2090 582 intellee’tus
2107 546 2256 594 praeiici
2274 569 2287 588 ‚
2308 546 2344 582 &

1407 598 1625 637 voluntatis,
1647 596 1670 631 fi
1701 606 1852 644 utraque
1882 599 2042 643 potentia
2068 598 2223 643 perfeete
2247 607 2346 641 agat,

1405 647 1480 683 haec
1494 644 1664 681 dietando
1680 672 1690 687 ‚
1722 646 1780 683 illa
1807 647 1972 692 eligendo
1986 674 1996 688 ,
2029 647 2233 694 (impliciter
2264 657 2345 694 per-

1405 697 1532 734 fefflor
1544 697 1608 733 erit
1619 695 1746 732 elefiiio
1761 696 1852 732 reeta
1865 697 2055 733 difflamine
2067 697 2164 732 reeto
2178 725 2190 740 ,
2216 698 2248 733 8<
2264 697 2347 732 sub-

1405 747 1487 783 inde
1499 745 1645 782 habitus
1656 758 1847 794 generatus
1860 759 1905 782 ex
1917 746 2153 783 eleffionibus
2167 747 2270 784 reffiis
2282 758 2347 781 no-

1404 798 1511 834 bilior
1522 797 1587 833 erit
1605 797 1731 834 habitu
1743 796 1867 844 genito
1880 808 1927 834 ex
1945 796 2199 834 dic-'taminibus
2228 798 2345 839 reffls,

1400 847 1502 897 quod
1515 847 1674 884 concedo
1691 872 1701 883 .

1507 898 1562 935 Ad
1581 897 1837 945 Philosophum
1854 896 2229 945 itaquepraeferentem
2258 908 2344 945 pru·

1404 948 1559 985 dentiam
1579 975 1590 991 ‚
1617 946 1831 995 Respondeo
1854 962 1866 987 z
1894 948 2085 985 Prudentia
2107 949 2346 995 quodammo-

1405 1000 1453 1036 do
1464 998 1512 1034 est
1528 999 1650 1044 regula
1666 999 1817 1035 aliarum
1834 999 2008 1035 virtutum
2024 1025 2034 1040 ,
2060 1009 2240 1045 quatenus
2257 998 2344 1047 ipsa,

1401 1050 1460 1085 vel
1472 1048 1571 1085 astus
1584 1047 1665 1096 ejus
1679 1049 1910 1095 generatione
1922 1047 2087 1095 praecedit
2102 1049 2265 1085 habitum
2278 1075 2290 1092 ‚
2307 1049 2343 1085 δε

1410 1099 1529 1136 aetum
1545 1101 1688 1135 virtutis
1703 1099 1848 1135 moralis
1866 1124 1874 1134 .
1901 1101 1986 1148 Qua
2007 1111 2052 1134 ex
2070 1100 2255 1146 prioritate
2281 1098 2346 1134 ha·

1403 1151 1463 1185 bet
1481 1176 1492 1192 ,
1520 1161 1561 1186 ut
1573 1149 1673 1186 aetus
1690 1175 1701 1192 ‚
1721 1149 1936 1198 habitusque
1953 1150 2092 1186 moralis
2112 1149 2151 1185 fit
2171 1149 2233 1185 fibi
2258 1160 2345 1185 con-

1403 1201 1527 1237 formis
1544 1228 1556 1244 ,
1584 1211 1757 1248 tanquam
1780 1201 1924 1248 priori,
1952 1201 1986 1236 8<
2009 1211 2081 1236 non
2110 1212 2130 1237 e
2153 1198 2343 1236 converso.

1402 1251 1573 1287 Similiter
1583 1250 1658 1288 haec
1670 1252 1837 1298 prioritas
1853 1250 1946 1299 apud
1959 1249 2217 1298 Philosophum
2247 1250 2347 1286 vide.

1402 1312 1461 1336 rur
1471 1301 1685 1338 concludere
1699 1301 1872 1337 rationem
1886 1301 2019 1346 regulae
2033 1302 2066 1337 8<
2083 1299 2253 1338 mensurae
2268 1327 2279 1342 ‚
2302 1300 2340 1336 Sc

1400 1351 1436 1385 in
1453 1350 1747 1396 hocdignitatem
1762 1377 1774 1394 ,
1800 1351 1857 1390 sed
1872 1363 1943 1389 non
1959 1349 2119 1400 sequitur
2134 1365 2147 1393 ;
2164 1363 2250 1398 ergo
2263 1351 2344 1387 fim-

1400 1401 1540 1447 pliciter
1555 1403 1696 1448 dignior
1713 1428 1723 1438 .

1498 1451 1556 1487 Ad
1574 1453 1714 1488 sextum
1732 1451 1927 1500 respondeo
1943 1478 1952 1494 ,
1984 1453 2213 1488 voluntatem
2245 1450 2343 1486 suffi-

1396 1505 1530 1540 cienter
1545 1501 1665 1549 perfici
1682 1514 1742 1548 per
1757 1505 1924 1538 virtutem
1948 1501 2211 1548 Theologicam
2228 1499 2342 1544 respe-

1395 1554 1457 1589 &tu
1479 1554 1562 1588 boni
1578 1541 1737 1595 divini,&
1756 1551 1913 1599 respeehi
1928 1553 2021 1586 illius
2039 1552 2184 1587 alterius
2197 1577 2208 1593 ,
2231 1550 2290 1586 nlsl
2306 1554 2341 1586 in

1401 1603 1528 1639 ordine
1545 1604 1587 1637 ad
1602 1604 1719 1637 Deum
1740 1600 1872 1637 summe
1886 1601 2053 1638 dileetum
2067 1628 2076 1643 ,
2107 1603 2284 1636 intantum
2303 1612 2341 1637 ut

1401 1654 1522 1689 nullus
1535 1651 1634 1688 astus
1649 1654 1813 1688 eliciatur
1825 1664 1868 1688 ex
1886 1653 2061 1690 charitate
2075 1679 2084 1694 ,
2102 1652 2164 1689 nisi
2177 1653 2261 1698 quia
2276 1653 2342 1686 ob-

1401 1703 1538 1750 jeaum
1556 1702 1599 1737 ad
1618 1703 1715 1749 quod
1731 1701 1861 1736 fistitur
1877 1729 1888 1744 ,
1910 1702 1958 1736 est
1975 1705 2073 1737 Deus
2091 1727 2103 1743 ,
2129 1702 2203 1738 esto
2220 1702 2342 1739 mediis

1402 1754 1480 1789 aliis
1492 1751 1647 1797 obieetis
1670 1752 1824 1787 adillum
1846 1751 2057 1788 deveniatur
2073 1777 2081 1787 .
2113 1755 2199 1789 Non
2228 1752 2340 1789 solum

1401 1815 1520 1839 autem
1533 1800 1668 1849 poffum
1682 1802 1845 1837 ordinate
1864 1802 1953 1837 velle
1972 1804 2090 1837 Deum
2105 1828 2116 1843 ,
2130 1802 2184 1837 vel
2199 1802 2266 1837 hoc
2281 1805 2342 1837 bo-

1399 1865 1486 1889 num
1503 1853 1539 1889 in
1554 1851 1680 1888 ordine
1697 1852 1739 1886 ad
1757 1851 1874 1888 Deum
1890 1865 1901 1886 ε
1931 1851 1987 1886 sed
2000 1853 2106 1887 eriam
2123 1853 2257 1887 bonum
2273 1852 2343 1888 hoc

1398 1905 1613 1949 inquantum
1629 1904 1736 1949 pollet
1750 1903 1810 1938 tali
1825 1903 1986 1937 bonitate
2003 1902 2088 1937 mihi
2104 1904 2342 1939 conveniente

1399 1952 1596 1989 secundum
1616 1954 1793 1999 propriam
1808 1954 1982 1988 rationem
2002 1979 2011 1992 ‚
2040 1953 2073 1988 St
2088 1952 2133 1987 sic
2161 1954 2253 1989 velle
2270 1953 2343 1988 hoc

1399 2005 1533 2038 bonum
1565 2003 1609 2038 de
1635 2004 1703 2038 alio
1730 2003 1858 2038 habitu
1884 2002 2044 2051 procedit
2074 2029 2085 2045 ‚
2124 2005 2190 2050 qui
2221 2004 2339 2039 virtus

1399 2053 1628 2098 Theologica
1646 2064 1715 2089 non
1730 2053 1780 2089 est
1797 2079 1807 2089 .

1502 2103 1570 2139 Etfi
1602 2103 1699 2139 dicas
1723 2129 1735 2146 ,
1774 2105 1807 2140 ls
1845 2105 1939 2140 alius
1964 2103 2106 2141 habitus
2131 2116 2148 2138 a
2173 2105 2341 2140 virtute..-

1401 2154 1628 2198 'Theologica
1638 2163 1711 2188 non
1736 2153 1785 2189 est
1813 2155 1905 2189 ratio
1935 2154 2112 2191 referendi
2138 2155 2172 2188 in
2204 2156 2340 2191 Deum:

1402 2204 1515 2250 igitur
1526 2203 1621 2239 haud
1636 2203 1755 2239 restus
1768 2205 1835 2240 erit
1849 2217 1861 2245 ;
1886 2205 1970 2251 quia
1983 2204 2082 2241 aStus
2094 2203 2173 2249 ejus
2201 2204 2340 2238 viderur

1402 2252 1472 2291 frui
1492 2257 1586 2290 bono
1602 2265 1725 2289 creato
1740 2280 1749 2290 .
1780 2254 1996 2301 Responfioz
2025 2256 2180 2292 Habitus
2194 2253 2342 2289 inferior

1403 2317 1475 2341 non
1489 2306 1595 2341 habet
1612 2304 1705 2350 dese
1720 2304 1837 2343 afflum
1856 2304 2000 2342 habitus
2016 2305 2230 2352 superioris:
2258 2303 2343 2338 cha·

1402 2357 1486 2391 ritas
1499 2365 1633 2396 aurem,
1645 2367 1727 2402 quae
1737 2355 1784 2391 est
1801 2355 1944 2392 habitus
1960 2356 2118 2405 superior
2129 2355 2232 2391 refert
2244 2354 2342 2389 hunc

1402 2404 1520 2441 aGtum
1536 2406 1736 2441 immediave
1753 2406 1788 2440 in
1803 2408 1943 2442 Deum:
1974 2408 2093 2443 nullus
2106 2407 2218 2451 igitur
2250 2405 2342 2441 alius

1402 2455 1550 2491 habitus
1567 2456 1675 2492 habet
1690 2457 1833 2503 proprie
1846 2470 1890 2493 ex
1904 2456 1936 2493 se
1951 2456 1995 2493 fic
2008 2458 2140 2494 referre
2151 2482 2161 2497 ,
2191 2455 2248 2490 sed
2261 2467 2342 2490 tan·

1404 2517 1481 2542 tum
1497 2507 1583 2542 dicit
1596 2506 1758 2542 ordinem
1772 2507 1815 2541 ad
1830 2507 1949 2551 afium
1968 2509 2150 2557 proprium
2167 2505 2342 2552 diligendi

1405 2556 1474 2592 hoc
1490 2558 1649 2593 bonum:
1677 2556 1780 2605 quod
1790 2557 1925 2593 bonum
1956 2564 2005 2595 est
2020 2558 2169 2594 ulterius
2197 2557 2344 2593 ordina-

1405 2607 1476 2643 bile
1491 2602 1535 2641 ad
1551 2608 1669 2643 Deum
1684 2620 1745 2653 per
1762 2608 1972 2645 charitatem
1991 2635 1999 2644 .
2031 2613 2109 2646 Nec
2125 2607 2256 2644 exinde
2280 2607 2345 2643 de·

1405 2658 1466 2693 bet
1482 2657 1627 2699 inferri,
1649 2657 1848 2695 inferiorem
1864 2659 2024 2696 habitum
2040 2671 2108 2695 non
2124 2658 2190 2693 else
2206 2658 2343 2694 rebium

1408 2708 1465 2745 vel
1484 2710 1616 2747 malum
1633 2735 1642 2750 ,
1666 2719 1836 2754 tanquam
1851 2711 2062 2758 principium
2080 2709 2222 2745 fruendi
2245 2710 2342 2746 bono

1409 2770 1550 2796 creato:
1578 2759 1664 2806 quia
1679 2759 1738 2795 etsi
1754 2772 1823 2796 non
1837 2760 1959 2797 referat
1984 2772 2121 2796 tantum
2148 2759 2339 2804 neg-advo

1410 2810 1561 2847 fruendo
1577 2835 1587 2851 ,
1611 2820 1727 2845 tamen
1760 2823 1829 2847 non
1847 2812 2020 2849 contrarie
2037 2838 2045 2853 ‚
2076 2809 2206 2846 scilicet
2234 2821 2342 2856 repu-

2384 465 2492 495 Eleffio
2501 466 2586 495 nom-
2618 442 2619 505 ζ

2384 503 2441 532 hot·
2453 504 2585 534 diffiniti-

2385 551 2421 572 Re
2433 560 2444 573 ο

2385 884 2536 916 Prudentia
2542 894 2592 914 re·

2384 925 2451 964 gula
2461 924 2500 952 est
2522 934 2588 953 mo-

2384 963 2486 992 ralium
2497 963 2588 995 virtu·
2612 984 2619 990 ,,

2385 1010 2446 1033 tum
2455 1019 2466 1033 ο

2383 1445 2479 1476 Virtus
2489 1442 2588 1473 Theo·

2390 1485 2483 1523 logica
2503 1482 2587 1520 perfi-

2382 1524 2420 1551 cit
2439 1524 2466 1550 in
2488 1520 2586 1549 otdine

2384 1561 2418 1590 ad
2429 1561 2534 1589 bonum
2546 1559 2588 1587 di-

2384 1600 2587 1632 vinum3mora-

2383 1638 2417 1666 lrs
2429 1639 2457 1665 in
2485 1636 2586 1664 ordine

2385 1676 2419 1704 ad
2453 1676 2585 1703 bonum„

2384 1723 2520 1746 creanun,
2535 1720 2586 1740 nec
2623 1709 2628 1754 l

2384 1760 2533 1793 propterea
2549 1788 2555 1794 .
2623 1759 2625 1774 ¹

2385 1797 2446 1823 funt
2460 1803 2476 1820 n
2493 1790 2568 1819 hab·-

2387 1842 2431 1863 tus
2442 1841 2500 1860 non
2510 1830 2578 1859 rem'
2602 1835 2603 1857 l

1413 2860 1557 2908 gnando
1575 2859 1676 2896 reaae
1693 2887 1702 2901 ‚
1725 2861 1969 2910 ordinataeque
1983 2862 2142 2898 fruitioni
2161 2887 2169 2893 .
2201 2859 2238 2894 ld
2252 2871 2340 2895 vero
2397 2877 2404 2891 i

1408 2913 1488 2960 frus
1500 2911 1629 2948 nonest
1648 2923 1656 2945 :
1680 2912 1774 2948 Frui
1792 2915 1884 2951 enim
1902 2913 2030 2949 nedum
2043 2910 2186 2946 includir
2199 2921 2270 2946 non
2287 2922 2339 2946 re·

1412 2963 1502 3001 serre
1514 2963 1679 3008 negative
1697 2988 1707 3004 ‚
1734 2961 1789 3000 sed
1805 2967 1912 3001 etiam
1925 2962 2128 3010 oppositum
2144 2960 2222 3009 ejus
2237 2959 2339 3009 quod

1409 3014 1458 3053 est
1469 3026 1542 3055 non
1554 3012 1683 3052 referre
1697 3017 1872 3054 contrarie
1883 3041 1897 3059 ,
1919 3014 2048 3053 scilicet
2059 3014 2117 3051 uti
2127 3039 2139 3051 .
