2602 4011
71 549 102 577 In
116 548 175 585 iege
194 556 273 576 vete-

74 587 110 614 ris
125 585 203 621 lapsis
214 596 271 614 non

75 624 171 652 aderat
183 625 273 652 ullum

70 662 262 691 Sat-ramerum

70 709 123 737 pro
132 710 218 732 gratia
227 711 273 729 re-

73 740 231 777 cuperanda
245 757 255 766 .

66 1479 151 1509 Plura
174 1479 208 1508 ad
223 1479 270 1509 ussi

67 1519 94 1546 8(
120 1517 272 1547 efficienti}

67 1556 166 1584 suntin
179 1557 272 1594 lege,

68 1594 262 1624 Christiana..

68 1635 122 1669 qua
136 1642 161 1659 m
175 1633 272 1666 veteri,

69 1673 97 1697 ὅ(
111 1679 172 1706 quae
193 1674 227 1700 ni
240 1679 273 1700 ea

72 1707 123 1737 fint
136 1729 146 1738 .

115 1994 271 2026 Multitudo

74 2034 271 2063 Caeremoni'a-

68 2072 139 2100 lium
175 2082 272 2111 gravat

68 2120 194 2138 veterem
207 2131 217 2145 ‚
243 2114 270 2142 δι

16 2151 17 2181 ζ
69 2148 225 2178 Multitudo

72 2188 271 2217 sacramento-

16 2222 17 2231 *
68 2234 134 2254 tum
159 2227 273 2258 alleviat

72 2272 180 2293 novam
188 2265 249 2307 lege'
261 2286 271 2299 .

736 155 895 200 Tamus
915 154 1000 203 HJ.
1023 157 1128 201 Par.
1146 155 1202 201 II.
1222 154 1413 228 Qaestio
1434 154 1619 200 XCVII.
1640 158 1741 203 Art.
1756 156 1830 204 IV.

310 221 425 256 nostra
445 248 454 262 ‚
468 233 539 265 que
556 232 768 257 mutuantur
780 223 971 256 efficaciam
986 235 1003 255 a
1019 225 1157 258 virtute
1173 222 1249 271 pas-

307 272 411 307 sionis
426 271 561 307 Christi
573 271 646 316 jam
658 271 897 318 representing
912 299 920 313 ‚
945 273 1145 308 uberiorem
1162 285 1247 308 con-

308 321 425 357 ferunt
441 321 593 369 gratiam
608 334 738 368 ,quam
750 322 979 357 Sacramenta
997 324 1128 357 veteris
1147 323 1249 368 legis.

305 373 476 419 Amplius
493 372 596 406 nobis
609 370 803 418 suppetunt
817 399 831 414 ‚
856 384 896 407 ac
910 372 1026 419 presto
1039 371 1119 407 sunt
1148 375 1250 419 plura

305 422 480 457 adiutoria
490 422 608 466 gratie
627 446 638 464 ‚
665 422 751 469 quia
770 423 870 468 plura
887 426 1251 469 Sacramenta,quan·

299 472 350 506 do
367 473 495 507 illinon
509 471 688 508 habebant
707 473 765 508 nisi
783 474 1050 509 Sacramentum
1079 474 1250 510 Circum-

302 522 441 556 cifionis
472 523 505 556 in
532 525 725 559 remedium
755 525 860 572 culpe
885 524 1069 569 originalis
1093 552 1100 560 .
1130 524 1252 572 Lapfis

306 584 388 607 vero
407 571 482 618 post
507 572 684 609 deieetum
711 585 900 620 peccatum
928 576 1123 619 originale,
1151 586 1251 609 non...

303 622 422 656 aderat
441 622 553 657 ullum
575 625 849 660 Sacramentum
868 627 907 661 ad
923 627 1076 670 gratiam
1091 625 1250 660 divinam

305 672 582 717 recuperandam
602 702 609 710 .
627 677 753 723 Quare
766 677 816 710 eis
831 676 1061 711 annitendum
1088 686 1160 710 erat
1184 677 1252 710 bo,

305 723 358 758 nis
377 724 547 767 operibus
562 751 572 765 ,
598 725 630 760 8<
651 725 809 772 propriis
821 727 979 761 motibus
996 725 1039 761 ad
1056 727 1124 762 Dei
1150 725 1252 761 mise-

305 772 493 808 ricordiam
511 775 768 822 impetrandam
799 779 982 822 pervenire
1008 801 1017 810 .
1044 775 1251 810 Ceterum-³

310 823 447 858 nullum
466 822 675 870 suppetebat
691 827 828 871 iignum
845 826 1038 861 efficaciter
1051 825 1251 870 significans

306 870 570 909 absolutionem
585 890 599 910 :i
613 877 769 923 peccatis
787 902 798 917 ,
819 877 850 912 ἐξ
865 876 1100 924 reparationis
1127 875 1250 916 amici,-

306 923 364 958 tiae
382 922 449 958 Dei
467 936 527 969 per
540 928 690 969 gratiam
707 952 711 956 -

407 974 466 1008 Ad
491 973 564 1010 haec
580 1003 591 1019 ,
620 988 742 1024 praeter
761 975 934 1022 majorem
975 976 1164 1012 efficaciam
1189 976 1251 1012 Sa-

305 1033 571 1060 cramentorum
599 1053 609 1068 ‚
644 1028 677 1062 8<
706 1027 944 1074 pluralitatem
971 1039 1120 1070 eorum,
1147 1027 1251 1061 nobis

303 1075 340 1109 in
356 1086 525 1123 promptu
557 1077 604 1113 est
627 1077 788 1112 doetrina
806 1077 1039 1122 explicatior,
1066 1078 1250 1115 declarans

304 1126 520 1168 veritatem,
552 1139 660 1174 quam
683 1129 732 1161 illi
758 1125 823 1161 sub
851 1129 984 1162 umbris
1011 1154 1023 1169 ,
1061 1128 1094 1163 8(
1124 1127 1256 1172 Ηὲυτὶε

303 1176 578 1224 percipiebant3
607 1178 641 1213 8<
668 1176 810 1222 insuper
836 1179 998 1223 exempla
1037 1178 1252 1213 Sanc-‘torum

303 1226 406 1274 plura
424 1251 434 1268 ,
459 1226 706 1262 &efficaciora
718 1227 760 1262 acl
782 1227 997 1264 imitandum
1024 1252 1035 1262 .
1065 1228 1122 1263 Aa
1153 1227 1254 1263 deni·

303 1287 376 1324 que
393 1277 558 1311 uberiora
584 1278 708 1312 merita
735 1277 975 1321 samiorum,
1006 1280 1070 1324 qui
1099 1277 1253 1317 fortassis

302 1336 533 1362 nontantum
550 1327 706 1375 fibiipsis
724 1356 735 1373 ,
757 1327 813 1364 sed
847 1331 954 1365 etiam
983 1331 1085 1364 nobis
1111 1341 1253 1364 merue-

303 1387 389 1412 runt
409 1390 422 1419 3
445 1377 480 1413 &
498 1389 560 1414 nos
576 1379 681 1414 etiam
714 1392 889 1415 meremur
916 1379 1119 1415 invocando
1145 1380 1254 1415 auxi-

303 1427 391 1463 lium
405 1440 529 1463 eorum
544 1455 554 1470 ‚
579 1429 907 1465 &intercessionem
919 1433 1013 1478 apud
1030 1429 1148 1467 Deum
1167 1456 1176 1464 .

405 1479 502 1514 Cum
520 1478 630 1525 igitur
643 1481 743 1527 plura
771 1481 970 1523 adiutoria,
996 1482 1029 1516 δε
1054 1480 1252 1516 efficaciora

307 1527 369 1563 sint
384 1528 508 1575 inlege
524 1529 728 1566 Christiana
749 1558 758 1571 ‚
786 1543 824 1565 ac
843 1532 971 1567 fuerint
990 1533 1025 1573 in
1041 1533 1167 1571 veteri,
1185 1531 1251 1566 hac

307 1591 349 1615 ex
363 1590 464 1625 parte
480 1591 572 1616 nova
589 1581 704 1616 estilla
739 1581 938 1628 simpliciter
964 1582 1079 1625 levior
1104 1607 1113 1616 .
1138 1580 1253 1620 Adest

307 1631 412 1665 etiarn
426 1643 537 1666 unum
552 1630 774 1678 adjutorium
793 1633 899 1668 valde
924 1634 1114 1676 notabile,
1138 1633 1252 1678 quia...

306 1678 582 1717 observantibus
600 1684 710 1727 legem
729 1683 969 1719 Christianam
997 1683 1189 1731 explicite,
1217 1682 1251 1717 8:

305 1729 496 1774 distin&e‚
525 1733 558 1767 8<
579 1733 786 1780 frequenter
816 1735 889 1768 vita
917 1746 1045 1770 aeterna
1074 1734 1253 1780 promitti-

303 1791 364 1816 tur
380 1794 389 1817 :
403 1782 470 1817 illis
481 1793 568 1816 vero
580 1784 671 1818 bona
690 1784 903 1829 temporalia
919 1785 1196 1830 pollicebantur3
1215 1783 1251 1817 Sc

302 1843 376 1867 non
392 1832 481 1867 adeo
496 1831 624 1869 diserte
642 1834 714 1867 vita
734 1831 946 1880 sempiterna
979 1862 988 1871 .
1017 1836 1136 1883 Atqui
1160 1845 1254 1868 nun-

303 1893 412 1929 quam
426 1893 565 1918 tantum
592 1885 755 1920 alliciunt
783 1884 937 1920 animam
956 1912 968 1927 ‚
998 1884 1031 1919 8<
1062 1883 1252 1933 impellunt

303 1931 348 1967 ad
379 1933 588 1969 servandum
614 1936 728 1982 legem
752 1937 845 1970 bona
879 1936 1093 1983 temporalia
1116 1961 1128 1976 ,
1159 1933 1250 1970 ficut

304 1995 450 2020 moverit
466 1995 593 2024 aeterna
609 2012 618 2021 .

410 2036 467 2073 Ad
481 2045 692 2080 argumenta
711 2060 720 2072 ,
733 2033 792 2070 Ad
810 2036 964 2081 primum
980 2035 1193 2084 respondeo,
1206 2044 1251 2068 ex

305 2085 493 2134 hypothesi
509 2086 607 2132 quod
624 2089 681 2121 lex
704 2095 796 2120 nova
829 2087 995 2131 quasdam
1035 2084 1248 2135 superaddat

307 2137 482 2182 Decalogi
508 2136 692 2183 praeceptis
715 2161 728 2177 ‚
756 2134 845 2173 idest
863 2163 874 2178 ,
902 2139 1057 2186 aliquam
1087 2147 1254 2183 quorun·

306 2187 385 2222 dam
397 2187 702 2234 explicationem,
729 2185 773 2220 ad
803 2200 884 2234 quae
916 2189 1007 2233 forte
1026 2189 1144 2238 Judoei
1179 2196 1253 2220 non

306 2239 519 2274 tenebantur
545 2252 559 2279 ,·
602 2235 874 2274 concedendum
895 2239 945 2276 est
978 2264 992 2284 ‚
1011 2239 1133 2286 quoad
1159 2237 1254 2271 hanc

306 2300 443 2339 partem
471 2288 539 2326 effe
582 2288 696 2325 veteri
729 2290 931 2336 graviorem
958 2304 973 2333 3
1007 2297 1255 2328 verumtamen

2100 176 2119 217 3
2135 164 2159 206 8
2174 177 2191 206 1

1321 223 1414 258 hanc
1440 223 1653 268 gravitatem
1682 235 1751 259 non
1774 224 1838 259 esl'e
1870 228 2144 272 comparandam
2186 239 2266 262 cum

1323 272 1527 319 gravissimo
1538 284 1645 307 onere
1658 274 1974 317 caeremonialium,
1995 275 2265 322 &judicialium

1322 334 1582 372 praeceptorum
1602 348 1613 359 .
1638 323 1696 358 Ad
1721 322 1819 364 haec,
1848 324 2043 359 multitudo
2060 352 2070 365 ,
2093 339 2131 361 ac
2153 327 2269 361 effica-

1323 376 1376 409 cia
1389 375 1608 409 auxiliorum
1627 374 1713 418 legis
1729 385 1830 408 novae
1847 372 1998 407 reddunt
2028 375 2138 421 ipsam
2163 379 2266 422 longe

1323 426 1516 463 leviorem3
1539 423 1671 459 adeout
1703 423 1843 459 modica
1866 423 2024 467 gravitas
2039 450 2050 465 ‚
2076 426 2098 460 si
2121 439 2192 473 qua
2215 439 2268 460 ta-

1326 486 1405 512 men
1421 475 1460 509 fit
1478 475 1513 511 in
1527 475 1748 516 moralibus,
1780 484 1848 509 non
1877 473 2121 519 praeponderat
2147 479 2268 520 gravi-

1324 526 1389 561 tati
1404 525 1441 560 in
1456 526 1557 567 aliis,
1580 524 1690 572 idque
1703 523 1885 559 hincinde
1899 521 2050 568 pensatis
2080 527 2219 562 auxiliis
2235 552 2243 560 .

1427 575 1482 613 Ad
1498 574 1693 610 secundum
1720 573 1918 620 respondeo
1940 598 1948 607 .
1976 574 2176 610 Difficultas
2205 577 2267 611 iii„

1323 636 1430 672 opere
1445 624 1608 661 virtuoso
1621 649 1632 667 ‚
1660 637 1729 661 non
1744 624 1792 660 est
1809 634 1868 670 per
1885 622 1917 657 se
1933 634 1976 657 ex
1993 635 2091 669 parte
2117 638 2268 671 operan-

1325 677 1393 717 tis,
1425 673 1484 713 sed
1497 675 1609 722 magis
1636 688 1679 711 ex
1702 686 1802 723 parte
1828 672 1946 719 operis
1977 686 1986 708 :
2012 674 2192 711 difficilius
2220 676 2268 711 est

1323 727 1418 761 enim
1434 737 1544 761 avaro
1559 728 1641 762 dare
1670 738 1779 763 unum
1806 735 2020 764 nummum,
2047 737 2152 770 quim
2180 727 2269 761 libe-

1324 777 1387 810 rali
1399 775 1522 812 decem
1536 787 1546 810 ε
1562 776 1595 811 &
1614 787 1731 811 tamen
1745 787 1814 809 non
1832 774 2025 810 virruofius
2041 800 2049 809 .
2067 779 2146 812 Nec
2161 776 2267 811 etiam

1322 827 1596 873 qualiscumque
1607 827 1795 861 difficultas
1813 836 1855 859 ex
1882 834 1981 869 parte
2009 828 2126 874 operis
2151 828 2270 871 arguit

1324 875 1492 921 majorem
1521 877 1810 915 virttiositatem3
1839 872 1894 911 sed
1922 874 1980 911 illa
2008 901 2020 915 ,
2054 889 2134 922 quae
2154 888 2215 924 per
2240 876 2271 912 se

1325 927 1478 961 includit
1507 927 1755 962 excellentiam
1782 922 1917 968 objecti
1945 954 1956 968 ‚
1995 927 2095 971 quod
2118 928 2272 974 primum

1323 977 1515 1021 attingitur
1528 987 1588 1021 per
1603 977 1848 1019 operationem
1866 978 1976 1014 :talis
1990 987 2109 1014 autem
2122 977 2270 1013 difficul-

1324 1038 1380 1065 tas
1396 1025 1460 1060 stat
1475 1036 1557 1059 cum
1573 1024 1701 1071 majori
1717 1026 1885 1065 levitate3
1908 1040 1986 1063 riam
2007 1028 2120 1062 levius
2149 1028 2196 1064 est
2220 1039 2272 1064 at-

1326 1080 1465 1122 tingere
1493 1076 1647 1123 amapdo
1670 1075 1904 1113 excellentius
1930 1076 2140 1123 objec'ium,
2163 1090 2272 1125 quam

1324 1130 1442 1165 minus
1456 1127 1634 1175 excelletis
1651 1153 1662 1168 ‚
1688 1128 1720 1163 8<
1739 1123 1914 1170 ejusmodi
1928 1140 2034 1175 opera
2061 1131 2273 1164 excellentia

1324 1177 1533 1213 immediate
1552 1177 1670 1214 Deum
1687 1176 1912 1224 respicientia
1934 1205 1943 1219 ‚
1970 1179 2072 1225 plura
2105 1178 2182 1214 sunt
2212 1192 2275 1215 ex-

1325 1228 1447 1276 plicita
1462 1228 1496 1262 iri
1515 1228 1594 1275 lege
1612 1239 1705 1264 nova
1723 1240 1732 1262 :
1752 1226 1854 1262 multi
1868 1228 1961 1263 enim
1983 1228 2082 1264 εὲὶυς
2110 1228 2274 1265 dileetio-

1324 1281 1377 1314 nis
1398 1279 1464 1314 Dei
1479 1279 1685 1315 immediate
1702 1278 1817 1321 magis
1837 1279 2064 1324 explicantur
2096 1279 2275 1315 Christia-

1327 1332 1404 1371 nis,
1425 1328 1684 1375 quamjuiaeis
1703 1355 1711 1363 .
1731 1331 1810 1369 Nec
1825 1328 1978 1371 mitum,
2001 1332 2087 1376 quia
2107 1327 2162 1366 illa
2189 1331 2275 1366 dici-

1328 1381 1456 1416 turleit
1473 1381 1616 1416 timoris
1633 1408 1644 1422 ,
1667 1381 1744 1416 haic
1768 1388 1888 1414 autem
1914 1382 2047 1417 amoris
2065 1393 2186 1418 :amor
2217 1394 2276 1417 ati.

1326 1443 1396 1466 tem
1417 1456 1427 1471 ‚
1457 1430 1490 1464 8:
1523 1434 1697 1479 praecipue
1724 1428 1803 1464 finis
1828 1455 1839 1470 ,
1867 1429 1886 1463 fi
1916 1431 1975 1466 ille
2002 1443 2185 1477 quaeratur
2212 1433 2273 1467 ἰιμ,

1325 1481 1495 1519 omnibus
1510 1506 1522 1522 ,
1543 1481 1648 1517 efficit
1665 1495 1702 1518 ut
1730 1491 1837 1517 onera,
1862 1482 1980 1517 omnia
2001 1483 2097 1518 levia
2119 1483 2210 1524 iim,
2234 1496 2272 1518 ut

1327 1531 1500 1567 veriflime
1514 1531 1644 1569 dixerit
1657 1534 1845 1571 Salvator,
1863 1533 2000 1569 Venite
2016 1534 2066 1569 ad
2087 1543 2141 1568 me
2160 1545 2272 1571 omnes

1327 1586 1390 1630 qui
1415 1582 1608 1626 laboratis,
1640 1582 1830 1620 &oz-erati
1859 1582 1944 1619 effi:
1969 1609 1977 1619 .
2013 1584 2155 1632 Jugum
2179 1588 2272 1621 enirn

1326 1645 1440 1669 meum
1457 1629 1572 1677 suave
1596 1633 1650 1668 ef?
1674 1660 1686 1676 ‚
1719 1633 1763 1673 ὠ·
1789 1642 1873 1667 onus
1896 1646 2009 1670 meum
2031 1635 2111 1670 leve
2135 1663 2145 1674 .
2175 1637 2272 1673 Mat-

1328 1684 1409 1720 thaei
1426 1695 1485 1718 zi.

1428 1733 1486 1770 Ad
1516 1734 1661 1769 tertium
1687 1731 1904 1777 dicendum,
1929 1735 2058 1783 utique
2082 1737 2271 1774 Christum

1325 1785 1360 1818 in
1377 1783 1432 1819 sua
1447 1784 1524 1827 lege
1537 1784 1633 1823 nulla
1650 1783 1833 1829 judicialia
1854 1786 2020 1824 statuisse.
2035 1789 2171 1823 Verum
2185 1790 2270 1835 quia

1325 1834 1461 1869 licitum
1481 1831 1530 1868 est
1555 1834 1774 1872 Reeioribus
1804 1837 2026 1884 Reipublicae
2057 1838 2272 1876 Christianae

1325 1882 1459 1919 sancire
1475 1911 1487 1927 ‚
1515 1896 1555 1919 ac
1587 1883 1677 1920 ferre
1703 1886 1796 1932 leges
1820 1887 1862 1921 ad
1884 1887 2022 1933 judicia
2044 1891 2272 1937 peragenda...

1324 1935 1546 1981 pertinentes
1560 1961 1572 1977 ,
1592 1935 1692 1983 quod
1721 1948 1790 1972 non
1822 1938 1953 1974 licebat
1974 1940 2134 1987 Judaeis3
2155 1953 2272 1985 quan-

1324 1995 1401 2019 tum
1429 1984 1470 2019 ad
1500 1984 1598 2029 hoc,
1624 1989 1779 2033 reputari
1802 1989 1897 2035 pofl'e
1925 1991 2127 2035 graviorem
2157 1992 2272 2037 legem

1327 2034 1566 2072 Christianam
1595 2038 1771 2079 Pauciora
1795 2041 1915 2087 itaque
1937 2039 2016 2075 sunt
2042 2053 2151 2077 onera
2184 2044 2274 2088 legis

1329 2085 1619 2123 Christianorum
1633 2115 1645 2130 ,
1672 2088 1886 2135 inquantum
1903 2092 1951 2127 est
1967 2104 1984 2125 a
2002 2092 2151 2127 Christo
2163 2092 2274 2129 tradi-

1329 2148 1387 2176 ta,
1419 2136 1475 2173 sed
1487 2136 1577 2174 forte
1594 2141 1694 2185 plura
1721 2141 1934 2186 inquantum
1963 2142 2023 2188 ipsi
2050 2142 2168 2189 postea
2195 2143 2273 2179 sunt

1327 2188 1448 2225 addita
1463 2189 1527 2223 alia
1542 2217 1553 2234 ‚
1578 2200 1688 2237 atque
1704 2189 1772 2225 alia
1798 2204 1859 2237 pei·
1883 2204 1966 2234 eos,
1981 2204 2140 2238 quorum
2165 2196 2276 2232 intere

1331 2237 1383 2286 est
1414 2252 1536 2289 regere
1551 2242 1729 2290 Populum
1743 2241 1995 2281 Christianum
2011 2268 2020 2279 .

2116 3850 2263 3900 Q'AE-

2348 257 2452 283 Eadem
2474 258 2509 282 elt

2305 291 2444 319 Sententia
2457 293 2509 319 Bo-

2305 338 2369 357 nav.
2396 338 2423 363 ς.
2446 330 2507 367 dist.

2305 376 2356 402 40.
2370 376 2427 395 art.
2445 378 2468 394 i.
2481 377 2506 403 q.

2307 412 2335 437 3.
2362 404 2507 431 Videndus

2305 442 2458 471 Richardus
2483 442 2507 468 i-

2304 479 2397 508 bidem
2420 488 2449 516 q.
2462 480 2506 507 ul·

2303 525 2373 545 tima
2389 534 2398 543 .

2303 557 2377 583 Item
2394 557 2505 585 Aureo-

2305 591 2346 619 lus
2361 594 2505 623 Dux-andus

2304 629 2406 668 aliique
2435 633 2503 660 Sen-

2304 669 2428 696 tentiatii
2452 688 2461 697 .

2302 756 2374 793 Quoe
2384 755 2503 784 difficul-

2304 801 2345 820 ἰᾶς
2414 803 2503 832 argili!

2303 831 2474 860 virtuofitate
2496 852 2504 861 .

2307 1217 2508 1250 Undenamlex

2311 1256 2509 1288 Christianoru

2313 1294 2343 1321 fit
2362 1295 2452 1324 levior
2480 1300 2510 1326 Sc

2309 1333 2423 1361 facilior
2449 1336 2510 1375 lege

2312 1370 2511 1406 Hebraeoruiu.

2309 1409 2368 1438 Lex
2381 1411 2515 1441 Chi-illia.

2308 1457 2344 1476 na
2404 1451 2514 1481 videtur

2310 1487 2423 1525 gravior
2438 1499 2510 1526 quo-

2309 1526 2342 1553 ad
2366 1526 2514 1560 judicialia

2307 1563 2482 1601 superaddita
2496 1577 2511 1596 a

2306 1602 2472 1633 ReRoribus

2306 1643 2476 1677 Reipublicae

2307 1679 2494 1711 christianae.

2365 1717 2462 1747 Tanta
2473 1721 2512 1751 est

2310 1755 2466 1786 multitudo

2309 1794 2406 1830 legum
2441 1798 2513 1830 judi-

2311 1833 2427 1861 cialium
2443 1836 2513 1865 inter

2311 1871 2485 1903 Christianos
2502 1895 2512 1910 ‚

2313 1918 2344 1937 ut
2377 1915 2511 1943 omnibus

2311 1947 2399 1984 probe
2411 1958 2445 1976 co
2460 1963 2517 1990 gno

2312 1987 2417 2015 scendls
2467 2002 2476 2017 x
2487 1993 2514 2020 jx

2311 2024 2369 2052 ulla
2395 2025 2515 2063 dllissen-

2308 2062 2346 2100 ζὶτι
2360 2062 2515 2100 hominum,

2316 2100 2382 2129 alias
2394 2112 2515 2143 occupa-

2316 2147 2409 2167 tot-um
2436 2143 2513 2175 suffi,

2315 2186 2368 2206 ciat
2391 2197 2402 2223 .'
2426 2182 2516 2223 inquit

2310 2216 2430 2245 Pontum
2482 2225 2513 2256 fn

2310 2253 2418 2287 comm.
