2618 4026
100 1547 131 1575 ς.
153 1538 211 1567 dist.
251 1543 299 1570 32.

107 2339 134 2367 4.
147 2330 209 2358 dist.
221 2338 308 2369 2.q.r.

126 3535 149 3552 ι.
162 3520 323 3557 dist.17.q.

126 3568 248 3595 t·⁰·¹4·

320 254 345 270 ‚‚
373 224 550 264 exindein
573 220 844 259 detestationem
873 232 1129 270 peccatorum,
1159 221 1258 257 alteri

321 305 347 320 „
376 288 462 311 vero
475 272 595 310 eadem
609 273 719 318 g'ratia
739 285 807 307 non
822 273 926 309 detur
940 298 949 307 .

420 353 446 368 ,‚
473 324 638 369 Denique
650 323 828 370 processus
842 324 1009 358 Dostoris
1023 321 1165 355 videtur
1177 330 1256 357 con.

319 403 346 420 ‚,
374 377 521 412 formior
549 375 785 416 Tridentino,
810 374 853 409 de
881 371 1145 422 Jullifi'catione
1171 369 1263 415 dog-

318 453 344 472 „
373 437 465 462 mata
483 422 817 473 proponenti3scff
844 425 878 459 6.
910 431 983 465 cap.
1011 434 1043 467 7.
1070 432 1110 456 ut
1136 420 1260 455 exaGte

322 504 350 521 ,‚
378 477 531 512 declarat
551 475 721 511 Mastrius
733 473 888 510 Scotista
901 471 1132 521 q-7·d1fi²·7·
1151 469 1262 516 super

320 554 348 571 „
377 538 395 561 z
413 524 736 571 fintene.dilticide
755 551 765 565 ,
793 537 832 558 ac
846 523 953 558 solide
982 524 1168 569 explicans
1196 521 1263 555 do-

319 604 348 621 „
377 577 524 612 ctrinam
539 575 700 621 Magistri
719 575 842 615 Secti,
867 575 900 609 &
927 584 1050 609 omnes
1076 570 1262 617 Vasquefii

321 655 347 670 ‚‚
377 627 557 662 evafiones
584 626 743 661 reiiciens
759 648 770 664 ,
797 637 836 659 ac
861 623 1082 668 praecludens
1104 636 1116 664 ;
1140 624 1204 669 qui
1229 621 1263 655 &

325 704 349 720 ‚,
379 678 524 712 subinde
540 676 738 711 videndus.
754 674 893 709 Vidests
914 673 1020 709 etiam
1044 673 1262 709 Frallenium

323 754 351 771 „
380 740 552 772 nuperum
567 723 888 772 scriptoremsuper
905 734 937 758 2.
959 723 1115 769 sentent.
1146 721 1263 757 Traff‘t'.

324 804 352 821 ‚,
381 789 415 813 2.
430 777 515 824 disjm
531 788 563 822 3.
579 784 647 811 art.
665 785 695 818 3.
712 785 742 820 q.
768 785 796 807 ι-
815 775 926 808 multa
943 774 1144 809 eruditione
1168 773 1270 808 adhi-

323 853 350 869 „
380 830 451 863 b²ta
465 831 556 865 clare
571 825 806 870 explicantem
823 849 835 864 ,
861 824 894 860 8:
910 823 1157 860 defendentem
1188 823 1269 859 Ma-

324 901 352 921 „
379 873 822 925 gistrfflcoddoRrinam.

476 973 985 1015 ARTICULUS
1049 978 1119 1014 ΙΧ.

427 1079 564 1115 Utrum
578 1073 897 1123 justificatioimpii
915 1077 955 1114 fit
982 1080 1176 1116 maximum

701 1137 794 1174 opus
810 1129 899 1163 Dei.

405 1228 538 1266 Dorior
548 1225 630 1264 locis
644 1228 682 1262 in
694 1229 853 1274 margine
866 1231 988 1266 citatis
1000 1256 1008 1265 .
1028 1229 1200 1267 S.Thom·

634 1289 665 1312 1.
680 1288 716 1312 ε.
732 1290 854 1326 q.113.
868 1290 979 1328 art.9.

441 1377 627 1426 Espondeo
645 1404 658 1419 ,
678 1390 829 1424 operum
842 1378 1046 1416 divinorum
1061 1378 1277 1425 magnitudo

454 1429 594 1465 attendi
609 1428 722 1475 potest
737 1441 797 1465 aut
829 1442 875 1464 ex
904 1442 999 1477 parte
1030 1443 1147 1468 rerum
1171 1427 1282 1466 faeia-

332 1497 410 1519 rum
429 1509 438 1522 ,
465 1490 524 1515 aut
540 1481 701 1515 metiriin
717 1480 842 1515 ordine
856 1481 899 1515 ad
927 1481 1073 1517 modum
1093 1509 1102 1523 ,
1130 1492 1206 1520 ouo
1230 1478 1284 1514 fa-

334 1534 397 1568 &ae
410 1530 643 1580 perhibentur
657 1559 665 1563 .
683 1528 718 1565 Si
736 1529 827 1564 fafta
844 1530 915 1578 ipsa
931 1530 1056 1567 divina
1079 1534 1115 1568 in
1139 1531 1173 1567 se
1202 1528 1284 1574 spe-

333 1585 475 1620 &entur
494 1592 504 1619 ;
523 1581 694 1626 quoniam
707 1579 829 1615 ordine
842 1581 1086 1627 pulcherrimo
1104 1583 1195 1618 inter
1210 1579 1281 1616 sese

335 1637 368 1670 Sc
385 1634 427 1668 ad
444 1629 558 1677 ipsum
579 1629 757 1665 summum
771 1630 906 1666 bonum
919 1632 1157 1669 inveniuntur
1181 1630 1286 1666 ordi-

333 1694 441 1723 nata3
469 1679 635 1726 equidem
663 1681 942 1722 excellentiora,
974 1683 1008 1719 8<
1038 1680 1286 1729 praestantiora

334 1734 468 1771 caeteris
482 1733 536 1766 illa
553 1731 586 1764 ἃ
616 1730 814 1780 reputanda
832 1758 841 1772 ,
873 1732 908 1767 3:
921 1733 1068 1768 dicenda
1084 1732 1164 1769 sunt
1180 1759 1192 1774 ,
1205 1744 1286 1779 quoe

334 1786 444 1833 magis
462 1782 522 1827 ipsi
539 1781 666 1816 ultimo
696 1780 757 1816 fini
785 1780 863 1817 sunt
887 1783 1128 1829 proximiora,
1161 1782 1289 1829 magis-

334 1849 406 1882 que
422 1835 464 1869 de
479 1833 572 1867 illius
592 1832 810 1877 perfectione
846 1834 1078 1880 participant.
1098 1835 1193 1870 Cum
1223 1833 1291 1878 igi-

335 1898 392 1922 tur
411 1894 536 1921 natura
549 1884 664 1917 omnis
680 1884 814 1918 intenta
830 1910 838 1924 ‚
867 1895 908 1919 ac
928 1884 1038 1920 volita
1055 1883 1142 1920 sitin
1164 1883 1289 1919 ordine

337 1938 379 1972 ad
396 1935 545 1984 gratiam
564 1933 595 1967 „Q
614 1934 764 1978 gloriam
795 1933 990 1969 eleetorum
1009 1961 1020 1977 ,
1040 1936 1171 1981 utique
1191 1946 1291 1982 quae·

338 1999 482 2032 cunque
502 1983 577 2018 sunt
602 1982 715 2028 hujus
741 1985 903 2029 generis,
932 1986 1019 2020 citra
1045 1997 1188 2020 omnem
1219 1997 1294 2019 am·

341 2038 552 2083 biguitatem
571 2034 732 2079 praestant
749 2034 890 2070 cuneiis
907 2062 917 2077 ‚
944 2048 1025 2081 quae
1041 2035 1220 2083 pertinent
1248 2034 1293 2070 ad

343 2089 504 2125 ordinem
520 2097 636 2119 rerum
651 2096 797 2120 naturas
810 2096 1083 2121 concernentem
1105 2113 1114 2121 .
1142 2086 1294 2122 Creatio

344 2148 533 2188 propterea
550 2136 662 2169 totius
677 2134 798 2169 mundi
815 2133 997 2176 sensibilis,
1010 2146 1118 2182 atque
1129 2137 1293 2170 omnium

344 2203 423 2233 (μη
448 2190 482 2221 in
506 2185 594 2220 coelo
626 2195 792 2230 terraque
820 2188 1055 2221 continentur
1077 2212 1087 2226 ‚
1123 2185 1171 2220 est
1200 2196 1293 2225 opus

345 2240 412 2275 Dei
431 2238 548 2272 minus
562 2233 748 2280 pr‘estanS,
775 2246 815 2269 ac
834 2234 874 2269 sit
902 2236 1008 2270 unius
1037 2236 1139 2279 impii
1164 2234 1296 2280 justifi-

345 2292 441 2326 catio
460 2302 471 2329 ;
496 2285 675 2320 haecenim
693 2285 733 2318 ad
747 2285 905 2319 ordinem
920 2284 1052 2330 spec'tat
1084 2280 1296 2330 supernatu-

346 2342 452 2376 ralem
474 2352 484 2378 3
509 2336 604 2371 aede
620 2334 735 2381 gratia
755 2334 998 2380 Deiprocedit
1018 2358 1028 2373 ,
1055 2346 1134 2381 quae
1163 2334 1211 2373 cst
1240 2334 1295 2369 su-

346 2404 408 2439 pra
427 2388 539 2424 totius
553 2395 687 2421 natura:
705 2384 798 2420 vires
812 2409 821 2423 ‚
852 2396 1003 2432 eamque
1023 2384 1143 2420 divina
1164 2383 1297 2420 miseri-

348 2439 468 2477 cordia
494 2434 668 2483 elargitur
691 2433 970 2482 quibuscunque
1005 2436 1159 2470 voluerit
1185 2461 1194 2471 .
1225 2433 1296 2471 Etsi

347 2492 439 2526 enim
459 2484 824 2533 aliqualisdispolitio
850 2484 1052 2528 pra-:cedere
1075 2485 1296 2530 intelligatur

346 2543 380 2576 in
392 2548 578 2586 peccatore
596 2563 604 2577 ‚
628 2537 661 2571 8(
678 2536 912 2582 quantumvis
938 2547 1121 2580 congrua,
1146 2535 1216 2582 ipsa
1242 2536 1295 2570 ni·

346 2591 543 2628 nilominus
557 2597 669 2629 ,arans
688 2600 704 2620 a
719 2585 800 2622 Deo
811 2585 917 2620 datur
933 2613 943 2628 ‚
966 2587 1050 2633 quia
1064 2585 1161 2620 nulla
1179 2584 1298 2632 possu-

347 2652 426 2678 mus
442 2637 690 2686 reprzescntare
701 2648 807 2682 opera
822 2662 833 2678 ,
853 2648 934 2682 quae
947 2635 1123 2680 condigna
1143 2636 1208 2672 {int
1219 2648 1298 2671 tan-

347 2704 387 2728 to
406 2689 545 2727 muneri
561 2687 797 2736 promerendo
815 2713 825 2728 ‚
853 2687 886 2722 Sc
912 2687 992 2721 ideo
1015 2685 1226 2732 justificatio
1250 2685 1299 2723 est

352 2741 537 2790 proprium
553 2750 642 2784 opus
669 2737 761 2779 025,
789 2739 894 2784 eique
918 2737 983 2773 soli
1011 2738 1300 2777 attribuendum,

349 2794 383 2829 ἃ
402 2783 505 2827 nullis
521 2790 661 2824 viribus
675 2800 797 2823 eorum
814 2812 826 2830 ‚
849 2789 911 2834 qui
940 2787 1182 2834 justificantur
1205 2811 1218 2824 .
1247 2789 1301 2823 Ac

354 2852 538 2889 propterea
559 2838 657 2875 Deus
674 2837 948 2874 misericordiam
975 2837 1072 2873 suam
1107 2838 1302 2885 parcendo,

357 2894 391 2928 8<
413 2889 630 2927 miserando,
657 2891 812 2923 maxime
841 2888 1066 2929 manifestat,
1090 2900 1160 2923 non
1185 2888 1302 2924 solum

353 2944 438 2990 quia
455 2940 625 2988 praeviam
640 2938 902 2981 dispositionem
932 2939 972 2972 ad
999 2938 1303 2983 justificationem,

352 3006 460 3040 quarn
477 3001 607 3031 ponere
627 2988 806 3030 poffumns
823 3016 831 3030 ,
856 2987 926 3035 ipse
957 2989 1067 3022 donat
1094 2992 1303 3035 prevenien-

354 3045 424 3085 do,
458 3042 486 3076 9<
518 3038 752 3084 adjuvando,
779 3037 814 3072 8(
841 3038 995 3084 deniqne
1026 3038 1304 3075 sanetificantem

357 3089 768 3139 gratiaminfundeudn‚
794 3090 1040 3124 verumetiam
1066 3090 1151 3135 quia
1182 3089 1306 3131 iustifi-

356 3135 439 3180 cans
473 3142 623 3183 impium
645 3140 686 3173 ad
713 3138 744 3174 sc
770 3140 936 3181 ordinat,
963 3140 1139 3185 ponitque
1165 3140 1198 3175 in
1215 3140 1307 3176 statu

355 3192 545 3243 poffidcmli
559 3191 705 3237 gloriam
723 3201 887 3224 :eternam
902 3215 913 3230 ,
939 3191 971 3226 8<
990 3190 1161 3234 regnandi
1184 3203 1308 3239 perpe-

358 3257 424 3280 tuo
440 3246 473 3278 in
492 3253 600 3285 regno
614 3240 746 3275 Christi
762 3241 792 3274 8<
815 3241 906 3276 Dei-

463 3292 597 3327 Verum
626 3289 880 3325 considerando
906 3291 1188 3334 magnitudinem
1220 3303 1308 3336 ope·

360 3356 441 3381 rum
456 3341 656 3386 Deiquoad
691 3339 860 3382 modum,
882 3339 990 3386 juxta
1015 3353 1120 3388 quem
1150 3352 1203 3376 res
1229 3341 1309 3386 ipsae

360 3395 512 3430 conditae
530 3391 674 3426 fuerunt
693 3416 703 3431 ,
731 3389 1024 3426 &siuntzmundi
1051 3392 1186 3426 creatio
1213 3393 1311 3429 vide.

359 3457 418 3481 tur
434 3441 648 3490 praeferenda
667 3441 865 3485 impiorum
896 3439 1147 3486 justificationi
1174 3469 1180 3475 .
1210 3444 1307 3478 Deus

359 3497 451 3532 enim
470 3494 557 3528 dans
574 3490 640 3527 effe
653 3492 760 3527 rebus
785 3502 845 3536 per
870 3491 1086 3526 creationem
1103 3517 1112 3531 ,
1139 3491 1224 3526 nihil
1256 3495 1305 3539 ip-

361 3546 474 3581 sarum
491 3541 731 3592 praesupponit
748 3567 758 3582 ‚
783 3542 918 3576 nullum
935 3541 1157 3576 coadiuvans
1187 3545 1308 3587 requi-

361 3599 431 3637 rit,
455 3606 518 3630 nec
535 3593 717 3627 materiam
731 3590 922 3637 exposcit,
947 3591 979 3625 in
998 3603 1068 3637 qua
1082 3592 1305 3638 endem‚qu:t:

358 3657 474 3683 creata
490 3645 566 3681 sunt
585 3643 939 3689 recipianturzcontra
955 3644 1073 3678 evenit
1090 3643 1123 3677 in
1136 3641 1308 3685 justifica-

359 3700 458 3732 tione
473 3721 480 3730 .
502 3699 596 3732 Nam
612 3694 711 3727 aetus
742 3692 823 3734 ille,
845 3703 920 3737 quo
941 3704 1108 3738 peccator
1131 3692 1308 3738 justifica-

358 3758 442 3786 tur,
469 3757 538 3781 non
552 3754 693 3779 creatur
710 3766 722 3784 ‚
749 3753 936 3789 propterea
965 3743 1062 3789 quod
1087 3744 1130 3779 ad
1154 3743 1305 3789 ipsum..

359 3806 547 3832 concurrat
563 3793 666 3829 causa
683 3791 834 3829 secunda
858 3793 974 3828 aetiva
990 3819 1001 3835 ,
1028 3805 1110 3830 curn
1132 3795 1307 3830 interim..

1002 155 1184 201 Summae
1207 148 1394 214 Joanm's
1423 152 1551 199 Duns
1582 150 1700 198 Scoti
1716 152 1730 201 ξ

1331 230 1450 254 creare
1467 220 1503 256 fit
1517 219 1624 254 solius
1641 219 1777 265 agentis
1791 218 1920 264 primi,
1944 217 2039 252 nulla
2066 217 2132 253 alia
2182 215 2286 254 causa

1335 269 1456 304 abillo
1469 297 1481 312 ,
1507 271 1677 305 influente
1691 294 1699 302 .
1714 269 1785 304 Hic
1797 270 1904 304 etiam
1921 267 2206 315 praesupponitur
2223 269 2288 303 ali-

1334 318 1434 365 quod
1450 321 1670 363 receptivum
1685 319 1794 364 ipsius
1808 320 1907 355 aetus
1927 345 1939 360 ,
1961 329 2075 364 eaque
2087 317 2135 353 est
2150 318 2285 353 volun·

1335 380 1389 404 tas
1410 382 1418 403 z
1437 370 1471 404 in
1486 371 1667 405 creatione
1694 379 1815 404 autern
1832 393 1845 412 ,
1870 380 1911 404 ut
1940 368 2073 403 dieium
2097 367 2146 403 est
2166 395 2177 410 ,
2206 369 2286 403 nul-

1335 420 1410 454 lum
1424 417 1662 466 susceptivum
1680 418 2113 465 praesupponitur.Quare
2130 418 2192 454 etsi
2210 430 2286 464 gra.

1336 469 1386 504 tia
1397 470 1539 515 proprie
1556 479 1713 510 creetur,
1728 479 1788 514 per
1806 481 1914 514 quam
1931 470 2015 514 quis
2029 470 2226 504 conteritur
2237 469 2286 504 ad

1339 518 1574 558 salutem,non
1588 528 1732 562 oportet
1745 529 1861 554 tamen
1880 519 2022 566 perinde
2039 521 2148 555 creari
2165 520 2287 555 aetum

1338 566 1708 614 justificationis,cum
1724 569 1767 604 ad
1779 567 1890 616 ipsum
1910 570 2063 613 potentia
2078 581 2194 606 creata
2207 582 2289 609 con,

1343 628 1460 653 currat
1480 644 1488 658 ‚
1518 628 1595 652 tum
1611 619 1644 651 in
1660 619 1798 654 ratione
1813 618 1920 654 affivi
1945 627 2020 653 tum
2039 620 2071 654 in
2085 623 2220 656 ratione
2238 632 2293 656 re-

1343 665 1587 713 ceptivi.Dici
1599 667 1829 704 nihilominus
1841 666 1953 715 potest
1969 669 1997 702 is
2013 669 2113 705 aetus
2130 671 2294 718 superna.

1345 719 1470 753 turalis
1497 720 1634 755 ratione
1651 718 1863 761 formae‚s.ve
1882 714 2033 761 subjeffi
2046 724 2293 757 concurrentis

1346 767 1391 803 ad
1405 767 1484 814 ejus
1510 769 1783 818 produffionem
1800 796 1810 811 ‚
1834 768 1909 804 esto
1923 766 1994 814 ipse
2011 779 2081 803 uon
2095 770 2295 809 immediate

1348 830 1493 856 creetur
1507 825 1624 871 ·Q‘?
1640 822 1750 866 igitur
1767 833 1783 854 a
1800 821 1879 854 Deo
1895 819 2038 865 proprie
2050 830 2230 862 creantur,
2246 833 2299 857 at-

1349 879 1450 904 tento
1464 872 1571 908 modo
1589 870 1841 918 produffionis
1859 867 2196 915 eorum,majora‚ac
2209 884 2299 917 prae-

1350 918 1516 959 stantior-a
1530 922 1727 968 reputanda
1743 919 1820 957 sunt
1836 920 1906 955 illis
1919 945 1932 962 ,
1960 929 2039 964 quae
2055 921 2125 956 alio
2139 921 2246 957 modo
2262 922 2298 957 8<

1351 971 1489 1011 ratione
1505 971 1569 1021 eff}
1579 972 1760 1020 accipiunt
1775 998 1785 1007 .

1513 1068 2022 1110 ARTICULUS
2084 1071 2137 1109 X.

1427 1172 1565 1210 Utrum
1580 1173 1790 1221 justificatio
1803 1172 1899 1222 impii
1915 1173 1954 1210 fit
1979 1171 2220 1209 miraculosa?

1455 1274 1587 1312 Dal-’lor
1616 1274 1696 1310 Iocis
1709 1277 1746 1311 in
1773 1277 1930 1320 margine
1943 1276 2004 1311 cit.
2018 1275 2060 1311 S.
2082 1274 2206 1311 Tbom.

1635 1338 1664 1362 1.
1683 1337 1716 1361 2.
1734 1337 1766 1373 q.
1791 1333 1955 1371 113.art.
1977 1335 2033 1360 ιο.

1462 1424 1649 1473 Espondeo
1675 1424 1869 1460 dicendum
1895 1451 1907 1466 ‚
1947 1425 2049 1473 impii
2078 1424 2308 1472 justificatio-

1480 1489 1556 1512 nem
1573 1476 1668 1512 haud
1682 1477 1752 1511 dici
1769 1475 1901 1510 debere
1918 1475 2165 1512 miraculosam
2182 1502 2193 1517 ‚
2206 1475 2306 1524 quali

1356 1533 1420 1566 tali
1436 1532 1470 1564 in
1484 1527 1579 1564 fafito
1597 1527 1638 1564 de
1651 1528 1718 1563 Dei
1736 1523 2000 1568 omnipotentia
2013 1528 2229 1563 miraculum
2257 1540 2308 1564 re.

1356 1578 1628 1630 praesentaretur
1653 1604 1661 1612 .
1695 1576 1755 1613 Ad
1786 1575 1893 1622 cujus
1919 1577 2165 1620 evidentiam,
2191 1577 2309 1614 scien·

1358 1633 1444 1667 dum
1465 1658 1476 1672 ,
1502 1626 1749 1673 Augustinum
1766 1627 1932 1663 miraculi
1956 1628 2124 1664 rationem
2152 1629 2310 1665 declara-

1359 1693 1483 1718 turum
1499 1707 1508 1721 ,
1532 1679 1574 1715 de
1603 1676 1765 1714 utilitate
1804 1676 1975 1713 credendi
1998 1703 2010 1721 ‚
2047 1679 2092 1713 ita
2122 1677 2276 1715 scribere
2297 1691 2310 1719 ;

1361 1729 1584 1770 Miraculum
1599 1739 1679 1763 voco
1703 1726 1873 1775 quicquid
1899 1728 2077 1769 arduum,
2102 1737 2171 1763 aut
2190 1729 2312 1776 insbli·

1361 1792 1437 1819 tum
1441 1782 1555 1830 ficpra
1559 1778 1663 1826 spem
1678 1803 1689 1818 ,
1709 1777 1768 1812 vel
1779 1775 1986 1822 facultatem
2002 1779 2172 1814 mirantis
2203 1789 2312 1828 appa·

1363 1842 1417 1870 ret
1431 1858 1440 1867 .
1455 1837 1541 1879 Qa
1555 1841 1597 1865 ex
1613 1829 1759 1864 notione
1778 1829 1966 1870 miraculi,
1982 1826 2098 1863 stitim
2111 1827 2314 1875 deprehen-

1363 1885 1484 1925 ditur,
1518 1878 1728 1918 miraculum
1743 1878 1813 1913 dici
1833 1889 1902 1912 non
1934 1877 2028 1923 poli‘e
2058 1879 2155 1924 impii
2183 1877 2316 1923 justifi-

1364 1934 1556 1970 cationem.
1570 1928 1755 1975 Siquidem
1769 1927 2078 1975 adultojuliitiam
2094 1928 2247 1966 amissam
2264 1944 2318 1967 re·

1365 1995 1537 2028 cuper-are
1556 1981 1730 2024 satagenti
1745 1979 1924 2026 praecipue
1945 1978 2156 2026 iperandum
2171 1980 2218 2015 est
2240 2007 2251 2021 ,
2279 1982 2314 2016 St

1365 2032 1548 2072 fidendum
1568 2057 1579 2073 ,
1600 2032 1715 2066 Deum
1732 2038 1878 2076 propter
1895 2028 2099 2065 immensam
2121 2029 2319 2067 misericor·

1366 2087 1459 2119 diam
1474 2084 1535 2118 fibi
1554 2081 1744 2128 propitium
1764 2079 1838 2114 fore
1856 2105 1866 2120 ‚
1889 2079 1973 2126 sequ
1986 2092 2002 2114 e
2015 2079 2049 2112 in
2062 2090 2249 2115 numerum
2276 2081 2319 2115 fi-

1369 2138 1496 2170 liorum
1511 2129 1756 2175 recipiendum
1774 2128 1841 2163 esse
1857 2155 1866 2170 ‚
1897 2130 1918 2165 s1
1940 2141 2019 2175 quae
2037 2130 2080 2163 ab
2098 2127 2128 2162 se
2159 2130 2322 2166 facienda

1369 2185 1447 2220 sunt
1467 2210 1474 2220 ,
1505 2181 1673 2228 perficere
1688 2191 1757 2215 non
1773 2180 1942 2214 omittat.
1963 2183 2055 2216 Nam
2076 2178 2136 2213 nist
2155 2180 2228 2227 ipse
2250 2194 2321 2216 non

1369 2235 1550 2269 annitatur
1566 2231 1624 2266 sua
1640 2232 1826 2264 voluntate
1840 2228 1962 2274 adjuta
1977 2229 2237 2275 supernaturali
2258 2244 2322 2266 au—

1369 2285 1460 2320 xilio
1476 2280 1640 2316 detestati
1655 2276 1836 2314 commifl'a
1852 2290 1997 2324 peccata
2012 2305 2021 2319 ,
2036 2290 2079 2313 eo
2094 2280 2191 2325 quod
2205 2279 2323 2317 offen-

1371 2334 1485 2368 derint
1501 2330 1672 2365 summam
1688 2326 1906 2374 majestatem
1932 2330 2027 2371 Dei,
2054 2329 2086 2364 ἃ
2117 2329 2323 2375 injuriam

1371 2382 1557 2419 intulerint
1576 2379 1723 2415 infinitae
1738 2380 1916 2421 bonitati,
1943 2391 1985 2414 eo
2002 2377 2110 2413 modo
2124 2405 2133 2420 ‚
2159 2392 2235 2427 quo
2259 2395 2326 2417 ex.

1371 2435 1526 2480 positum
1544 2431 1610 2466 fuit
1629 2429 1733 2477 supra
1745 2438 1816 2464 art.
1834 2440 1866 2475 7.
1887 2431 2014 2477 utique
2028 2440 2098 2463 non
2113 2430 2159 2465 est
2173 2430 2322 2477 dispost-

1371 2495 1429 2519 tus
1445 2509 1457 2526 ,
1486 2493 1550 2516 nec
1567 2492 1674 2527 aptus
1690 2478 1879 2525 justificari
1908 2493 1970 2527 per
1993 2481 2142 2525 gratiam
2174 2481 2325 2518 sanstifi.

1373 2544 1535 2575 cantem,
1566 2543 1643 2577 quo
1674 2531 1901 2576 depellantur
1925 2533 1969 2567 ab
1992 2530 2107 2565 anima
2140 2533 2324 2568 commiss'a

1373 2594 1518 2633 peccata
1533 2581 1569 2629 J
1580 2581 1769 2617 ustificatio
1785 2581 1907 2626 itaque
1924 2609 1934 2624 ‚
1964 2592 2048 2617 cum
2067 2593 2137 2616 non
2152 2582 2191 2617 sit
2222 2583 2324 2632 supra

1377 2635 1471 2682 spem
1492 2634 1601 2676 (nam
1620 2633 1678 2668 nisi
1701 2630 1776 2676 spes
1790 2631 1875 2675 adsit*
1891 2661 1902 2677 ‚
1927 2632 2023 2667 nulla
2039 2630 2088 2667 est
2117 2630 2328 2678 justificatio

1376 2687 1550 2721 futurain
1580 2683 1713 2718 adultis
1742 2681 1838 2728 spem
1865 2683 2056 2727 concipere
2087 2684 2327 2732 volentibus)

1377 2749 1442 2771 nec
1460 2735 1562 2782 supra
1581 2734 1787 2768 facultatem
1807 2732 1993 2778 justificari
2008 2737 2203 2778 quaerentis
2216 2762 2227 2777 ,
2244 2747 2328 2770 cum

1378 2799 1396 2821 a
1417 2789 1493 2822 Deo
1511 2783 1696 2820 miserante
1708 2785 1865 2820 evenerit
1887 2811 1897 2827 ,
1924 2783 2138 2820 miraculum
2155 2784 2242 2828 fieri,
2257 2797 2321 2821 aut

1379 2836 1514 2872 fastum
1530 2834 1596 2870 effe
1616 2860 1625 2875 ‚
1653 2833 1723 2869 dici
1736 2845 1805 2869 non
1821 2834 1927 2871 debet
1946 2860 1955 2869 .

1483 2885 1618 2922 Deinde
1632 2883 1811 2919 hominem
1833 2887 1980 2934 impium
2005 2883 2048 2919 ad
2073 2883 2245 2929 jttstitiam
2274 2898 2330 2922 re·

1381 2936 1501 2978 verti,
1526 2933 1822 2981 fieriquejustum
1840 2963 1851 2979 ,
1879 2949 1951 2972 non
1974 2935 2021 2971 est
2050 2934 2153 2982 supra
2175 2937 2330 2973 faculta-

1381 2999 1452 3023 tem
1469 2997 1605 3023 naturae
1620 2986 1805 3020 rationalis
1823 3000 1834 3028 ;
1857 2989 1909 3022 uti
1936 2985 2040 3033 supra
2067 2986 2327 3027 facultatem-‚‚

1383 3040 1415 3073 8<
1437 3038 1633 3085 potentiam
1647 3036 1758 3070 totius
1773 3048 1908 3074 naturae
1923 3036 1972 3072 est
1989 3046 2119 3080 corpus
2148 3048 2331 3074 mortuum

1384 3088 1426 3124 ad
1442 3089 1548 3122 vitam
1563 3097 1735 3122 revocare
1747 3097 1808 3134 per
1821 3089 1944 3124 animae
1970 3085 2180 3124 infusionem
2208 3112 2218 3119 .
2244 3089 2328 3122 Ete-

1384 3140 1454 3176 nim
1470 3137 1579 3183 juxta
1600 3135 1845 3180 Aueustinurn
1869 3151 1894 3172 t.
1923 3137 1965 3172 de
1992 3136 2332 3176 Praedest.San&or.

1385 3201 1463 3235 cap.
1479 3200 1518 3233 4.
1546 3186 1641 3233 Poffi
1669 3186 1798 3221 habere
1813 3188 1927 3232 fidem
1953 3213 1960 3225 .
1985 3186 2076 3232 ficut
2098 3188 2184 3235 posse
2206 3189 2336 3224 habere

1388 3240 1600 3275 charitatem
1614 3261 1624 3277 ,
1639 3250 1652 3271 7v
1663 3246 1776 3272 az‘trae
1796 3240 1842 3272 e‘l
1859 3239 1899 3272 ho
1909 3241 2034 3273 ”ninum
2049 3248 2057 3271 :
2074 3238 2203 3276 habere
2217 3248 2335 3274 autem

1377 3289 1491 3335 fidem
1506 3316 1514 3327 ‚
1539 3287 1830 3332 quemadmodum
1848 3289 1977 3323 hahere
1989 3286 2202 3325 charitatem
2218 3316 2228 3331 ,
2249 3300 2340 3335 gra·

1392 3342 1452 3377 tiae
1468 3337 1688 3385 estfidelmm
1704 3361 1712 3370 .
1730 3335 1816 3373 Non
1833 3338 1881 3374 est
1906 3349 2026 3373 autem
2052 3350 2186 3375 naturae
2209 3351 2340 3384 corpo-

1392 3394 1439 3427 ris
1454 3417 1465 3432 ‚
1487 3401 1591 3434 aquo
1605 3385 1733 3422 receffit
1758 3390 1872 3424 anima
1890 3412 1902 3429 ‚
1931 3385 2053 3424 rursus
2084 3391 2204 3426 eadem
2232 3388 2342 3423 infor-

1393 3441 1480 3477 mari
1500 3464 1512 3482 ‚
1536 3438 1595 3473 nisi
1613 3439 1739 3472 iterato
1756 3439 1816 3474 libi
1832 3438 2000 3473 reddatur
2017 3440 2171 3478 perfec‘la
2199 3439 2342 3485 organi-

1395 3492 1495 3528 zatio
1512 3490 1636 3524 anima:
1652 3488 1863 3535 recipiendae
1878 3488 2096 3530 necessaria3
2119 3490 2168 3526 est
2191 3499 2344 3524 autenm

1395 3540 1548 3591 potestas
1579 3537 1705 3586 passiva
1743 3539 1778 3574 in
1807 3550 1934 3575 natura
1961 3540 2126 3575 rationali
2152 3537 2343 3586 recipiendi

2216 3600 2296 3636 gra-

1447 3689 1493 3726 (α)
1532 3687 1685 3717 Fraffenius
1699 3693 1794 3716 tamen
1809 3688 1904 3719 Traa.
1916 3696 1943 3717 2.
1955 3686 2028 3727 disp.
2041 3697 2068 3724 3.
2078 3696 2136 3718 art.
2147 3696 2176 3724 3.
2190 3697 2218 3725 q.
2232 3687 2349 3727 3.supet·

1399 3724 1508 3762 2-Jent.
1525 3727 1686 3765 perluntlere
1698 3735 1828 3761 conatur,
1845 3727 2068 3762 justificationem
2081 3727 2135 3756 esic
2148 3737 2217 3766 opus
2229 3728 2281 3756 Dei
2296 3726 2349 3754 mi-

1399 3766 1555 3795 raculosum
1570 3786 1577 3793 .
1595 3767 1731 3794 Putamus
1750 3764 1973 3794 controverfiam
1994 3766 2063 3795 hanc
2089 3767 2224 3804 pertinere
2248 3765 2282 3794 ad
2295 3773 2348 3793 no—

1401 3815 1475 3833 mma
1488 3824 1497 3840 ‚
1509 3813 1626 3843 utraque
1639 3811 1716 3844 parte
1731 3811 1791 3832 rem
1807 3803 1924 3832 eandem
1936 3805 2086 3841 profitente
2101 3823 2111 3832 ·

2426 1486 2541 1521 prologi
2596 1505 2598 1526 t

2343 1528 2464 1566 quaest.z.
2475 1528 2543 1559 ως
2595 1530 2605 1573 t

2342 1572 2435 1598 ottavo
2447 1582 2458 1596 ο

2371 3054 2490 3094 Prologi
2502 3064 2534 3092 qq
2551 3063 2574 3083 ι.
2609 3071 2618 3080 -

2372 3107 2401 3126 n.
2417 3106 2444 3129 9.
2464 3103 2486 3120 ι.
2514 3092 2574 3123 dist.
2606 3092 2616 3111 *²

2376 3139 2574 3174 170q050n·,35⁸
2607 3140 2610 3151 ’
