2628 4026
140 1662 341 1699 4.d1‡(³.44.q.2.

141 1704 166 1730 6.
179 1701 223 1728 Ad
245 1700 342 1738 eppest-

139 1746 198 1766 fum
211 1757 220 1766 ο

138 1876 300 1904 Declaratio
310 1885 345 1904 ex

139 1917 176 1943 B·
201 1915 344 1952 Gregorio

141 1954 265 1989 qualiter
281 1962 347 1980 oeter

140 2000 175 2018 na
194 2001 278 2028 poena
304 1990 346 2019 [ἔ-

143 2029 284 2063 poralibus
297 2030 344 2059 de·

138 2066 210 2094 litus
245 2069 344 2103 juslss,

140 2105 305 2143 rependatur
335 2125 345 2135 .

147 3086 235 3114 Aliter
244 3097 278 3116 ex
293 3090 350 3115 Λιι-

147 3126 260 3159 gustino
303 3135 350 3153 ca-

143 3157 211 3191 dem
227 3164 348 3192 catholi-

145 3210 178 3228 ca
189 3210 290 3230 verit-*tr
302 3203 335 3232 dc
345 3221 355 3232 0

149 3239 270 3269 clar-atur
285 3260 293 3268 .

473 155 493 196 3
514 155 527 185 1
546 156 570 184 ι

388 209 494 243 finita
516 221 528 246 3
552 205 711 250 adeoque
742 217 843 253 poeua
858 213 986 240 aeterna
1013 202 1107 250 juste
1130 203 1235 250 plecti
1258 213 1329 237 non

387 257 880 306 p0ffi1ntculpaetemporales
898 279 906 289 .
1273 299 1281 307 ⁶

487 307 687 347 Praeterea;
715 309 967 354 Quaecumque
987 301 1081 349 justa
1106 302 1246 349 punitio
1271 311 1327 334 tn-

382 355 544 405 sugenda
563 357 612 393 est
625 357 666 393 ad
683 355 947 401 correptionem
976 353 1056 399 ejus
1068 353 1130 398 qui
1149 351 1327 398 peccavit,

384 409 417 442 8<
446 407 553 442 modo
580 408 726 454 punitur
749 434 757 442 .
785 405 881 440 Dicit
896 405 990 439 enim
1020 402 1133 439 Arist.
1156 412 1190 436 2.
1218 399 1327 436 Ethzc

384 467 505 505 cap.3.
519 467 640 505 poenas
653 457 719 492 esse
734 454 905 502 quasdam
923 453 1114 488 medicinas
1132 477 1142 492 ,
1168 462 1248 498 quae
1261 451 1326 484 im-

386 508 591 555 penduntur
612 508 774 543 moribus
792 513 1008 549 aegrotorum
1033 528 1043 543 ,
1073 512 1113 536 ut
1145 501 1187 535 ad
1206 500 1327 554 melio-

385 552 457 593 rem
485 558 623 602 frugem
650 556 887 591 reducantur.
916 551 1083 599 ldipsum
1110 561 1258 597 quoque
1270 547 1326 583 dl·

385 609 432 643 cit
450 619 460 642 r
479 637 484 642 .
500 608 610 645 Rhet.
622 615 691 652 rap.
711 618 766 641 ιο.
783 601 948 647 Subjeeti
971 613 1088 638 autem
1104 601 1241 636 aeternis
1255 610 1327 646 poe-

385 661 438 694 nis
453 659 488 694 &
507 657 728 693 cruciatibus
742 681 754 697 ‚
770 664 839 690 non
857 653 1091 697 corriguntur
1111 662 1221 694 3ergo
1233 647 1326 694 juste

387 709 501 754 poenis
519 707 656 744 aeternis
677 717 749 740 non
765 704 968 752 poniuntur
979 700 1078 736 finita
1094 701 1129 735 δι
1148 708 1329 746 tempora·

389 760 436 795 lia
463 768 608 807 peccata
625 780 635 790 .
1277 799 1284 806 ·

490 810 656 843 Praeterea
686 801 891 851 Apocalips
925 802 966 838 18
998 797 1328 851 antumglorzfi·

387 857 530 901 cavits'e
548 884 558 897 ,
580 856 622 891 ὠ·
636 856 670 890 in
685 853 820 890 deliciis
835 848 911 891 fuit
922 876 933 891 ,
961 860 1101 888 tantum
1113 851 1196 887 date
1211 851 1243 885 ei
1255 857 1326 884 tor-

387 919 540 946 mentum
554 931 565 949 ,
578 905 620 943 ὠ·
631 905 760 941 lurtum
777 930 783 937 .
803 904 880 938 Hac
891 900 1004 946 igitur
1020 903 1141 945 regula
1155 899 1328 949 exprimi-

387 972 446 996 tur
466 956 560 1004 justa
588 952 898 999 correspondentia
912 964 1022 1000 poenae
1039 951 1078 985 ad
1093 954 1234 1000 culpam
1248 974 1260 986 .
1287 949 1326 986 Si

385 1021 504 1046 autem
530 1016 705 1043 tormenta
733 1003 766 1038 8<
783 1002 901 1038 fluetus
929 1003 1044 1039 forent
1072 1002 1326 1050 sempiterna-0,

385 1058 690 1106 transgrederetur
715 1054 835 1098 regula
869 1053 1030 1099 prefixa3
1056 1056 1326 1100 quintantum...

383 1111 555 1156 temporis
570 1119 639 1143 non
658 1105 803 1142 fuerunt
821 1114 1024 1149 peccatores
1043 1105 1076 1139 in
1092 1105 1247 1140 deliciis:
1276 1113 1325 1137 er-

384 1175 430 1208 go
460 1161 599 1195 nullum
623 1158 768 1191 omnino
785 1165 973 1201 peccatum
997 1154 1136 1191 inducit
1155 1163 1326 1191 reatum-2

383 1211 604 1260 sempiternae
618 1218 728 1254 poenae
743 1230 751 1239 .

487 1263 662 1296 Praeterea
679 1284 689 1299 ,
714 1256 749 1292 Si
773 1254 878 1293 Dsus
907 1265 1095 1300 peccatum
1126 1253 1328 1291 brevissimo

385 1322 548 1359 tempore
566 1307 815 1343 consumatum
842 1331 852 1346 ,
878 1305 1046 1350 pleffleret
1087 1314 1218 1339 aeterno
1244 1314 1328 1337 cru·

385 1366 481 1399 ciatu
497 1386 510 1405 ‚
534 1361 575 1394 de
592 1357 774 1392 hominum
789 1355 899 1403 poenis
917 1353 1099 1390 videretur
1114 1365 1239 1401 capere
1264 1364 1327 1386 vo-

385 1416 560 1459 luptatem
584 1422 595 1449 3
619 1407 688 1442 hoc
713 1417 831 1441 autern
861 1404 907 1440 est
926 1403 1048 1440 salsum
1073 1404 1213 1439 dicente
1234 1403 1329 1438 Scri-

385 1474 489 1511 ptura
507 1462 588 1506 Sap.
610 1471 635 1493 r.
665 1458 763 1493 Deus
791 1467 856 1490 non
877 1454 1071 1490 delefiatur
1082 1455 1118 1489 in
1126 1453 1328 1501 perditione

386 1513 563 1548 hominum
594 1523 605 1550 3
628 1518 714 1551 ergo
742 1507 907 1540 videntur
932 1506 998 1540 illae
1011 1517 1121 1551 poenae
1134 1504 1327 1550 aliquando

384 1563 570 1603 defiturae,
595 1569 677 1593 cum
707 1556 835 1592 faaum
861 1554 967 1591 fuerit
993 1554 1073 1597 satis
1101 1553 1246 1600 justitiae
1272 1553 1326 1588 di-

383 1615 476 1649 vinae
491 1642 501 1650 .

484 1662 622 1698 Contra
644 1687 650 1700 ,
668 1658 815 1693 Maihaei
830 1666 887 1702 ες.
902 1655 956 1692 Ite
969 1654 1147 1692 malediflr‘
1157 1654 1195 1688 in
1209 1655 1326 1700 ignem

382 1723 551 1750 aetermtm
568 1738 578 1752 ,
604 1711 667 1758 qui
679 1718 827 1756 paratas
844 1709 891 1756 est
908 1707 1059 1744 Diab.lo
1075 1734 1084 1748 ‚
1109 1704 1152 1743 ὠ·
1177 1706 1326 1753 exsuge-

381 1765 428 1800 lis
445 1765 545 1812 ejus3
572 1774 659 1807 ergo
672 1770 913 1807 quaecumque
933 1759 1092 1794 mortalia
1112 1767 1257 1803 peccata
1273 1758 1323 1791 in-

381 1815 518 1851 ducunt
535 1824 669 1849 reatum
688 1822 825 1844 aeternae
839 1820 948 1854 poenae
962 1833 971 1842 .

486 1862 700 1911 Respondeo
718 1887 726 1894 .
756 1859 878 1908 Aliqui
913 1858 1041 1905 dogma
1063 1857 1133 1893 hoc
1156 1856 1238 1894 fidei
1266 1859 1324 1895 de.

383 1917 555 1952 clarentes
584 1914 627 1948 de
651 1913 687 1947 B.
709 1909 872 1957 Gegorii
895 1909 1117 1945 authoritate
1140 1921 1151 1948 3
1181 1919 1322 1955 putant,

383 1979 570 2015 propterea
605 1966 720 1999 Deum
750 1960 932 2008 justiffime
955 1959 1109 2007 plet‘stere
1133 1970 1322 2005 peccatau,

381 2019 481 2054 etiam
499 2029 579 2064 quae
589 2013 761 2059 temporis
788 2021 970 2046 rromento
992 2019 1211 2055 peraguntur
1226 2036 1236 2051 ‚
1253 2023 1325 2056 poe-

383 2080 423 2104 na
439 2079 566 2103 aeterna
582 2091 591 2106 ‚
619 2064 705 2110 quia
719 2063 741 2097 st
761 2063 874 2097 malus
902 2071 1078 2107 perpetuo
1092 2059 1233 2095 vixisset
1252 2088 1257 2093 .
1279 2061 1321 2095 fi.

384 2131 426 2155 ne
442 2118 512 2154 fine
527 2114 698 2162 peccasset
715 2127 726 2154 ;
750 2113 857 2157 digne
874 2112 981 2154 igitur
996 2111 1162 2145 morienti
1179 2112 1211 2144 in
1225 2122 1321 2146 mor-

382 2170 441 2206 tali
473 2177 619 2216 peccato
648 2176 748 2211 poena
777 2160 979 2209 rependitur
1006 2170 1133 2195 aeterna
1165 2187 1175 2201 ,
1198 2172 1275 2195 nam
1291 2163 1318 2196 is

381 2230 556 2268 perpetuo
573 2220 607 2252 in
624 2216 810 2250 voluntate
826 2211 986 2257 peccavit
1005 2237 1013 2242 .
1041 2209 1146 2245 Vnde
1160 2211 1320 2254 Gregor.

379 2283 416 2316 4.
436 2269 577 2313 Dialog.
609 2277 685 2312 cap.
700 2276 759 2310 44.
792 2262 933 2297 scribit:
964 2260 1040 2306 Qui
1064 2262 1101 2294 in
1113 2260 1179 2305 suo
1196 2270 1322 2296 aeterno

377 2330 480 2364 pecca
490 2322 539 2354 vit
563 2325 681 2353 contra
695 2314 812 2348 Deum
827 2340 834 2352 ,
854 2311 996 2359 juffum
1017 2310 1064 2356 est
1079 2318 1119 2343 ut
1133 2310 1173 2343 in
1191 2320 1320 2345 aeterno

379 2370 456 2408 Dei
473 2369 650 2417 puniatur
675 2389 683 2397 .
717 2364 859 2399 Dicitur
885 2372 1003 2396 autem
1040 2360 1167 2405 aliquis
1197 2361 1230 2395 in
1255 2360 1319 2394 suo

379 2431 510 2455 :sterno
536 2413 714 2466 peccasse,
739 2425 808 2448 non
836 2411 948 2446 solum
979 2409 1172 2446 secundum
1202 2411 1319 2445 conti-

379 2471 584 2505 nuationem
613 2464 711 2501 aetus
727 2466 760 2498 in
776 2474 850 2498 tota
876 2463 1028 2496 hominis
1043 2461 1113 2495 vita
1138 2460 1318 2503 durantis,

378 2519 436 2554 sed
453 2522 536 2564 quia
564 2529 608 2552 ex
638 2515 704 2549 hoc
722 2513 824 2560 ipso,
850 2512 947 2559 quod
980 2511 1082 2546 finem
1111 2512 1144 2546 in
1173 2522 1320 2558 peccato

380 2569 565 2604 constitnit
581 2593 590 2608 ‚
624 2566 846 2600 voluntatem
875 2562 980 2598 habet
1008 2563 1040 2595 in
1055 2572 1221 2596 aeternum
1236 2573 1318 2609 pec-

382 2619 484 2655 candi
500 2645 507 2652 .
530 2619 666 2653 Contra
682 2615 755 2649 haec
768 2613 939 2660 expositio
967 2624 1036 2647 non
1065 2612 1210 2647 videtur
1237 2624 1319 2658 pro-

380 2670 496 2706 banda
549 2670 644 2705 Nim
660 2664 732 2700 fisri
753 2663 865 2710 potest
881 2691 891 2705 ‚
921 2675 957 2698 ut
972 2663 1054 2709 quis
1073 2672 1192 2708 peccet
1204 2674 1320 2698 cum-2

381 2718 563 2771 proposito
596 2715 820 2764 poenitendi;
846 2725 930 2760 ergo
946 2723 1008 2748 nec
1033 2714 1229 2758 explicite,
1255 2723 1319 2748 nec

384 2769 605 2814 implicitein
634 2777 720 2800 voto
746 2775 919 2811 perpetuo
945 2773 1066 2809 peccat
1084 2792 1092 2800 ,
1121 2762 1237 2798 Potest
1267 2775 1319 2798 re-

385 2819 576 2868 spon-ieri3
604 2815 779 2861 ejusmodi
816 2825 996 2855 exponere
1037 2809 1068 2848 se
1092 2813 1319 2860 perpetuitati

387 2867 584 2917 peccandi.
616 2870 708 2902 Nam
734 2865 858 2901 videns
885 2864 918 2898 8(
953 2866 1076 2898 volens
1098 2862 1323 2910 projiciendo

387 2921 420 2957 se
445 2921 479 2955 in
494 2918 633 2953 foveam
648 2944 658 2958 ,
679 2927 759 2950 cum
787 2915 846 2949 sibi
861 2915 951 2948 vires
981 2924 1050 2948 non
1068 2913 1259 2959 suppetunt
1272 2915 1324 2947 ῐη-

388 2973 430 3007 de
451 2967 633 3009 exeundi,
657 2964 836 3001 manifeste
847 2965 994 3010 exponit
1009 2962 1040 3000 se
1057 2965 1216 3011 periculo
1234 2961 1322 2997 sem·

387 3033 448 3070 per
464 3021 513 3054 ibi
527 3016 687 3054 manendi
704 3042 712 3050 ,

489 3071 735 3105 Veruntamen
760 3062 983 3109 Augustinus
1010 3064 1109 3097 aliter
1134 3075 1204 3097 rem
1230 3062 1321 3097 hanc

387 3120 570 3168 explicare
595 3117 738 3152 videtur
761 3127 818 3150 zi.
843 3115 886 3150 de
907 3112 1025 3152 Civis.
1040 3122 1134 3160 capa
1150 3125 1178 3147 r.
1196 3114 1256 3147 ubi
1273 3112 1327 3147 di·

388 3172 435 3207 cit
456 3197 465 3212 ‚
488 3169 660 3216 justitiam
679 3178 748 3201 non
772 3167 918 3209 exigere
941 3177 1076 3209 poenam
1107 3163 1225 3208 infligi
1247 3173 1328 3208 per-

390 3232 534 3269 petuam
555 3245 566 3260 ,
599 3230 635 3254 ut
657 3218 773 3259 culpae
798 3215 991 3261 pleetendae
1020 3214 1190 3251 sufficiat,
1216 3214 1323 3259 cique

389 3269 686 3316 correspondeat3
709 3266 765 3301 sed
795 3265 874 3301 ideo
906 3276 1043 3311 poenam
1071 3274 1244 3311 perpetuo
1262 3264 1328 3297 du-

389 3333 466 3357 rare
494 3347 503 3361 ‚
530 3318 614 3364 quia
646 3316 791 3365 persona
823 3316 928 3360 culpe
964 3315 1122 3360 subjeeta
1154 3323 1328 3360 perpetuo

389 3381 526 3408 manet:
544 3368 659 3403 scribit
679 3368 770 3402 enim
793 3379 803 3405 ;
837 3364 943 3412 Quod
964 3366 1012 3411 es?
1031 3365 1072 3399 de
1091 3364 1159 3398 iffa
1179 3364 1330 3399 civitate

390 3421 530 3458 mortali
556 3419 704 3454 homines
713 3414 890 3463 supplicio
900 3418 1021 3461 primae
1035 3416 1153 3449 morsis
1172 3441 1180 3452 ‚
1206 3413 1264 3448 hoc
1278 3414 1332 3449 eff

391 3473 434 3508 de
460 3474 620 3507 civitate
651 3468 712 3503 illa
739 3465 930 3501 immortali
952 3493 964 3508 ,
991 3466 1144 3500 homines
1158 3463 1331 3510 supplicio

388 3523 546 3573 secundat
569 3521 687 3554 mortis
716 3515 874 3561 auferre.
898 3517 941 3549 Et
969 3517 1076 3562 paulo
1103 3525 1181 3548 ante
1198 3514 1238 3548 dc
1261 3527 1331 3561 pae-

390 3575 446 3609 nis
469 3569 680 3619 quibusdam
710 3566 819 3602 inista
832 3567 976 3601 civitate
1002 3566 1148 3599 inflictis
1166 3565 1329 3610 loquens.

392 3625 549 3664 Nonne,
579 3620 722 3666 inquit,
746 3626 809 3664 pro
838 3615 944 3663 hujux
970 3619 1053 3651 vitae
1082 3614 1177 3650 modo
1201 3614 1331 3660 similia

387 3677 495 3723 poenis
520 3671 691 3707 videntur
713 3668 878 3703 aeternis.
909 3665 991 3704 Ideo
1014 3668 1138 3715 quippe
1166 3674 1330 3702 aeterna„

399 3725 466 3772 effi’
483 3736 547 3760 non
558 3721 705 3770 poffitnt.
720 3720 804 3767 quia
820 3729 879 3752 uec
893 3716 962 3766 ipstr
974 3722 1068 3759 vita,
1086 3728 1161 3763 quae
1174 3719 1203 3752 ir
1215 3715 1335 3762 pleffi'.

397 3777 659 3821 turporrigitur
689 3776 725 3806 in
751 3778 918 3804 aeternum
938 3794 945 3802 .
974 3771 1014 3805 Et
1030 3771 1062 3803 iu
1084 3769 1268 3812 sententia,
1285 3769 1332 3804 ait

1017 138 1197 182 Summe
1235 132 1422 199 'joannis
1451 135 1580 180 Dans
1610 135 1730 182 Scoti

1399 201 1542 245 culpam
1571 204 1725 249 aliquam
1740 201 1846 237 talem
1873 200 1914 235 de
1933 199 1963 237 se
1984 199 2066 241 esse,
2080 209 2161 244 qure
2187 209 2257 233 non
2272 210 2345 233 me·

1403 262 1502 286 retur
1528 253 1769 288 omnimodam
1787 251 2028 287 exclusionem
2061 263 2079 284 a
2095 249 2241 284 civitate
2258 275 2266 288 ‚
2282 250 2345 284 in..

1401 314 1474 348 qua
1491 304 1728 338 committitur
1746 315 1757 342 ;
1778 313 1892 348 eaque
1909 301 2058 349 proinde
2090 310 2189 343 poena
2203 309 2343 344 tempo-

1403 352 1485 387 ralis
1501 351 1576 392 est3
1601 352 1778 397 Respeetu
1800 353 1893 386 enim
1919 353 1998 386 vitae
2023 350 2140 386 civilis
2157 375 2168 390 ,
2193 349 2342 394 aliqua„

1404 413 1506 449 poena
1533 412 1632 438 tanta
1647 402 1719 442 est,
1741 402 1869 447 utique
1891 413 1955 447 pro
1966 403 2079 448 culpae
2107 400 2341 444 dignitate,ut

1402 452 1556 498 poenirus
1584 452 1754 487 excludat
1770 477 1782 492 ,
1808 453 1872 496 qui
1889 452 2053 496 pleaitur
2067 477 2078 493 ‚
2100 451 2143 483 ab
2163 450 2235 483 vita
2252 449 2341 483 civi-

1405 504 1426 537 li
1444 515 1456 541 ς
1481 499 1564 545 ejus
1579 503 1700 546 itaque
1721 501 1872 535 intenfio
1886 503 1997 548 culpae
2008 498 2273 546 correspondet.
2290 497 2340 533 At

1402 550 1562 593 extensio
1583 549 1663 596 ejus
1680 576 1689 590 ‚
1718 549 1850 585 scilicet
1864 576 1874 591 ,
1896 550 1994 596 quod
2014 550 2115 586 finita
2131 550 2169 584 stt
2189 577 2199 591 ‚
2223 549 2337 584 omni·

1401 612 1448 635 no
1470 600 1623 641 accidit,
1649 613 1692 636 ex
1707 611 1751 634 eo
1773 601 1858 646 quia
1879 600 1951 635 vita
1967 599 2061 636 finita
2075 600 2125 636 est
2139 630 2147 635 .
2173 602 2266 645 firgo
2278 610 2339 645 per

1401 648 1600 697 oppositam
1615 651 1788 686 rationem
1807 662 1819 689 ;
1847 650 1960 697 culpae
1974 653 2193 697 cuicumque
2206 661 2338 685 motta-

1403 701 1424 734 li
1448 699 1542 746 juste
1564 699 1716 735 debetur
1728 699 1888 737 exciufio
1901 700 2104 735 omnimoda
2125 703 2169 735 ab
2187 699 2338 746 superna

1401 751 1574 792 civitate,
1596 750 1705 796 idque
1717 752 1831 796 culpae
1849 749 2022 785 demerito
2047 749 2142 796 juste
2176 749 2340 797 rependi-

1399 812 1457 836 tur
1476 800 1557 840 3sed
1573 810 1751 847 quantum
1767 799 1808 834 ad
1824 802 2099 846 perpetuitatem
2116 812 2225 848 poenae
2240 799 2342 835 istius

1400 851 1483 885 inde
1496 849 1536 885 fit
1549 877 1560 893 ,
1576 852 1606 886 8(
1619 851 1733 886 oritur
1751 852 1978 886 interminata
1994 850 2137 886 duratio
2149 849 2335 896 ejus,quia

1402 902 1474 936 vita
1487 912 1567 935 cum
1585 901 1689 948 culpa
1705 900 1752 936 est
1773 910 1946 948 perpetua
1958 929 1967 938 .

1492 952 1666 986 Occurrit
1682 952 1789 986 etiam
1809 952 1897 987 ratio
1910 950 2056 999 idipsum
2070 950 2230 986 suadens.
2246 951 2344 985 Nam

1401 1000 1481 1034 Deo
1497 1001 1653 1047 poffibile
1667 1001 1757 1036 foret
1776 1028 1786 1042 ‚
1812 1003 1917 1036 etiam
1945 1000 2091 1046 justitiae
2116 1002 2233 1045 rigore
2243 999 2345 1034 omni

1400 1049 1569 1092 servato,
1597 1064 1735 1096 poenam
1766 1052 1853 1086 adeo
1881 1051 2051 1087 intensam
2076 1062 2197 1085 taxare
2221 1077 2232 1092 ,
2260 1061 2342 1097 quae

1399 1101 1524 1136 exa6ie
1544 1104 1658 1149 culpae
1674 1103 1840 1147 pravitati
1859 1100 2218 1149 respondeat,etiamfi
2237 1110 2344 1135 natu-

1404 1164 1439 1186 ra
1467 1151 1577 1187 statim
1592 1152 1673 1188 esset
1699 1152 1924 1187 annihilanda
1951 1165 1962 1192 ;
1984 1164 2069 1196 ergo
2087 1149 2186 1197 quod
2215 1158 2344 1196 poena-³

1400 1212 1529 1240 aeterna
1557 1204 1698 1237 mortali
1736 1204 1850 1249 culpae
1894 1203 2078 1248 infligatur
2102 1200 2235 1236 nonest
2255 1201 2342 1248 quia

1401 1254 1617 1298 perpetuitas
1648 1266 1707 1299 per
1736 1252 1769 1288 se
1794 1255 1960 1296 exigatur
1990 1252 2106 1287 abtali
2127 1263 2251 1298 poena,
2276 1252 2343 1286 itt-s

1400 1313 1574 1346 quantum
1602 1304 1784 1348 :equaliter
1811 1305 1972 1350 punitiva
1987 1330 1997 1344 ,
2022 1301 2078 1338 sed
2092 1300 2232 1349 praecise
2248 1301 2343 1336 acci-

1402 1351 1454 1386 dit
1468 1363 1613 1399 propter
1629 1355 1847 1398 eternitatem
1865 1352 2018 1400 personae
2036 1354 2168 1399 punita}
2180 1351 2213 1386 8<
2232 1352 2340 1399 culpe

1403 1401 1683 1448 perseverantis,

1501 1452 1559 1489 Ad
1573 1462 1780 1495 argumenta
1799 1478 1806 1487 .
1834 1451 1889 1486 Ad
1904 1453 2052 1497 primurn
2079 1450 2274 1497 respondeo
2287 1454 2341 1487 lo-

1401 1511 1485 1536 cum
1501 1502 1698 1549 Scriptura:
1714 1525 1726 1542 ‚
1755 1503 1819 1549 qui
1836 1501 2028 1536 adjucitur
2042 1529 2052 1542 ‚
2067 1501 2339 1546 intelligendum

1402 1551 1469 1586 esse
1493 1551 1612 1599 quoad
1639 1563 1750 1597 poene
1774 1553 2008 1587 intensionem
2032 1578 2040 1587 .
2066 1553 2114 1588 Ea
2140 1552 2272 1598 quippe
2289 1553 2341 1587 in-

1399 1601 1512 1637 tenfio
1537 1614 1600 1649 per
1621 1601 1653 1637 se
1681 1604 1874 1648 requiritur
1903 1604 1936 1636 in
1952 1615 2051 1647 poena
2068 1629 2078 1645 ‚
2106 1615 2178 1649 qua
2205 1602 2341 1648 optime

1400 1663 1549 1699 quoque
1577 1652 1734 1687 salvatur
1764 1652 2126 1699 aequalitasjustitiae.
2157 1653 2339 1688 Caeterum

1401 1702 1561 1738 extentio
1590 1700 1749 1748 ejusdem
1766 1729 1776 1743 ‚
1801 1715 2030 1750 quecumque
2045 1717 2083 1738 ea
2106 1704 2145 1739 {it
2166 1729 2175 1744 ‚
2206 1703 2337 1739 accidit

1401 1765 1537 1801 poenae,
1566 1763 1604 1788 ut
1632 1752 1673 1787 ad
1691 1753 1830 1798 culpam
1843 1754 2076 1789 ordinandam
2096 1764 2337 1800 comparatur.

1401 1807 1525 1853 Quare
1543 1801 1845 1850 quemadmodum
1870 1816 1969 1847 poena
1992 1806 2107 1852 culpae
2121 1802 2344 1840 mortalises-

1401 1856 1434 1892 se
1452 1856 1641 1898 desineret,
1659 1853 1678 1891 si
1698 1866 1762 1903 pro
1782 1853 1939 1891 mensura
1958 1855 2151 1900 gravitatis
2169 1853 2249 1899 ejus
2268 1855 2343 1901 ple-

1400 1908 1556 1944 &eretur
1582 1907 1728 1954 persona
1758 1907 2068 1946 moxiuteritura3
2099 1907 2145 1940 ita
2161 1905 2343 1952 perpetui-

1400 1969 1454 1995 tas
1480 1957 1528 1994 est
1547 1959 1580 1991 in
1598 1955 1670 2004 ipsa
1688 1984 1698 1999 ,
1722 1959 1806 2004 quia
1819 1969 1995 2005 perpetuo
2023 1956 2071 1991 est
2087 1955 2209 1990 futura
2224 1953 2345 2002 perso-

1401 2022 1467 2049 na,
1496 2020 1575 2055 quae
1595 2011 1782 2055 peccavit,
1809 2011 1840 2044 8<
1871 2019 1950 2042 cum
1976 2008 2037 2042 tali
2066 2017 2160 2042 noxa
2179 2007 2341 2054 pervenit

1400 2058 1442 2093 ad
1454 2059 1647 2094 terminum
1662 2056 1719 2093 fibi
1735 2058 1914 2104 praefixum
1931 2057 2113 2104 praesentis
2132 2059 2212 2091 vitae
2227 2081 2237 2090 .

1498 2108 1556 2146 Ad
1583 2107 1774 2143 secundum
1800 2109 1881 2142 dico
1904 2134 1912 2147 ‚
1944 2106 2247 2154 quemadmodum
2274 2104 2343 2140 du·

1399 2159 1481 2201 plex
1494 2158 1541 2193 est
1560 2158 1729 2192 medicina
1749 2186 1759 2199 ‚
1785 2159 1895 2193 altera
1910 2158 2071 2193 curativa
2087 2184 2096 2197 ,
2123 2159 2231 2193 altera
2255 2166 2342 2200 pra:-

1399 2208 1575 2243 servativa
1595 2234 1603 2246 ‚
1618 2208 1665 2242 ita
1679 2209 1827 2243 totidem
1842 2208 1956 2242 modis
1970 2219 2068 2253 poena
2087 2207 2135 2242 cst
2155 2206 2343 2242 medicina.

1399 2262 1493 2294 Nam
1509 2258 1705 2304 corrigibili
1721 2258 1893 2302 infligitur
1908 2270 1945 2292 ut
1959 2269 2077 2299 curet;
2091 2256 2341 2301 incorrigibili,

1399 2320 1438 2342 ut
1455 2307 1643 2354 praeservet
1674 2320 1745 2342 non
1774 2307 1923 2354 seipsum
1945 2321 1956 2348 3
1981 2319 2061 2342 cum
2086 2307 2341 2351 incorrigibilis

1399 2357 1648 2404 supponatur,
1674 2357 1730 2394 scd
1758 2360 1868 2398 alios,
1893 2358 2051 2403 quiindc
2075 2358 2273 2395 admoniti,
2297 2355 2341 2390 ad

1397 2410 1576 2444 tramitem
1594 2409 1730 2444 res-“tum
1750 2411 1878 2445 reverti
1906 2408 2045 2456 possunt
2062 2434 2071 2443 .
2086 2408 2271 2455 Siquidem
2298 2405 2340 2440 ad

1400 2460 1533 2494 bonum
1557 2460 1778 2505 Reipublicae
1801 2460 1951 2507 pertinet
1988 2472 2049 2505 per
2086 2459 2339 2505 Legislatorem

1399 2521 1518 2555 poenas
1531 2510 1668 2555 aliquas
1683 2510 1955 2546 determinari&
1970 2508 2100 2551 statui,
2125 2510 2262 2557 quibus
2280 2508 2341 2543 de·

1399 2561 1601 2607 linquentes
1631 2560 1831 2607 plefiantur
1862 2586 1874 2603 ,
1911 2571 1948 2594 ut
1975 2573 1992 2595 a
2019 2560 2258 2606 pravitatibus
2286 2559 2341 2594 vel

1400 2623 1632 2647 coerceantur
1647 2613 1701 2647 vel
1726 2613 1951 2647 retrahantur
1975 2637 1983 2645 .
2009 2613 2100 2647 Sunt
2121 2623 2207 2657 ergo
2230 2621 2339 2657 poenae

1401 2661 1482 2708 ipsa:
1496 2661 1678 2698 medicinae
1709 2661 1934 2698 conserentes
1963 2672 2178 2708 aegrotorum
2203 2659 2342 2707 praeser-

1399 2714 1534 2748 vationi
1554 2738 1564 2753 ‚
1590 2713 1621 2747 ,ἃ
1638 2714 1670 2746 in
1695 2715 1727 2747 se
1756 2713 1860 2759 ipsis,
1887 2713 1994 2748 modo
2014 2711 2234 2758 corrigibiles
2263 2711 2341 2750 lint3

1401 2764 1457 2798 vel
1473 2774 1567 2798 certe
1582 2764 1614 2797 in
1633 2764 1708 2799 aliis
1724 2787 1737 2807 ,
1765 2765 1827 2809 qui
1847 2764 2013 2810 exemplo
2026 2763 2233 2808 punitorum
2262 2772 2344 2795 cor-

1402 2814 1467 2859 rigi
1483 2814 1516 2849 &
1534 2813 1712 2849 emendari
1731 2813 1869 2859 polsunt
1890 2842 1897 2848 .
1913 2813 2024 2864 Qd
2039 2813 2061 2848 fi
2079 2814 2112 2848 in
2126 2810 2207 2847 casu
2238 2811 2341 2856 puni-

1400 2865 1452 2898 tio
1465 2875 1596 2897 neutro
1610 2863 1715 2898 modo
1734 2864 1772 2899 sit
1793 2864 1965 2901 medicina
1980 2891 1989 2904 ‚
2016 2862 2051 2897 id
2079 2873 2174 2898 certe
2200 2859 2343 2907 justitiae

1402 2925 1472 2948 non
1487 2925 1662 2959 repugnat
1679 2941 1688 2950 .
1704 2918 1798 2951 Nam
1812 2916 1902 2949 inter
1925 2915 2047 2949 civiles
2075 2923 2193 2959 poen-s
2216 2912 2346 2957 aliquae

1404 2964 1483 3000 sunt
1497 2965 1621 3009 capitis
1637 2965 1844 3001 damnantes
1860 2976 1986 3008 magna
2018 2962 2180 3009 quaedam
2206 2960 2347 3006 flagitia

1404 3015 1679 3054 commitentes3
1702 3015 1852 3051 estouec
1877 3014 1935 3060 ἱρῇ
1961 3015 2076 3061 capite
2103 3014 2198 3060 plexi
2224 3024 2344 3047 emen-

1404 3064 1532 3099 darein
1552 3065 1677 3100 melius
1696 3066 1806 3101 vitam
1819 3064 1945 3113 poffint
1964 3077 1976 3105 3
1995 3075 2058 3100 nec
2074 3062 2254 3098 aliiabhis
2269 3073 2347 3109 per„

1405 3114 1587 3162 petrandis
1600 3117 1843 3153 deterreantur
1859 3138 1871 3148 .

1507 3164 1562 3199 Ad
1600 3168 1744 3201 tertium
1780 3167 1970 3202 dicendum
2002 3193 2014 3212 ,
2056 3163 2128 3205 Tb,
2154 3169 2293 3198 tantum
2308 3162 2343 3198 &

1406 3223 1575 3257 quantum
1592 3229 1661 3251 non
1684 3218 1875 3262 importare
1902 3215 2138 3265 :equalitatem
2166 3215 2347 3260 quantita·

1407 3268 1453 3299 tis
1473 3291 1482 3305 ‚
1509 3264 1563 3298 sed
1580 3267 1844 3312 proportionis,
1873 3267 1942 3301 hoc
1955 3265 2027 3305 est,
2052 3265 2150 3310 quod
2178 3264 2242 3312 qui
2266 3264 2345 3310 plus

1409 3313 1442 3349 se
1456 3314 1652 3351 inordinate
1666 3314 1883 3361 glorificavit
1903 3343 1911 3356 ‚
1940 3327 2048 3362 quam
2064 3316 2181 3355 alius3
2209 3314 2265 3348 ille
2288 3312 2347 3359 ju-

1410 3376 1469 3399 xta
1483 3365 1625 3400 similem
1645 3367 1906 3413 proportionem
1925 3393 1934 3408 ‚
1960 3367 2039 3411 plus
2068 3367 2138 3400 alio
2165 3365 2345 3413 puniatur:

1411 3416 1513 3452 Sicut
1539 3416 1620 3451 licet
1646 3416 1831 3463 proemium
1860 3416 2008 3452 excedat
2046 3417 2210 3452 meritum
2237 3441 2246 3456 ‚
2283 3415 2349 3461 qui

1412 3468 1492 3511 plus
1507 3465 1577 3500 alio
1603 3467 1766 3501 meruerit
1786 3492 1795 3507 ,
1822 3465 2016 3502 secundum
2047 3478 2124 3502 eam
2147 3467 2349 3516 proportio-

1413 3528 1489 3552 nem
1507 3528 1576 3562 pra:
1592 3518 1659 3551 alio
1673 3517 1862 3562 premiatur
1876 3543 1883 3551 .

1517 3566 1571 3600 Ad
1583 3577 1749 3613 quartum
1769 3567 1963 3610 respondeo
1977 3595 1987 3609 ‚
2011 3569 2127 3603 Deum
2156 3578 2226 3602 non
2251 3566 2351 3601 oble-

1416 3616 1528 3659 Glari,
1557 3618 1589 3652 ἃ
1620 3616 1710 3662 pasci
1734 3619 1895 3651 cruciatu
1920 3618 2168 3653 damnatorum
2197 3644 2207 3658 ‚
2235 3617 2350 3663 quia„

1413 3667 1516 3712 pius,
1548 3667 1578 3702 8<
1601 3666 1796 3702 misericors
1813 3666 1888 3708 (ῆς
1912 3668 1997 3714 quia
2027 3680 2113 3703 vero
2138 3669 2266 3715 pariter
2288 3666 2345 3713 ju-

1416 3717 1487 3751 stus
1502 3717 1547 3752 est
1567 3743 1577 3757 ,
1606 3719 1648 3752 ab
1667 3718 1870 3763 iniquorum
1899 3719 2034 3754 ultione
2059 3730 2130 3753 non
2152 3718 2291 3753 {edatur
2312 3727 2349 3753 ut

1412 3769 1457 3802 nit
1475 3768 1678 3813 Gregorius
1693 3767 1878 3813 4.s)ialog.
1897 3769 1933 3803 ln
1952 3780 2077 3805 aterna
2095 3780 2180 3814 ergo
2192 3769 2348 3816 punitio-

2260 3830 2302 3852 ne

2413 226 2456 255 Ad
2490 226 2572 266 tulpae

2376 265 2502 293 mortalis
2523 275 2574 304 pu-
2627 262 2628 265 ’

2375 303 2512 332 uitionem
2527 313 2571 338 per

2375 341 2401 369 se
2424 351 2481 369 non
2517 341 2574 381 spe-

2374 379 2447 407 &are
2478 379 2512 408 ad
2540 390 2575 409 ι-

2374 418 2563 455 qualitatem-1

2373 456 2459 493 culpae
2473 457 2500 484 &
2513 466 2573 492 poe.

2375 503 2416 522 nae
2432 503 2441 527 ;
2455 492 2498 522 sed
2511 503 2574 522 tan-

2374 540 2573 599 ἒὲῗηξῗχᾝ

2368 607 2447 645 gull.
2492 608 2571 638 docet

2371 646 2501 675 Doc‘tot.

2417 1484 2575 1522 Explicatur

2374 1523 2511 1560 Scriptura
2527 1523 2576 1558 se—

2375 1562 2496 1589 cundum
2519 1570 2576 1586 nm-

2374 1599 2441 1626 dum
2484 1598 2577 1626 del-'cz

2385 1634 2480 1672 quoad
2536 1636 2578 1664 ini

2373 1675 2557 1705 tentionem-³

2373 1722 2431 1742 non
2509 1722 2575 1741 vero

2373 1750 2467 1790 quoad
2480 1759 2574 1779 exten-

2375 1791 2481 1820 sionem
2493 1808 2502 1820 ·

2375 2429 2466 2457 Poena
2477 2425 2513 2455 est
2522 2433 2576 2454 me.

2373 2467 2464 2496 dicina
2487 2465 2579 2493 Cura-
2602 2494 2605 2505 »

2375 2506 2434 2534 tiva
2446 2522 2456 2536 ‚
2471 2505 2497 2531 δι
2511 2503 2605 2542 Proe--f

2373 2543 2507 2573 servativa
2522 2559 2531 2569 .

2422 3612 2452 3637 4,
2465 3597 2527 3631 dist.
2541 3580 2587 3642 4ςῖ

2385 3648 2414 3685 q..
2426 3651 2455 3678 4.
2469 3642 2500 3670 iu
2512 3639 2586 3683 acuit]

2383 3685 2456 3708 11⁰³?
2468 3701 2476 3708 .
