2628 4026
168 970 247 1010 Qiid
262 968 353 996 nomi.

151 1022 185 1041 ne
195 1017 297 1043 peccati
312 1016 355 1034 m-

152 1046 334 1081 telligendum

151 1093 248 1118 veniat
264 1103 273 1112 .

165 1129 231 1163 Qua
244 1122 353 1150 ratione

152 1166 209 1194 haec
248 1159 354 1188 intelli-

152 1200 240 1238 genda
294 1198 354 1229 fint,

151 1236 218 1268 ‘vide
242 1235 355 1265 Mastrit'i

153 1277 354 1315 disput-4-me·

151 1316 229 1355 raph·
259 1324 285 1349 η·
308 1320 355 1346 ¹3·

152 1363 209 1384 art.
234 1363 262 1379 7..
284 1361 301 1378 a
324 1360 353 1377 na

157 1400 224 1430 ³23-
240 1388 354 1428 &seqq-

170 1825 360 1865 Afiuspofiti.

155 1879 203 1896 vu<
216 1865 360 1904 peccandi,

153 1917 209 1937 non
234 1905 269 1932 eli
303 1903 362 1931 for-

155 1946 263 1974 :naliter
295 1950 360 1981 pec-

155 1991 259 2014 eatum-

458 145 483 175 2
495 143 515 186 3
531 136 561 175 6

386 197 570 235 stimstione
587 194 741 242 alicujus
768 194 933 242 positivi,
956 207 1083 241 nempe
1107 207 1149 231 ex
1174 203 1326 228 conver·

389 251 479 285 stone
495 249 536 282 ad
553 248 620 282 boc
639 274 647 286 ‚
676 247 730 281 vel
747 246 833 281 iilud
851 247 983 281 bonum
1001 257 1158 281 creatum
1175 257 1185 283 ;
1213 244 1322 287 igitur

386 299 460 346 ipsa
478 298 661 333 conversio
677 297 719 330 ad
735 297 868 332 bonum
897 307 1055 332 creatum
1086 296 1119 330 in
1141 293 1321 330 communi

387 348 688 386 estconverlioad
714 358 898 393 peccatum
931 346 967 382 in
992 342 1174 382 communi
1203 367 1212 374 -
1235 343 1323 377 Haec

387 412 508 436 autem
522 398 710 434 essentialis
725 398 815 431 ratio
831 408 900 431 non
914 396 1125 444 exprimitur
1138 397 1173 430 in
1200 392 1324 440 praeal·

387 453 505 496 legata
523 449 657 496 peccati
672 446 914 483 notificatione
927 471 938 484 .

491 502 629 535 Contra
645 522 654 530 .
673 495 860 533 Anselmus
873 497 914 531 de
931 493 1011 530 casu
1029 495 1171 532 Diaboli
1189 504 1268 537 cap.
1286 490 1320 526 6.

388 551 562 591 Iniussstia
579 559 601 584 n
615 560 644 581 »n
659 547 706 593 est
718 545 820 584 aliud
833 573 846 586 ,
859 557 963 592 quam
982 545 1137 591 absentia
1155 542 1322 589 jusliriae,

387 604 452 640 uhi
465 596 639 644 debeteffe
655 621 663 631 .
677 598 717 632 Et
733 595 777 631 de
793 606 971 641 conceptu
1000 595 1177 640 Virginali
1204 600 1322 639 cap.5.

390 652 592 697 himbria,
619 647 734 693 inquit
754 672 764 686 ,
786 648 921 680 omnino
953 645 1048 680 nihil
1074 644 1121 691 est
1143 641 1232 688 sicut
1261 651 1322 675 coe-

390 695 490 740 (irak,
506 701 610 748 Qun
623 700 712 732 enim
723 695 823 729 aliud
846 694 900 738 ef!
923 696 1057 729 coecitas
1081 693 1145 737 nist
1169 689 1324 736 ulfi-ntia

390 751 556 799 vis'muhi
571 748 672 783 dehet
686 743 855 791 effequod
875 745 907 779 8(
927 745 1137 789 praedixerat
1168 741 1326 785 August.

390 797 496 851 super
523 798 608 837 illud
633 796 742 844 Joan.
766 793 978 841 1.Sineipfi2
993 793 1128 839 faffum
1154 792 1208 839 ξέἶ
1231 790 1333 839 nihil.

388 855 577 891 Peccatum
596 848 760 892 inquiens
777 871 789 891 ‚
820 843 912 878 nihil
926 843 973 891 est
985 869 992 878 .

490 899 727 948 Respondeo,
752 892 882 930 Afturi
907 894 950 929 de
975 895 1154 941 peccatis,
1179 905 1222 928 ne
1248 891 1334 928 dum

389 963 591 1003 opportune
610 973 618 987 ‚
641 958 766 982 verum
781 946 885 981 etiam
899 945 1093 981 necefl'ario
1116 945 1333 993 praemitten.

390 1003 473 1044 ἅψῃ
489 1003 535 1039 est
548 997 634 1045 quid
649 998 794 1032 nomine
808 997 943 1043 peccati
956 995 1153 1040 significare
1169 993 1332 1030 intenda-

389 1071 473 1099 tur,
501 1049 646 1099 quodve
659 1045 951 1084 einomiuisubfit
978 1044 1215 1092 fignificatum
1239 1056 1327 1092 quo,

390 1105 504 1146 veluti
519 1100 778 1149 praecognitum
798 1098 831 1131 in
859 1095 1094 1145 sequentibus
1115 1097 1328 1144 disputatio-

391 1162 495 1199 nibus
512 1154 545 1188 &
561 1151 762 1198 accipiatur
780 1175 789 1190 ‚
815 1148 846 1182 8<
865 1147 1042 1193 habeatur
1059 1174 1071 1190 ,
1094 1149 1126 1184 δ’(
1157 1158 1227 1193 una
1249 1150 1327 1184 Au-

390 1206 522 1259 gustini
538 1201 707 1250 praetafiiae
738 1198 967 1235 diffinitiones
991 1199 1213 1235 declarentur
1228 1222 1237 1232 .
1258 1198 1327 1231 lta-

392 1273 462 1310 que
479 1252 578 1304 quod
591 1252 734 1288 nomine
744 1251 880 1297 peccati
892 1250 1120 1297 intelligenda
1135 1249 1173 1284 iit
1200 1248 1330 1283 forma.

391 1316 471 1351 liter
484 1303 639 1351 privatio
655 1302 763 1343 boni,
784 1301 1013 1347 praeallegattae
1040 1300 1269 1335 aut‘ioritates
1282 1299 1325 1334 ad

391 1357 573 1411 oppositum
591 1353 714 1388 dicunt
729 1375 741 1393 ,
765 1353 798 1386 Sc
831 1350 950 1387 rursus
967 1351 1102 1386 ratione
1117 1350 1328 1385 declaratur:

392 1409 526 1449 'etenim
545 1413 651 1449 agens
679 1402 826 1437 inferius
866 1408 1008 1447 tenetur
1024 1402 1058 1436 in
1082 1399 1222 1445 agendo
1245 1411 1330 1433 con-

393 1457 536 1500 formari
558 1455 588 1489 se
608 1452 724 1500 agenti
747 1451 958 1497 Superiori;
987 1450 1161 1486 stenimin
1175 1449 1331 1496 potesta-

389 1526 424 1550 te
436 1508 542 1556 ipsius
559 1505 597 1540 stt
613 1530 621 1545 ,
636 1503 668 1538 se
683 1501 906 1548 conformare
928 1501 974 1535 illi
989 1527 998 1542 ‚
1015 1500 1196 1546 discedens
1209 1502 1254 1534 ab
1280 1511 1333 1535 re·

392 1576 440 1611 gu
452 1562 478 1596 la
493 1555 552 1592 fibi
569 1551 777 1599 praeostensa
793 1577 803 1592 ,
824 1561 946 1598 peccat
961 1574 970 1596 ·.
987 1552 1041 1591 Ac
1063 1561 1231 1596 praeterea
1267 1550 1336 1586 ser-

392 1620 531 1650 monem
551 1602 712 1640 faciendo
727 1601 769 1636 de
787 1611 935 1646 peccato
950 1625 962 1640 ,
996 1600 1056 1635 seu
1069 1611 1193 1636 contra
1224 1601 1335 1648 legem

392 1661 577 1698 divinam,
605 1652 663 1687 seu
687 1651 880 1685 humanam
898 1673 910 1690 ‚
942 1649 1074 1696 aliquis
1097 1662 1242 1697 peccare
1287 1652 1338 1686 in-

392 1707 568 1752 telligitur
586 1727 599 1746 ‚
624 1704 658 1739 8<
676 1700 860 1736 committi
876 1710 1061 1745 peccatum
1079 1727 1090 1743 ,
1116 1702 1201 1747 quia
1213 1712 1339 1748 potens

395 1757 633 1798 consentanee
662 1762 767 1798 agere
794 1751 867 1796 legi
889 1749 1079 1797 superioris
1102 1754 1240 1797 agentis
1255 1779 1265 1794 ,
1289 1764 1344 1788 re-

395 1807 570 1858 gulasque
584 1801 734 1839 subinde
761 1801 889 1848 agendi
918 1800 1170 1847 prescribentis
1186 1829 1196 1844 ‚
1218 1803 1345 1838 maluit

394 1858 594 1898 discordare
607 1855 652 1890 ab
675 1850 769 1887 iilius
795 1851 970 1888 mandatis
996 1876 1006 1886 .
1035 1852 1068 1887 Is
1093 1853 1205 1896 igitur
1230 1852 1346 1895 astus,

397 1912 459 1960 qui
475 1907 523 1953 est
538 1907 574 1941 in
588 1902 760 1952 potestate
771 1903 909 1949 agentis
923 1899 1207 1943 discordantis&
1225 1903 1344 1951 proin·

397 1965 442 1999 de
454 1956 683 1994 voluntarius
701 1980 712 1996 ,
735 1953 802 1989 effe
819 1964 889 1990 non
906 1951 1021 2000 potest
1036 1952 1236 1990 formaliter
1262 1965 1344 2001 pec-

399 2021 521 2049 catum
534 2035 546 2051 ‚
569 2007 655 2054 quia
673 2004 695 2040 st
711 2003 800 2040 foret
820 2013 971 2040 concors
985 2005 1116 2049 regulae
1134 1999 1338 2053 superioris,

401 2075 439 2099 ut
455 2059 520 2096 esse
532 2057 652 2107 potuit
670 2083 679 2098 ‚
701 2053 797 2090 haud
811 2053 893 2091 essct
921 2065 1139 2101 peccatum3
1167 2066 1254 2102 ergo
1275 2053 1339 2090 tali

398 2115 433 2149 in
449 2111 530 2146 netu
543 2109 633 2144 ratio
646 2104 791 2153 praecisa
808 2105 945 2153 peccati
956 2103 1005 2140 est
1018 2105 1176 2152 privatio
1187 2116 1340 2152 eoncor-v

398 2164 464 2198 dim
481 2172 562 2196 cuni
578 2168 704 2205 agente
720 2154 901 2203 superiore
920 2169 931 2196 3
957 2168 1036 2203 quae
1050 2157 1205 2203 privatio
1220 2156 1342 2192 defor-

398 2208 564 2250 mitasest
583 2235 593 2251 ,
620 2208 653 2243 8<
674 2206 872 2253 obliquitas
900 2218 1104 2255 repugnans
1134 2206 1339 2243 refiiitudini

399 2267 435 2301 in
451 2262 532 2298 astu
547 2257 742 2295 excludens
767 2256 914 2304 subinde
942 2257 1141 2293 formaliter
1157 2284 1168 2300 ‚
1193 2269 1234 2293 ac
1260 2268 1342 2305 core

398 2321 569 2360 rumpens
584 2308 829 2345 rectitudinem
845 2309 879 2351 in
891 2307 971 2343 astu
990 2307 1150 2344 secundo
1177 2334 1187 2345 .
1216 2310 1263 2345 At
1278 2320 1343 2344 no-

401 2367 496 2402 rnine
520 2360 753 2407 corruptionis
776 2358 871 2393 baud
908 2357 1099 2404 significare
1126 2358 1347 2394 intendimus

400 2414 638 2451 mutationem
652 2408 695 2443 de
707 2407 770 2456 effe
787 2408 827 2444 ad
843 2421 913 2454 non
930 2405 996 2454 effe
1013 2422 1024 2450 3
1050 2420 1131 2444 cum
1157 2420 1345 2456 peccatum

401 2475 545 2502 manere
570 2469 676 2508 queat
701 2459 775 2506 post
803 2461 907 2495 talem
934 2459 1170 2495 mutationem
1197 2458 1346 2504 justitiae

401 2517 446 2551 ab
459 2513 524 2560 effe
540 2540 547 2552 ,
563 2513 598 2546 in
616 2520 686 2557 non
698 2506 762 2556 effe
776 2524 786 2546 a
800 2508 856 2546 sed
870 2510 1097 2556 intelligenda
1112 2509 1159 2546 est
1175 2508 1348 2556 corruptio

400 2562 602 2602 formaliter
626 2587 637 2603 ,
675 2560 983 2607 quemadmodum
1019 2561 1178 2608 privatio
1213 2560 1350 2608 dicitur

402 2612 599 2651 formaliter
610 2611 804 2659 corruptio
820 2609 871 2647 sui
899 2610 1070 2652 habitus3
1093 2622 1202 2658 atque
1226 2622 1262 2645 ea
1290 2622 1347 2656 ra·

404 2667 502 2701 tione
515 2672 703 2707 peccatum
716 2659 764 2697 est
778 2660 977 2697 formaliter
995 2662 1183 2709 corruptio
1203 2661 1348 2707 reffltu-

406 2716 494 2752 dinis
510 2714 543 2748 in
559 2711 640 2746 aau
671 2711 855 2753 secundo;
881 2710 994 2759 ipsum
1019 2713 1111 2748 enim
1142 2710 1348 2757 reffitudini

404 2764 630 2812 opponitur,
656 2772 694 2796 ut
726 2763 880 2807 privatio
909 2761 1080 2810 habitui3
1111 2763 1146 2798 &
1175 2773 1244 2798 non
1269 2762 1351 2810 qui-

407 2817 486 2852 dem
516 2811 723 2848 refiitudini
740 2825 842 2859 ‚quae
859 2812 945 2848 inest
965 2840 976 2855 ,
1005 2813 1164 2860 alioquin
1187 2811 1349 2858 opposita

408 2864 509 2903 simul
523 2862 666 2898 inessent
686 2876 697 2899 ι
724 2875 788 2899 nec
802 2864 832 2897 ei
850 2859 862 2902 ,’
890 2875 972 2911 qua:
988 2865 1087 2909 prius
1102 2862 1199 2898 aGtui
1226 2863 1350 2904 infuit;

402 2916 493 2965 quia
504 2911 606 2950 afius
623 2925 694 2950 non
710 2925 829 2952 manet
842 2911 885 2950 fic
901 2940 913 2957 ,
929 2925 970 2952 ut
982 2925 1098 2963 capax
1112 2914 1151 2951 fit
1163 2914 1352 2952 alteratio-

1074 126 1252 173 Summae
1280 122 1457 171 Ioannis
1496 127 1625 174 Dum
1655 126 1769 172 Scoti

1397 195 1449 229 nis
1468 196 1513 229 ab
1530 196 1696 241 opposito
1713 198 1747 229 in
1761 195 1965 242 oppofitum
1985 207 1997 235 3
2025 195 2072 231 est
2091 194 2196 240 igitur
2209 206 2246 230 ea
2267 195 2339 241 pri-

1395 245 1495 279 vatio
1523 247 1556 281 8(
1583 247 1778 291 obliquitas
1808 248 1969 293 oppofita
1998 243 2204 282 reattudini
2222 271 2231 285 ‚
2254 256 2335 291 quae

1395 293 1538 331 deberet
1557 295 1791 332 aftuiiness'e:
1807 296 1898 332 hanc
1923 297 2059 345 quippe
2083 295 2333 330 refflmdinem

1396 343 1453 380 seu
1470 344 1645 392 justitiam
1676 348 1870 394 obliquitas
1890 350 1950 384 illa
1982 346 2181 382 formaliter
2209 345 2335 379 exclu-

1393 395 1469 431 dit.
1484 400 1578 434 Nam
1599 398 1768 433 libertate*
1782 399 1927 444 praedita
1952 398 2144 439 voluntas,
2175 395 2334 429 debitrix

1392 446 1441 481 est
1454 447 1746 483 eliciendiaffiun
1763 460 1900 485 omnem
1929 447 2034 494 juxta
2058 446 2248 482 dietamina
2280 457 2334 480 re-

1394 499 1485 542 gulae
1500 499 1725 543 Superioris,
1748 508 1826 545 quae
1853 499 2042 534 difflarnina
2070 496 2149 532 sunt
2181 495 2334 530 divina,

1395 547 1586 587 mandata3
1614 549 1882 594 quotiesigitur
1905 550 1940 583 in
1968 547 2109 594 agendo
2135 559 2153 581 a
2182 545 2334 593 regula-a

1395 597 1453 633 illa
1467 595 1647 631 discordat
1666 624 1676 639 ,
1697 599 1745 635 est
1763 599 1797 634 in
1809 600 1871 634 tali
1895 597 1976 633 aista
1997 600 2157 644 carentia
2186 595 2337 632 aetuans

1394 646 1536 695 justitia:
1552 673 1563 688 ,
1588 659 1697 693 quam
1713 649 1883 685 exhibere
1897 649 2026 692 debet;
2052 647 2222 683 Carentia
2247 645 2338 686 haec,

1394 708 1575 745 quatenus
1590 697 1696 745 afficit
1711 697 1832 735 afium
1849 700 2048 745 voluntatis
2062 696 2274 738 deficientis,
2291 694 2342 730 est

1405 747 1598 785 formaliter
1614 760 1800 796 peccatum
1817 750 1954 786 aauale
1967 776 1977 785 .
2003 753 2098 800 Qae
2121 747 2239 784 omnia
2267 748 2344 795 ple-

1405 800 1484 836 nius
1502 799 2059 846 explicabunturinsequentibus
2083 825 2093 835 .

1510 848 1566 885 Ad
1584 851 1806 894 Argumenta
1823 878 1831 886 .
1847 851 1903 887 Ad
1917 854 2067 898 primum
2083 847 2279 895 respondeo
2295 847 2346 885 To

1405 899 1536 945 diflum
1551 926 1561 941 ,
1579 899 1737 945 sosium,
1761 903 2001 949 concupitum,
2024 898 2237 941 intellexisse
2263 899 2345 934 Au·

1406 951 1586 996 gustinum
1605 952 1640 986 in
1656 950 1755 990 sensu
1775 953 1975 995 materiali3
1997 951 2054 988 sed
2069 949 2200 995 difffum
2215 950 2345 996 velfa-

1405 1001 1495 1037 fi‘um
1509 1027 1521 1043 ‚
1547 1013 1587 1037 ut
1599 1005 1780 1040 materiale
1795 1014 1970 1039 rem0tum
1987 1029 1999 1045 ‚
2027 1003 2244 1047 concupitum
2256 1012 2345 1037 vero

1410 1051 1590 1098 materiale
1604 1055 1834 1099 proximum:
1866 1052 1985 1089 aetum
2019 1051 2190 1099 siquidem
2213 1054 2345 1088 volun-

1399 1102 1484 1144 tatis
1512 1103 1663 1148 primum
1700 1105 1805 1141 afficit
1839 1105 1993 1140 carentia
2029 1101 2177 1149 justitiae
2215 1102 2345 1137 debitae

1398 1151 1601 1199 fibiisseff82
1623 1154 1723 1192 abhis
1753 1167 1839 1192 vero
1873 1156 2065 1202 imperatos
2092 1162 2164 1187 non
2195 1153 2256 1189 nist
2274 1164 2347 1189 me-

1397 1202 1518 1239 diante
1532 1202 1610 1238 aEiu
1625 1206 1837 1253 imperante.
1856 1206 1968 1251 Quod
1990 1205 2085 1240 addit
2110 1213 2347 1240 contraaeter-

1397 1265 1478 1300 nam
1491 1254 1597 1301 legem
1626 1282 1637 1296 ‚
1664 1252 1868 1303 explicatur
1887 1255 1920 1290 id
1939 1282 1950 1297 ,
1967 1253 2125 1302 quodest
2152 1252 2346 1291 formalein

1401 1316 1552 1352 peccato
1576 1331 1583 1336 -
1617 1305 1673 1341 Ad
1704 1309 1805 1353 aliam
1831 1308 2078 1350 probationem
2118 1303 2160 1340 de
2197 1316 2350 1352 peccato

1402 1354 1595 1390 omiffionis
1612 1357 1765 1393 dicimus
1781 1384 1789 1396 ‚
1819 1356 1851 1391 id
1871 1368 1993 1399 revera
2007 1355 2152 1401 evenire
2182 1355 2278 1402 pofl‘e
2298 1357 2351 1390 ci-

1404 1417 1457 1441 tra
1471 1417 1611 1440 omnem
1626 1406 1766 1449 rustum,
1795 1405 1851 1442 scd
1868 1416 1982 1442 tamen
2000 1405 2111 1448 videri
2131 1405 2164 1449 8(
2192 1406 2350 1453 imputa.

1405 1458 1432 1491 ri
1460 1456 1719 1492 ommittentem
1747 1455 1860 1492 facere
1883 1456 1985 1501 quod
2010 1463 2153 1490 tenetur
2175 1467 2187 1494 ;
2227 1457 2351 1499 vene„

1404 1507 1570 1542 omittere
1585 1532 1595 1547 ‚
1617 1507 1649 1541 8(
1665 1506 1816 1542 deficere
1829 1506 1873 1541 ab
1885 1517 1927 1540 eo
1944 1504 2064 1552 ,quod
2081 1503 2227 1540 deberet
2241 1530 2252 1540 .
2279 1531 2283 1536 ‚

1508 1555 1565 1600 Ad
1593 1554 1789 1602 secudum,
1816 1568 1896 1591 cum
1924 1554 2054 1590 die-ivm·
2069 1562 2278 1600 peccatum,
2305 1555 2354 1601 est

1409 1607 1573 1643 voluntas
1584 1605 1660 1653 &Q
1673 1606 1769 1654 idem
1788 1607 1836 1643 est
1849 1618 1889 1640 ac
1903 1605 1923 1641 fi
1943 1606 2122 1640 diceretur
2135 1629 2147 1645 ‚
2168 1612 2354 1652 peccatum

1410 1655 1459 1705 est
1475 1656 1567 1694 velle
1577 1660 1733 1703 vetitum
1745 1657 1876 1693 adeout
1891 1655 1962 1703 ipsa
1976 1656 2146 1694 voluntas
2165 1655 2203 1691 fit
2220 1657 2270 1691 ibi
2283 1668 2351 1692 ma,
2404 1669 2405 1673 =

1413 1709 1547 1746 terialis
1565 1735 1574 1749 ,
1600 1710 1750 1744 vetitum
1779 1717 1899 1742 autem
1925 1707 1982 1742 vel
2017 1705 2239 1752 prohibitum
2278 1705 2353 1741 for·

1416 1760 1517 1796 malis
1533 1760 1624 1796 ratio
1636 1759 1774 1806 peccati
1790 1771 1801 1798 3
1828 1757 2000 1801 fignificat
2016 1755 2109 1789 enim
2138 1754 2354 1791 discordiam

1418 1823 1436 1845 a
1450 1811 1572 1853 regula
1585 1808 1791 1853 Superiori.
1806 1807 1881 1843 Cui
1907 1804 2080 1849 consonat
2102 1805 2199 1851 quod
2226 1805 2354 1842 idem..-

1419 1861 1535 1897 scribir
1559 1869 1614 1894 12.
1630 1860 1674 1896 de
1701 1859 1817 1895 Civit.
1839 1868 1918 1896 cap.
1936 1859 1969 1893 8.
2000 1853 2041 1891 In
2055 1866 2091 1889 eo
2108 1858 2121 1898 ,'
2140 1855 2262 1892 d³cens
2279 1883 2289 1897 ‚
2305 1854 2356 1898 fit

1416 1910 1511 1948 mala
1524 1910 1686 1947 voluntas·
1698 1936 1707 1949 ‚
1729 1905 1967 1955 quodfinoller
1983 1903 2161 1948 nonfieret
2176 1905 2268 1942 mala
2279 1930 2292 1948 ‚
2307 1906 2354 1953 ὠ·

1414 1961 1491 1998 ideo
1505 1973 1566 1999 non
1584 1959 1782 2006 neceffarios
1794 1985 1805 2001 ‚
1819 1954 1886 2004 βό
1899 1955 2116 1993 voluntarios
2133 1955 2354 2004 defefflusjzt-

1408 2010 1469 2059 sta
1483 2011 1706 2059 consequitur
1714 2014 1810 2054 poena
1825 2034 1835 2050 ,
1860 2008 1981 2054 deficit
1995 2009 2085 2042 enim
2099 2018 2164 2043 non
2191 2007 2240 2042 ad
2262 2006 2355 2042 mala

1403 2062 1472 2110 fid
1481 2063 1569 2099 male
1585 2089 1596 2104 ‚
1623 2058 1720 2097 ides?
1733 2070 1796 2093 non
1810 2057 1858 2093 ad
1874 2059 1977 2096 malas
1992 2065 2139 2093 naturas
2157 2071 2169 2098 3
2179 2056 2248 2103 fid
2261 2059 2356 2099 ideo,

1412 2114 1499 2163 quia
1510 2121 1630 2149 contra
1643 2109 1800 2146 ordinem
1812 2120 2024 2146 naturarum
2046 2109 2088 2143 ab
2101 2121 2137 2143 eo
2147 2134 2158 2149 ,
2170 2107 2356 2154 quodsum

1412 2176 1467 2201 me
1478 2161 1526 2209 el?
1541 2163 1610 2203 ,ad
1623 2159 1718 2196 illud
1735 2186 1743 2199 ‚
1758 2158 1973 2206 quodminus
1989 2155 2036 2202 est
2049 2183 2059 2193 .
2071 2159 2180 2206 Qst
2207 2159 2358 2200 diceret,

1416 2214 1477 2250 iste
1489 2213 1588 2249 atius
1604 2211 1776 2258 pofirivus
1794 2211 1939 2247 volendi
1957 2219 2156 2244 creaturam
2175 2235 2183 2248 ,
2214 2222 2283 2244 non
2299 2208 2350 2245 est

1416 2264 1610 2307 formaliter
1629 2271 1817 2306 peccatum
1836 2288 1844 2302 ‚
1865 2260 1920 2296 sed
1941 2259 2096 2294 carentia
2124 2260 2235 2294 debiti
2259 2259 2357 2301 ordi·

1419 2315 1474 2349 nis
1491 2315 1525 2348 in
1545 2311 1624 2348 aftu
1644 2313 1707 2348 illo
1723 2337 1733 2353 ‚
1754 2322 1829 2358 quo
1841 2311 1922 2347 aflu
1935 2320 2094 2353 creatura
2112 2309 2218 2351 debet
2246 2309 2358 2345 amari

1420 2374 1564 2410 propter
1579 2363 1754 2398 summum
1770 2363 1902 2398 bonum
1918 2375 1929 2403 ;
1954 2374 1971 2395 a
1984 2371 2058 2406 quo
2073 2360 2198 2401 ordine
2226 2362 2355 2407 utique

1418 2413 1719 2449 deficitvoluntas
1748 2411 1933 2453 quiescens
1963 2413 1997 2446 in
2028 2412 2122 2445 bono
2139 2422 2260 2447 creato
2275 2438 2284 2452 ‚
2300 2422 2358 2446 at-

1418 2466 1530 2511 queis
1549 2463 1707 2499 defeetus
1728 2461 1776 2498 est
1802 2461 1997 2498 formaliter
2023 2472 2207 2506 peccatum
2240 2487 2250 2496 .
2274 2464 2357 2499 Nec

1419 2514 1517 2561 aliud
1532 2514 1700 2558 intelligit
1717 2525 1728 2553 ;
1759 2511 1912 2548 {imiliter
1929 2511 2180 2558 intelligendus
2197 2511 2246 2547 est
2265 2512 2358 2548 Am·

1419 2564 1556 2607 brosius
1571 2590 1580 2605 ,
1609 2575 1689 2598 cum
1706 2574 1784 2608 cap.
1800 2563 1833 2599 8.
1847 2563 1889 2597 de
1907 2561 2073 2607 Paradifi)
2089 2561 2207 2598 scribit
2226 2575 2237 2603 3
2253 2562 2359 2614 Qd

1420 2614 1474 2650 eff
1490 2618 1582 2649 enim
1593 2621 1773 2659 peccatum
1788 2641 1798 2655 ‚
1824 2612 1888 2658 nist
1910 2615 2158 2659 praevaricatio
2187 2612 2275 2659 legis
2300 2614 2358 2650 di-

1422 2664 1514 2700 vinae
1531 2691 1540 2702 ,
1562 2660 1806 2711 &caeleflium
1818 2663 2053 2699 inobedientia
2079 2672 2355 2712 sraeceptorum.

1522 2714 1580 2750 Ad
1605 2718 1752 2750 tertium
1777 2714 1931 2749 dicimus
1956 2741 1966 2757 ,
2000 2725 2144 2763 peccata
2186 2714 2359 2758 distingui

1421 2764 1532 2801 instar
1547 2766 1788 2809 privationum
1807 2778 1817 2806 ς
1842 2763 1904 2800 has
1927 2777 2044 2802 autem
2071 2765 2205 2801 constat
2231 2764 2357 2799 distin-

1421 2817 1484 2860 gui
1501 2827 1563 2861 pro
1575 2815 1803 2851 distinffiione
1818 2815 2012 2852 formarum
2026 2843 2035 2857 ,
2048 2826 2139 2862 quas·
2154 2814 2357 2850 excludunt

1422 2878 1439 2899 a
1456 2863 1625 2910 subjeffls
1639 2892 1650 2906 ,
1673 2866 1770 2909 quod
1787 2866 1892 2903 latius
1903 2866 2144 2906 declarabitur
2167 2864 2357 2915 quaeflione

1425 2916 1469 2959 ὃν
1485 2916 1636 2954 articulo
1640 2914 1805 2965 sequenti
1814 2941 1825 2956 .

2174 3794 2328 3847 (ἐ
