2628 4026
194 309 256 359 (a)

366 240 474 274 quim
497 225 691 273 promeruit
716 235 815 269 poena
838 236 850 264 ς
879 224 951 257 imo
979 220 1134 266 superest
1165 222 1197 252 in
1214 230 1302 262 prze-

367 282 453 318 senti
467 281 520 318 vel
536 277 660 313 futuro
673 273 800 310 saecuio
814 271 1054 318 persolvenda:
1069 271 1151 304 hinc
1163 269 1302 313 ordina,

369 332 504 367 tiohaec
519 329 561 363 ad
578 337 714 373 poenam
730 352 740 366 ,
766 325 821 366 vel
838 334 955 358 reatus
969 321 1035 357 esse
1050 320 1161 367 potest
1185 320 1219 353 in
1238 321 1301 356 ho,

370 382 463 420 mine
475 381 543 416 sine
555 379 672 423 culpa,
688 386 728 409 ac
745 374 890 419 proinde
903 384 942 407 ut
954 371 1002 406 est
1016 374 1059 406 ab
1075 369 1214 416 peccati
1229 381 1301 414 ma-

369 435 448 468 cula
462 428 677 471 emundatur
694 452 702 460 .
718 428 841 471 Quare
854 426 988 459 macula
1007 422 1080 456 haec
1105 420 1300 456 formaliter

369 482 467 524 aliud
486 478 551 514 effe
564 490 632 514 non
650 475 761 523 potest
779 485 884 519 quam
897 471 998 508 astus
1011 471 1192 518 peccandi,
1209 471 1300 518 phy—

371 533 438 568 sice
449 528 592 578 quidem
615 525 842 573 praereritus,
865 523 921 558 sed
949 524 1128 558 moraliter
1156 533 1302 558 manens

369 596 430 631 per
442 580 639 627 respecium
667 579 708 610 ad
732 578 840 620 legem
869 574 1066 620 piinitivam
1083 597 1095 618 ‚
1118 572 1151 607 ἃ
1183 575 1301 609 Deum

371 631 664 673 offensumatque
691 627 818 659 iratum
845 624 1043 670 peccatori,
1066 621 1301 668 quoadusque

370 684 438 729 legi
458 674 739 716 satisfecerit‚seu
757 672 999 713 retractaverit
1017 671 1304 713 aflummuniene

374 734 421 771 do
433 733 529 766 illum
541 725 645 771 juxta
659 723 899 770 praescriptum
912 721 1040 755 divinae
1054 720 1206 764 legis.Vt
1218 733 1305 766 ergo

373 784 401 818 is
415 781 514 816 aetus
529 776 576 812 est
591 785 724 810 naturae
747 771 908 809 rationali
937 770 1205 805 disconveniens
1217 797 1229 813 ‚
1256 771 1306 807 est

371 828 508 869 macula
521 825 597 870 ejus
613 851 623 866 ‚
651 825 683 859 8<
699 821 953 868 tandiuinipsa
980 830 1122 868 manet,
1145 820 1308 865 quandiu

373 882 438 918 stat
455 877 552 914 aetus
566 873 789 911 moraliter-in
804 869 873 917 ipsa
888 869 1072 919 perfistens
1090 896 1099 906 .
1114 871 1307 913 Quatenus

374 941 462 967 vero
479 937 540 972 per
570 925 743 964 maculam
765 922 947 967 obligatur
962 946 974 963 ,
1002 921 1036 958 8:
1065 920 1249 966 ordinatur
1264 922 1306 956 ad

373 978 585 1023 condignam
600 986 734 1021 poenam
749 1000 758 1014 ‚
789 971 838 1009 est
850 971 955 1019 ipsius
966 980 1088 1008 reatus
1101 998 1110 1009 .
1141 972 1190 1008 At
1204 983 1242 1006 ut
1259 972 1308 1007 est

373 1029 474 1065 aetus
491 1027 682 1060 voluntatis
696 1024 822 1059 divinae
835 1049 845 1064 ‚
872 1022 906 1058 in
919 1034 989 1068 qua
1005 1021 1053 1057 est
1066 1032 1141 1057 tota
1159 1022 1216 1057 illa
1234 1033 1310 1057 rea·

374 1081 534 1122 litas,per
544 1088 649 1121 quem
661 1075 779 1111 aetum
792 1073 980 1110 ordinatur
990 1074 1032 1108 ad
1043 1073 1144 1108 talem
1160 1084 1310 1117 poenam,

372 1130 504 1167 dicitur
521 1127 593 1162 Dei
607 1123 757 1171 offensq3
787 1124 819 1159 8<
838 1135 959 1158 revera
973 1124 1018 1158 nil
1033 1122 1130 1158 aliud
1144 1122 1189 1157 est
1205 1122 1309 1169 offen-

373 1181 437 1222 di,
461 1177 518 1213 vel
538 1175 693 1221 irafiffin
712 1176 783 1212 Deo
799 1200 809 1215 ,
835 1185 944 1221 quam
975 1173 1066 1208 velle
1097 1173 1309 1209 vindicare.»

371 1242 473 1281 poena
500 1239 562 1273 per
577 1228 688 1272 legem
707 1222 836 1262 statuta
863 1249 873 1258 .
901 1225 943 1260 Et
956 1224 1122 1270 quamvis
1141 1225 1239 1259 Deus
1251 1236 1311 1269 pei·

372 1279 618 1323 metaphoram
635 1276 773 1313 dicatur
785 1275 903 1308 iratus
915 1300 925 1315 ,
941 1275 995 1308 vel
1008 1273 1151 1319 offensus
1164 1299 1172 1312 ,
1189 1285 1309 1315 tamen

373 1327 580 1378 accipiendo
593 1327 761 1362 rationem
775 1324 882 1369 irasci
901 1335 965 1370 pro
994 1322 1086 1358 velle
1109 1323 1308 1365 vindicare,

373 1381 517 1419 exclusa
533 1376 684 1423 passione
700 1376 961 1411 concomitante
973 1371 1065 1408 istud
1083 1371 1173 1407 velle
1187 1400 1196 1413 ,
1213 1373 1314 1410 Deus

372 1430 568 1471 formaliter
584 1427 632 1462 est
651 1426 761 1461 iratus
778 1451 788 1466 ‚
814 1427 867 1461 vel
881 1421 1062 1464 offensus3
1086 1425 1170 1469 quia
1186 1424 1314 1459 forma.¹

371 1485 454 1520 liter
469 1479 517 1515 est
535 1479 656 1512 volens
672 1475 852 1511 vindicare
881 1484 1067 1521 peccatum
1095 1474 1313 1511 commissum

375 1542 500 1567 contra
514 1530 626 1575 legem
643 1527 753 1563 suam.
765 1524 875 1561 Ᾱξῑυε
885 1536 970 1568 ergo
988 1523 1059 1570 ipse
1074 1525 1210 1568 peccati
1223 1526 1315 1574 phy.

374 1584 440 1619 fiee
456 1580 656 1625 praeteriens
671 1604 680 1613 ,
696 1575 751 1610 sed
770 1585 912 1610 manens
927 1575 1105 1608 moraliter
1119 1585 1179 1617 per
1200 1575 1318 1621 respo-

375 1634 472 1668 &um
490 1629 532 1663 ad
549 1631 660 1674 legem
674 1624 908 1668 divinam,est
925 1637 942 1658 a
957 1636 1032 1669 quo
1044 1623 1153 1658 homo
1167 1625 1317 1662 aftiizili-

373 1695 427 1726 ter
439 1679 487 1715 est
504 1707 513 1719 ,
532 1680 565 1715 3<
582 1678 714 1714 dicitur
728 1687 895 1723 peccator
908 1699 917 1708 .
935 1675 965 1709 ls
978 1684 1148 1709 connotat
1174 1677 1319 1720 quidem

372 1732 492 1781 gratiae
508 1729 796 1776 privationem&
814 1726 973 1762 debitum
993 1737 1101 1770 poeriae
1115 1726 1224 1760 veluti
1239 1726 1321 1763 effe-

372 1783 452 1818 &us
466 1780 507 1815 de
524 1790 671 1828 peccato
684 1779 932 1823 provenientes
943 1798 955 1815 ,
979 1776 1083 1819 eique
1109 1774 1320 1822 correspon-

371 1833 497 1868 dentes
513 1856 522 1870 ,
551 1828 608 1864 sed
625 1830 670 1862 ab
685 1828 737 1863 bis
752 1839 822 1861 non
834 1825 1082 1860 denominatur
1094 1824 1176 1869 quis
1192 1837 1320 1869 pecca-

371 1895 429 1923 tor
441 1908 452 1922 ,
479 1879 536 1916 sed
553 1881 596 1916 ab
611 1878 693 1914 aaa
706 1877 885 1913 moraliter
897 1885 1060 1910 manente
1077 1899 1088 1915 ‚
1114 1885 1153 1908 ut
1183 1875 1317 1925 dietim}

372 1932 423 1969 est
441 1956 452 1968 .
862 1928 865 1929 ’

409 2041 455 2076 (a)
494 2037 579 2066 Aous
590 2033 716 2071 peccandi
731 2032 830 2072 piiisiee
844 2032 990 2069 preteriens
1002 2051 1012 2066 ,
1032 2030 1076 2065 sed
1091 2032 1236 2062 moraliter
1251 2043 1313 2064 ma„

379 2086 446 2106 nens
455 2077 562 2104 macula
574 2075 671 2102 anime
683 2073 720 2102 est
732 2072 876 2101 ordinatur
886 2080 951 2100 vero
959 2071 994 2100 ad
1007 2069 1175 2111 condignam
1186 2082 1313 2111 pennam,

373 2114 483 2152 ejusque
498 2114 535 2140 est
550 2121 639 2139 reatus
654 2131 662 2139 .
1311 2113 1313 2115 ’

449 2152 541 2185 Cajer.
557 2151 581 2177 in
597 2152 696 2184 Coum.
709 2147 800 2184 scribit
811 2165 822 2181 ‚
845 2147 957 2176 Scotum
971 2145 1104 2175 inerudite
1119 2149 1315 2183 procedat),

374 2191 440 2220 dum
453 2188 596 2218 confundit
608 2187 663 2217 haec
676 2187 727 2215 tria
739 2204 749 2219 ,
765 2185 867 2220 scilicet
885 2205 894 2217 ‚
916 2193 1060 2222 peccatum
1085 2185 1250 2223 dignitatem
1276 2188 1310 2216 :id

375 2237 501 2267 panarii,
518 2230 546 2255 &
563 2226 770 2254 ordinationem
785 2223 818 2251 ad
832 2232 965 2260 poenam3
981 2224 1008 2250 ὅ(
1023 2232 1052 2250 ut
1067 2222 1119 2250 hoc
1131 2223 1262 2252 ultimum
1273 2225 1312 2252 est

375 2264 450 2296 aetus
466 2264 650 2294 ordinationis
666 2263 740 2296 Dei,
765 2263 802 2291 ita
815 2261 871 2290 duo
885 2262 980 2299 priora
993 2260 1019 2289 ie
1031 2269 1130 2289 tenere
1150 2272 1187 2291 ex
1201 2271 1310 2300 part-„u

377 2305 529 2344 peccatoris
545 2322 554 2331 .
799 2308 802 2310 ’
844 2307 850 2343 J
963 2338 967 2341 ι
995 2337 1000 2342 .

453 2344 515 2371 Νος
526 2342 642 2371 dicimus
654 2338 808 2367 Doaorem
821 2335 919 2365 diserte
940 2335 1103 2374 distinguere
1129 2335 1182 2365 baec
1208 2337 1314 2374 peccati

378 2372 516 2409 maculam
529 2390 543 2407 a
556 2388 633 2408 reatu
646 2395 657 2411 ‚
682 2377 734 2405 five
745 2376 851 2408 dicatur
864 2375 984 2413 dignitass
998 2383 1086 2411 poenae
1099 2373 1153 2403 five
1175 2375 1317 2403 ordinatio

379 2420 414 2448 ad
427 2427 540 2456 pomam
553 2436 562 2450 ‚
577 2426 661 2454 quam
674 2412 893 2446 ordinationem,
906 2414 944 2442 ait
955 2430 965 2444 ‚
978 2412 1126 2450 procedere
1138 2421 1154 2440 a
1171 2414 1317 2443 voluntate

378 2458 471 2487 divina
484 2456 586 2484 offensa
601 2455 641 2482 vel
654 2462 722 2481 irata
736 2453 875 2490 peccatori
889 2470 899 2485 ‚
911 2450 1000 2480 donec
1010 2452 1146 2489 poeniteat
1159 2470 1167 2478 .

457 2494 558 2523 Videfis
575 2492 682 2530 Μᾱξὶῐὶ.
698 2492 845 2529 Hiquaeum
858 2491 910 2520 loco
934 2490 986 2519 cit·
998 2499 1017 2519 a
1028 2499 1057 2518 n·
1074 2497 1122 2527 31.
1133 2489 1248 2528 &seqffi
1263 2489 1322 2523 lite

385 2542 482 2571 omnia
495 2534 601 2573 optime
613 2531 818 2561 declarantem.
862 2538 865 2539 ⁷
969 2536 971 2538 ’
1012 2533 1015 2538 ’
1299 2535 1317 2539 ··

1023 157 1202 199 Summce
1240 147 1426 216 Joannis
1443 153 1570 198 Duns
1603 148 1721 196 Scoti

1471 218 1529 257 Ad
1546 229 1755 258 argumenta
1769 243 1776 251 .
1795 215 1852 252 Ad
1869 216 2023 262 primum
2038 224 2133 263 paret
2148 223 2192 250 ex
2210 213 2315 250 dietis

1369 272 1408 306 in
1423 272 1531 306 tertia
1544 266 1728 313 offertione
1744 280 1755 307 3
1782 266 2048 306 concedendum
2062 265 2109 302 est
2120 266 2215 300 enim
2234 278 2315 309 pec-

1373 332 1530 356 catorem
1545 320 1650 353 talem
1669 329 1736 363 nou
1756 317 1826 353 dici
1844 319 1888 351 ab
1902 316 2063 358 habim„-
2073 318 2101 352 el
2117 314 2316 362 dispositio-

1372 382 1416 406 ne
1431 369 1594 409 derelie’ta
1611 369 1644 402 in
1661 369 1776 403 anima
1792 379 1853 412 per
1867 366 1966 401 ac'ttis
1990 366 2142 403 vitiosos
2158 392 2171 407 ‚
2198 367 2315 410 quia..

1371 419 1447 456 haec
1459 419 1612 460 inveniri
1631 416 1772 464 possunt
1786 417 1819 451 in
1840 418 2085 462 peccatoribus
2100 414 2171 461 jam
2188 413 2316 460 justifi-

1373 470 1477 505 catis.
1495 469 1591 503 Talis
1605 470 1727 513 itaque
1742 464 1874 500 dicitur
1886 465 1929 499 ab
1942 465 2022 502 actii
2039 467 2208 514 peccandi
2223 466 2317 513 phy·

1375 521 1442 558 lice
1458 517 1639 565 praeterito
1654 543 1666 558 ,
1682 515 1738 551 sed
1756 516 1934 553 moraliter
1949 527 2111 552 manente
2123 543 2135 558 ,
2150 528 2190 556 ut
2206 528 2320 564 expo·

1374 569 1476 614 ¹situm
1490 567 1538 605 est
1557 592 1567 613 ,

1475 617 1533 661 Ad
1549 616 1740 653 secundum
1758 613 1955 663 respondeo
1973 642 1983 655 ,
2010 616 2200 662 Deilegem
2215 627 2318 653 rerer-

1377 680 1457 707 nam
1472 666 1560 703 stare
1578 694 1588 710 ‚
1613 681 1651 704 ea
1665 666 1773 714 igitur
1790 665 1970 702 decretum
1987 665 2036 701 est
2049 691 2062 707 ,
2077 678 2318 710 peccantem-2

1377 716 1622 766 plefilidebere
1637 716 1825 761 condignis
1839 716 1948 762 poenis
1966 740 1975 750 .
2005 716 2208 763 Quousque
2231 728 2320 762 ergo

1379 769 1563 815 expiatum
1581 782 1649 806 non
1662 769 1699 805 sit
1718 777 1903 815 peccatum
1920 792 1930 807 ‚
1947 764 2052 811 juxta
2065 767 2150 810 legis
2164 767 2323 814 praescri·

1378 820 1494 867 ptum,
1508 817 1640 867 semper
1653 829 1794 857 manere
1809 816 2020 861 intelligi=ur
2035 817 2068 850 in
2080 814 2194 863 anima
2207 828 2320 864 atque

1379 881 1422 912 eo
1436 870 1606 905 maculari
1628 896 1637 910 ‚
1662 868 1776 904 donec
1790 864 1937 914 pristino
1964 865 2129 913 reddatur
2155 868 2316 905 nitori&

1379 919 1638 967 pulchritudini
1655 931 1718 967 per
1735 917 1976 964 poenirentiam
1991 939 2000 950 .

1380 976 1383 978 ’
1479 969 1539 1007 Ad
1550 972 1691 1006 tertium
1710 968 1942 1017 respondetur
1958 991 1970 1007 ,
1993 963 2101 1010 juxta
2120 964 2321 1003 doftrinam

1382 1019 1542 1065 Magistri
1559 1046 1568 1056 .
1585 1020 1703 1057 Αξὶυς
1719 1020 1855 1067 peccati
1871 1016 1953 1051 facit
1969 1014 2170 1051 distantiam
2189 1028 2206 1050 a
2225 1018 2320 1060 Deo,

1380 1082 1489 1116 quam
1505 1071 1648 1116 quidem
1665 1070 1865 1106 distantiam
1879 1065 2042 1114 sequitur
2052 1065 2215 1102 defectus
2227 1068 2323 1103 nito-

1380 1121 1428 1155 ris
1445 1146 1456 1162 ,
1470 1119 1540 1155 hoc
1557 1119 1662 1157 modo
1677 1148 1688 1164 ,
1701 1121 1786 1156 ficut
1801 1129 1918 1156 motus
1931 1116 2050 1152 localis
2068 1116 2154 1152 facit
2172 1117 2323 1155 localem

1380 1170 1578 1207 distantiam
1593 1197 1601 1206 .
1620 1172 1727 1208 Unde
1742 1172 1830 1207 sicut
1843 1166 1995 1205 cessante
2008 1178 2110 1202 motu
2122 1167 2319 1210 loc-alimen

1381 1222 1520 1264 tollitur
1534 1220 1698 1258 distantia
1723 1222 1845 1258 localis
1863 1233 1876 1262 3
1896 1218 1945 1252 ita
1959 1228 2023 1253 nec
2047 1216 2200 1253 cessante
2231 1219 2317 1256 astu

1381 1272 1519 1319 peccati
1533 1298 1542 1312 ‚
1573 1272 1713 1309 tollitur
1724 1272 1861 1316 macula
1880 1296 1889 1311 ‚

1383 1324 1387 1328 '
1481 1319 1619 1359 Contra
1631 1323 1699 1357 hoc
1713 1323 1829 1358 aGtum
1844 1320 1892 1356 est
1907 1318 1939 1353 in
1953 1318 2188 1354 declaratione
2198 1320 2322 1365 prima

1387 1368 1584 1405 assertionis
1601 1396 1611 1405 .
1628 1376 1722 1409 Nam
1738 1384 1819 1407 curri
1834 1370 1964 1415 dicitur
1974 1370 2089 1404 anima
2103 1380 2164 1415 per
2179 1369 2323 1406 diffimi-

1387 1420 1575 1455 litudinem
1588 1446 1598 1461 ‚
1626 1423 1659 1456 ὃ(
1677 1422 1939 1466 elongationem
1954 1429 1972 1451 a
1994 1422 2075 1465 Deo
2090 1431 2230 1457 manere
2249 1422 2327 1468 poi-

1387 1470 1499 1505 lutam
1518 1496 1525 1509 ,
1544 1469 1655 1505 donec
1674 1473 1835 1508 poeniteat
1849 1483 1864 1511 ‚-
1893 1479 1964 1504 non
1994 1471 2196 1516 explicatur
2224 1471 2327 1516 quod

1388 1522 1560 1567 quaeriiur
1574 1548 1585 1564 ,
1600 1521 1633 1556 8<
1648 1522 1731 1557 later
1760 1547 1769 1556 .
1800 1520 1983 1569 Siquidem
2013 1520 2087 1556 liaec
2108 1521 2292 1565 elongatio
2307 1531 2329 1555 a.

1389 1571 1469 1620 Deo
1490 1596 1500 1610 ‚
1523 1571 1712 1614 undeinest
1728 1573 1850 1608 animae
1864 1570 2025 1607 defeetus
2049 1571 2199 1619 nitoris,
2227 1581 2329 1609 non„

1391 1622 1439 1659 est
1453 1618 1606 1667 privatio
1621 1623 1744 1665 gratiae
1763 1649 1770 1658 ,
1798 1635 1878 1670 qiiae
1896 1624 2008 1665 primo
2024 1632 2171 1667 peccato
2187 1621 2329 1669 penitus

1392 1673 1582 1712 amittitur,
1596 1671 1640 1706 sic
1655 1683 1692 1708 ut
1706 1673 1752 1707 nil
1769 1673 1913 1721 supersit
1928 1672 2124 1715 tollendum
2140 1681 2200 1715 per
2213 1669 2330 1716 poste·

1393 1723 1485 1757 riora
1501 1732 1645 1769 peccata
1659 1734 1748 1762 3nec
1763 1723 1810 1759 est
1825 1724 1976 1771 privatio
1992 1721 2215 1758 reftitudinis
2229 1719 2331 1769 debi-

1393 1783 1435 1808 tae
1448 1772 1540 1806 afflui
1557 1796 1567 1812 ,
1580 1783 1618 1806 ut
1635 1771 1826 1818 deduffliim
1841 1772 1889 1808 est
1908 1774 2006 1819 prius
2018 1785 2030 1812 ;
2044 1772 2077 1807 8<
2092 1771 2244 1816 proinde
2256 1782 2329 1806 non

1389 1833 1452 1857 nos
1465 1824 1638 1856 maculam
1655 1821 1745 1859 hanc
1768 1824 2049 1870 statiiioporiere
2075 1821 2236 1857 diximus
2261 1822 2328 1856 in,-

1388 1872 1513 1907 morali
1530 1875 1767 1916 permanentia
1780 1871 1880 1908 abins
1896 1874 2030 1921 peccati
2046 1897 2059 1913 ,
2091 1871 2205 1908 donec
2217 1869 2329 1918 juxta

1388 1922 1499 1969 legem
1517 1921 1681 1965 statutam
1696 1923 1854 1958 deleatur
1871 1949 1880 1958 .

1486 1973 1580 2007 Cum
1595 1972 1715 2018 itaque
1729 1967 1889 2020 arguitur
1901 1970 2001 2008 aetus
2015 1970 2152 2019 peccati
2167 1969 2233 2017 eff}
2243 1969 2333 2008 defi.

1386 2024 1437 2058 nit
1459 2036 1470 2062 ;
1488 2033 1571 2067 ergo
1584 2021 1617 2056 8<
1631 2023 1767 2057 macula
1786 2035 1846 2070 per
1862 2021 1975 2069 ipsum
1989 2024 2025 2056 in
2038 2021 2152 2056 anima
2170 2021 2331 2058 indueta.

1387 2071 1584 2117 Responsio
1598 2096 1608 2106 .
1625 2071 1762 2107 Verum
1775 2072 1822 2108 est
1841 2073 1958 2107 aetum
1988 2070 2155 2117 peccandi
2180 2070 2331 2113 cessare,

1385 2133 1493 2168 atque
1510 2120 1661 2156 deficere
1675 2123 1797 2168 quoad
1814 2121 1878 2169 effe
1898 2122 2082 2168 physicum
2096 2119 2203 2167 ipiius
2234 2134 2246 2162 ;
2272 2120 2330 2158 sed

1385 2172 1564 2207 moraliter
1579 2182 1695 2207 tamen
1710 2171 1772 2208 stat
1798 2186 1807 2209 :
1834 2173 1919 2218 quia
1953 2173 2009 2207 lex
2028 2181 2157 2206 aeterna
2186 2183 2330 2217 quam..

1382 2219 1643 2266 transgreditur
1661 2233 1828 2270 peccator
1844 2250 1853 2263 ‚
1867 2233 1984 2257 manet
2001 2220 2133 2266 semper
2151 2221 2332 2268 :ideoque

1384 2273 1478 2307 nulla
1495 2271 1560 2306 alia
1580 2272 1715 2307 ratione
1732 2272 1838 2310 deleri
1856 2273 1900 2307 ab
1915 2272 2030 2312 anima
2047 2267 2136 2318 ptest
2150 2295 2161 2311 ‚
2189 2270 2247 2306 nisi
2279 2271 2333 2306 iili

1386 2322 1457 2367 legi
1475 2320 1621 2356 satisfiat
1641 2322 1867 2364 testabimur,
1881 2321 1915 2357 8<
1931 2321 2132 2358 vindicetur
2144 2331 2330 2368 peccatum

1388 2370 1608 2409 commissum
1624 2383 1688 2420 per
1701 2372 1848 2419 dignam
1863 2373 2107 2422 poenitentiam
2124 2393 2135 2405 .
