2628 4011
8 847 12 874 ἲ
54 844 258 886 Pr01.q.2.5.

9 891 17 932 ¹}
54 885 218 922 Quum

795 116 955 163 Tomus
974 115 1061 164 III.
1083 118 1190 166 Par.t
1205 114 1265 164 II.
1282 111 1472 186 Qaestio
1491 116 1614 172 XCI,
1633 121 1734 166 Art.
1754 121 1790 166 I.

276 225 278 227 .
301 187 382 222 liter
400 186 502 229 noti,
529 197 594 222 nec
608 186 741 232 scripta
764 187 822 220 lex
846 186 879 219 in
898 184 1071 220 cordibus
1094 183 1225 220 nostris
1243 209 1252 219 .

299 239 394 283 Quae
420 247 508 281 ergo
543 236 623 271 sunt
653 246 737 270 nota
766 236 900 270 lumine
930 233 1086 273 naturali
1116 234 1256 270 intelle*-

297 286 407 329 ἕως,
434 287 514 322 sunt
538 286 709 321 omnibus
735 285 993 332 promulgata,
1013 284 1254 320 &intimatam

298 335 515 375 sufficienter
530 361 540 376 ,
566 345 630 370 nec
643 346 739 383 opus
753 332 803 371 est
818 334 885 380 legi
912 334 1068 370 naturali
1086 335 1253 370 ulteriori

298 386 587 435 promulgatione
604 410 614 420 .

400 436 458 473 Ad
471 435 664 478 secundnm
677 435 831 473 dicimus
842 459 853 477 ‚
877 436 1005 482 utique
1017 436 1117 482 leges
1129 435 1256 482 politi-

299 498 363 523 vas
374 487 546 534 respicere
561 488 598 525 in
617 486 785 523 futurum
803 513 814 529 ,
837 496 901 521 nec
919 484 1015 533 post‘e
1031 487 1201 522 omnibus
1214 485 1255 521 il-

294 540 338 575 lis
354 537 513 574 intimari
524 562 534 578 ‚
548 547 587 574 ut
601 535 641 572 fit
657 536 891 584 praesentibus
906 561 916 572 .
930 536 1179 584 sequentibus
1196 549 1255 573 er-

298 600 347 635 go
360 584 569 623 hominibus
594 586 644 622 est
671 587 891 624 credendum
908 587 1003 630 illis,
1023 589 1085 633 qui
1098 599 1159 623 eos
1173 599 1255 635 prg-

298 639 475 675 cefferunt
488 664 499 680 ,
525 649 544 681 a
557 638 692 685 quibus
705 639 888 686 accipiunt
906 663 918 678 ,
944 639 979 674 8<
994 639 1082 674 certi
1106 637 1197 675 fiunt
1209 639 1254 675 de

296 686 623 736 legisinstitutione
646 689 683 724 &
704 687 1017 737 promulgatione,
1038 687 1180 735 peraeta
1193 700 1253 737 per

293 739 441 776 idoneas
467 739 501 775 8<
528 737 757 776 authenticas
784 738 983 787 personas,
1012 749 1171 784 quarum
1198 750 1252 776 te-

295 789 464 836 stimonio
477 788 628 836 posteris
644 788 809 827 standum
824 788 875 824 est
889 813 899 824 .

398 839 459 876 Ad
474 841 622 876 tertium
646 850 742 888 patet
766 851 812 875 ex
833 838 936 874 distis
952 851 966 879 ;
992 839 1077 886 quia
1099 851 1174 876 non
1186 852 1252 877 au-

296 892 477 929 dientibus
501 890 589 935 legis
619 890 944 937 promulgationem
971 915 982 931 ,
1013 889 1175 927 standum
1197 890 1248 928 est

296 942 506 980 testimonio
522 941 675 977 aliorum
692 966 703 983 ,
719 942 856 988 quibus
869 939 1050 985 dissentire
1062 943 1250 979 irrationa-

2122 140 2140 157 '
2197 142 2213 173 1

1325 187 1398 221 btle
1412 185 1502 219 foret
1521 210 1530 219 .
1546 183 1700 221 Accedit
1716 213 1727 228 ‚
1752 187 1853 233 quod
1868 187 1988 234 legum
2006 142 2213 229 divina³r3m
2227 192 2290 229 ha·

1325 237 1454 272 bemus
1482 233 1599 270 sacros
1625 236 1771 274 codices
1788 262 1800 278 ,
1826 238 1964 282 quibus
1991 241 2172 280 credimus
2190 243 2289 280 testi-

1327 286 1450 322 monio
1478 284 1701 323 veracissimo
1727 286 1890 329 Ecclesiae
1918 288 2122 327 damnantis
2146 295 2289 330 menda-

1329 338 1424 371 cium
1439 345 1548 371 omne
1564 359 1574 369 .
1601 337 1718 381 Leges
1743 348 1830 372 vero
1852 337 2026 375 humanas
2060 342 2212 387 legimus
2226 333 2287 386 de}

1326 385 1475 432 scriptas
1504 386 1540 421 in
1565 386 1815 422 voluminibus
1845 414 1855 428 ‚
1881 399 1962 435 quae
1995 391 2187 431 condidisse
2216 407 2286 430 non

1326 436 1536 473 dubitamus
1550 434 1791 482 Legislatores
1816 438 1992 484 pollentes
2009 441 2219 485 prudentia,
2249 445 2284 485 &

1326 486 1540 524 auEtoritate
1565 484 1744 523 sanciendi
1775 488 1869 533 leges
1886 487 1922 525 in
1947 489 2081 525 bonum
2096 496 2285 538 pumicum

1328 538 1557 585 Reipublicae
1574 562 1584 572 .

1428 586 1487 623 Ad
1505 588 1804 633 argumentumin
1819 587 2021 636 oppositum
2038 588 2188 629 dicimus-
2209 621 2218 635 ,
2238 596 2284 631 lec

1327 649 1391 685 ges
1421 639 1564 687 proprie
1590 650 1661 675 non
1691 636 1831 677 institui
1862 650 1944 678 cum
1969 643 2244 688 promulgantur
2268 681 2276 687 Α

1327 697 1400 726 imo
1424 700 1593 737 oportere
1617 687 1883 731 institutionem
1911 690 2110 736 praecede-re
2134 694 2277 728 intimat

1326 740 1460 776 tionem
1475 766 1485 781 ,
1516 740 1551 774 &
1572 739 1903 786 promulgationem
1917 751 1956 775 ut
1971 739 2106 777 dietum
2126 743 2173 779 est
2187 743 2283 788 infor

1320 791 1458 834 latione
1474 815 1483 825 .
1508 791 1689 826 Dicuntur
1716 800 1840 825 tamen
1873 788 2008 826 institui
2023 802 2103 827 cum
2123 798 2284 838 promul.

1321 852 1452 887 gantur
1467 868 1476 883 ‚
1491 839 1577 886 quja
1594 850 1681 875 tunc
1694 840 1851 887 primum
1867 841 1975 884 ligant
1990 843 2056 886 legi
2076 841 2256 889 subjectos
2270 872 2282 887 ,

1322 893 1357 928 &
1373 893 1429 928 vis
1455 892 1642 936 roburque
1664 891 1753 937 legis
1775 890 1855 927 aliis
1867 889 2083 939 innotescit,

1998 1070 2281 1100 *nn—naq

376 1093 1600 1321 *QUAESTIO
1722 1170 2033 1289 Xct⁴

702 1354 825 1406 DE
859 1353 1192 1414 LEGUM
1228 1353 1875 1407 DIVERSITATE

653 1485 740 1523 ΙΝ
793 1486 940 1524 SEX
994 1484 1507 1532 ARTICULOS
1563 1485 1902 1525 DIVlSA.

791 1601 941 1640 Deinde
956 1600 1241 1649 considerandum
1255 1602 1312 1640 eff
1322 1602 1368 1639 de
1381 1600 1591 1648 diversitate
1606 1599 1725 1646 legum,
1737 1626 1745 1636 .

442 1718 534 1757 ΕΤ
582 1717 852 1755 CIRCA
906 1718 1248 1756 PRIMUM
1299 1716 1870 1771 QUAERUNTUR
1920 1717 2095 1761 SEX,-

595 1837 626 1873 1.
731 1836 868 1873 Utrum
895 1834 936 1873 sit
960 1836 1082 1883 aliqua
1106 1836 1164 1877 lex
1186 1845 1317 1872 aeterna
1336 1862 1347 1874 .

594 1886 649 1924 11.

591 1936 670 1977 111.

727 1888 867 1923 Utrum
890 1886 930 1923 s1t
956 1887 1076 1935 aliqua
1103 1887 1160 1923 lex
1181 1888 1382 1923 naturalis.

726 1938 861 1973 Utrum
884 1938 925 1974 fit
952 1938 1074 1984 aliqua
1096 1939 1156 1974 lex
1180 1937 1361 1974 humana.

593 1988 667 2025 lV.
732 1989 870 2023 Utrum
894 1989 933 2025 fit
959 1989 1081 2036 aliqua
1104 1990 1164 2025 lex
1186 1989 1312 2023 divina
1329 2016 1340 2025 .

595 2037 647 2075 V.

581 2089 656 2127 Vt.

735 2039 875 2074 Utrum
908 2039 947 2074 fit
974 2050 1044 2074 una
1072 2050 1214 2076 tantum
1239 2039 1295 2075 vel
1320 2039 1473 2087 plurem

723 2090 864 2131 Utrum
894 2088 936 2126 sit
957 2090 1079 2143 aliqua
1110 2092 1170 2127 lex
1196 2090 1365 2140 peccati.

395 2213 598 2262 Propterea
609 2210 706 2263 quod
723 2213 915 2249 materiam
927 2210 1018 2249 hanc
1033 2211 1078 2247 de
1091 2212 1227 2258 legibus
1244 2211 1427 2259 Magifter
1439 2209 1564 2249 scotus
1579 2212 1618 2248 in
1630 2208 1754 2259 paucis
1775 2209 1906 2254 attigit
1919 2233 1932 2252 ,
1953 2206 2157 2262 nepraesem

679 2262 864 2300 Traflatus
879 2284 891 2302 ‚
914 2261 1078 2311 ahoquin
1099 2262 1271 2311 perutilis
1292 2262 1441 2299 mutilus
1469 2261 1642 2298 ederetur
1667 2287 1680 2304 ,
1707 2259 1903 2307 censuimus

764 2325 812 2353 ex
836 2312 992 2359 Magis-‘l-
1016 2313 1166 2354 Alem,
1192 2325 1269 2360 quae
1294 2316 1332 2349 in
1359 2315 1464 2350 Scato
1493 2312 1741 2360 defiderautar
1757 2336 1772 2358 ‚

1115 2362 1181 2411 effe
1203 2363 1409 2411 accersenda
1427 2388 1437 2398 .

460 2471 978 2514 ARthuLus
1033 2473 1064 2511 1.

476 2574 617 2612 Utrum
633 2576 674 2613 lit
690 2576 810 2624 aliqua
824 2577 883 2614 lex
896 2587 1024 2615 aeterna
1041 2599 1054 2610 .

338 2676 484 2728 Maglst.
497 2673 639 2721 Alenfis
655 2686 688 2722 3.
702 2685 740 2726 p.
755 2690 790 2727 q.
807 2676 865 2715 26.
883 2691 932 2714 m.
950 2690 978 2714 r.
1007 2678 1052 2713 S.
1071 2675 1193 2717 Thon„

591 2738 623 2762 t.
641 2738 676 2764 z.
692 2741 794 2779 q.91.
814 2737 885 2766 art.
909 2741 939 2765 r.

401 2830 462 2867 De
475 2827 551 2874 lege
569 2835 699 2866 aeterna
715 2856 726 2871 ‚
748 2827 793 2868 όν
808 2830 845 2865 in
859 2842 926 2878 quo
939 2828 1100 2877 confifffat»
1112 2842 1126 2870 3

515 2882 630 2916 allum
629 2878 745 2929 supra
753 2893 788 2930 q.
809 2893 863 2929 ¹9·
877 2891 951 2918 art.
967 2895 1005 2927 4.

291 2979 535 3205 V

289 3237 463 3272 neminem
480 3235 617 3281 obliget
635 3246 647 3274 ;
669 3244 757 3270 tnnc
782 3233 895 3278 igitur
918 3234 1012 3271 reste
1026 3233 1176 3270 dicenda
1187 3232 1238 3269 est

288 3286 369 3324 lex,
395 3296 473 3322 cum
506 3287 593 3322 alios
622 3285 833 3329 obstringit.
866 3289 954 3322 Haec
977 3286 1121 3321 evenire
1136 3295 1239 3320 non-

287 3333 430 3381 possunt
451 3336 514 3373 nili
549 3336 584 3370 in
614 3345 778 3383 tempore
801 3347 814 3376 3
852 3348 941 3382 ergo
978 3336 1077 3372 nulla
1102 3334 1152 3371 est
1180 3336 1239 3371 lex

287 3395 417 3421 aeterna
433 3410 442 3420 .

389 3437 565 3472 Praeterea
578 3462 590 3478 ‚
610 3436 684 3471 Lex
703 3446 765 3482 per
780 3437 1104 3483 promulgationem
1120 3436 1239 3472 induit

287 3484 377 3534 legis
404 3487 603 3527 rationem,
630 3488 664 3522 8<
690 3486 801 3521 robur
822 3487 954 3534 ligandi
979 3499 1042 3524 eos
1062 3514 1073 3530 ‚
1103 3487 1239 3534 quibus

286 3537 472 3571 intimatur
502 3535 543 3570 ad
571 3534 741 3572 servanda
767 3547 849 3583 quae
874 3535 977 3583 jubet
994 3565 1005 3581 ‚
1029 3547 1091 3574 aut
1115 3546 1211 3573 vetat
1231 3560 1239 3568 .

287 3587 375 3621 Haec
404 3596 520 3620 autem
546 3585 620 3620 fieti
650 3596 834 3630 nequeunt
849 3588 910 3623 nist
939 3589 1171 3635 intempore,
1200 3586 1236 3622 Sc

287 3637 383 3671 circa
400 3646 602 3677 creaturas,
630 3637 844 3683 proquibus
869 3640 965 3684 leges
981 3641 1059 3675 latae
1084 3639 1240 3685 proban·

287 3697 349 3723 tur
370 3697 382 3726 3
402 3696 489 3731 crgo
506 3686 604 3721 nulla
619 3686 667 3722 est
685 3686 742 3720 lex
756 3696 882 3722 aeterna
898 3714 908 3723 .

389 3738 563 3772 Praeterea
584 3763 594 3779 ,
614 3737 651 3771 Si
667 3737 723 3770 lex
751 3747 822 3772 non
848 3737 939 3773 foret
965 3737 1127 3783 impreli'a
1143 3748 1244 3774 crea-

288 3797 378 3822 turae
395 3788 553 3823 rationali
571 3813 581 3827 ,
599 3797 669 3821 non
686 3786 808 3830 ligaret
823 3800 897 3824 cam
914 3801 926 3828 ;
945 3786 976 3821 R*
997 3787 1160 3835 profecto
1173 3800 1244 3825 non

560 2979 761 3021 lDETUR
778 2979 1003 3020 astruendam
1020 2993 1093 3019 non
1110 2979 1177 3017 else
1189 2980 1239 3016 le-

570 3044 649 3078 gem
665 3041 833 3067 aeternam
851 3057 859 3067 .
888 3035 1026 3071 Etenim
1051 3033 1111 3068 lex
1127 3032 1235 3067 habet

570 3083 698 3118 statum
732 3083 767 3116 in
789 3081 1018 3129 dispositione
1050 3084 1164 3128 legem
1189 3081 1238 3117 fe-

571 3134 680 3168 rentis
699 3145 710 3173 3
738 3132 782 3172 sic
795 3145 912 3170 autem
941 3136 1017 3180 lege
1035 3132 1212 3169 intellecta
1228 3159 1241 3176 ,

571 3183 637 3219 libi
658 3185 774 3219 minus
788 3186 957 3231 congruit
971 3196 1098 3220 nomen
1117 3197 1128 3224 ;
1157 3195 1239 3219 cum

1313 2472 1502 2519 adstringit
1517 2470 1744 2509 irrationales
1756 2497 1767 2512 ,
1779 2470 1918 2517 quibus
1930 2480 2000 2504 non
2017 2469 2067 2507 est
2083 2471 2270 2520 impressa

1311 2536 1386 2561 non
1401 2524 1450 2560 est
1472 2524 1584 2569 igitur
1612 2525 1666 2559 lex
1682 2547 1695 2563 ,
1721 2522 1781 2557 nist
1806 2521 1843 2557 in
1857 2520 1981 2556 ordine
2005 2521 2048 2557 ad
2066 2525 2239 2559 rationem
2256 2549 2270 2565 ,

1310 2574 1378 2612 seu
1393 2575 1491 2621 quod
1505 2571 1722 2622 imprimitur
1741 2572 1870 2608 rationi
1891 2597 1899 2606 .
1919 2570 2105 2616 Ejusmodi
2125 2573 2268 2622 impres.

1314 2627 1363 2664 fio
1378 2625 1427 2662 est
1440 2626 1646 2674 temporalis
1661 2648 1671 2664 ,
1688 2634 1758 2659 non
1774 2632 1928 2662 :eterna3
1948 2624 2199 2668 ergoimentio
2217 2625 2271 2661 ις.

1312 2678 1368 2727 gis
1383 2675 1432 2712 est
1446 2676 1658 2725 temporalis
1676 2685 1746 2709 non
1761 2684 1891 2709 aeterna
1909 2698 1918 2707 .

1413 2728 1554 2764 Contra
1571 2750 1583 2769 ‚
1610 2724 1766 2762 Isidorus
1781 2734 1816 2758 2.
1844 2724 2017 2771 ethymol.
2041 2723 2082 2761 Si
2105 2727 2268 2768 ratione,

1313 2778 1433 2824 inquit
1452 2804 1464 2820 ‚
1491 2778 1548 2814 lex
1562 2775 1700 2813 conffat
1714 2801 1725 2817 ,
1746 2774 1804 2810 lex
1817 2774 1891 2810 erit
1905 2787 2003 2810 omne
2019 2802 2028 2817 ‚
2054 2776 2148 2824 quod
2160 2776 2269 2812 ratio-

1315 2829 1586 2876 neconstiterit.
1614 2826 1710 2862 Cum
1736 2837 1823 2870 ergo
1837 2823 1904 2860 Dei
1929 2828 2153 2873 providentia
2180 2838 2268 2862 con-

1316 2879 1383 2915 stet
1400 2882 1539 2916 ratione
1552 2906 1564 2922 ‚
1580 2876 1807 2925 providentia
1825 2874 1896 2912 Dei
1910 2877 1959 2912 est
1976 2879 2033 2913 lex
2049 2903 2061 2920 ‚
2077 2877 2112 2912 8<
2128 2877 2266 2912 nonnisi

1313 2941 1443 2967 aeterna
1458 2959 1468 2967 .
1504 2929 1608 2966 Unde
1622 2928 1770 2963 Boetius
1784 2954 1794 2970 ‚
1821 2939 1858 2971 4.
1881 2927 1925 2962 de
1941 2927 2093 2963 Consul.
2110 2928 2214 2963 Prole
2229 2927 2263 2962 6.

1314 2979 1514 3017 Prudentia
1530 3007 1538 3022 ‚
1562 2979 1615 3014 efl
1628 2979 1756 3015 divina
1773 2980 1869 3014 ratio]
1889 2980 1928 3013 in
1934 2977 2070 3024 fitmmo
2093 2980 2266 3028 Prinape

1311 3029 1499 3078 constituta
1512 3042 1587 3079 quae
1603 3030 1725 3066 cunfia
1736 3027 1886 3077 dspom't
1907 3055 1913 3062 .
2192 3040 2194 3043 ·

1414 3080 1631 3129 Respondeo
1643 3080 1837 3116 dicendum
1853 3103 1865 3121 ‚
1876 3079 1991 3121 legem
2009 3090 2177 3117 aeternam
2188 3081 2266 3116 exi.

1312 3133 1400 3170 stete
1416 3135 1452 3168 in
1467 3134 1570 3174 Deo,
1594 3129 1701 3176 cujus
1720 3129 2011 3177 participationes
2030 3129 2110 3165 sunt
2129 3141 2262 3165 caetera:

1311 3195 1437 3219 omnes
1452 3186 1546 3229 leges
1565 3207 1574 3216 .
1597 3184 1679 3218 Hoc
1693 3182 1787 3216 enim
1805 3179 1912 3213 docet
1926 3179 2083 3225 August.
2108 3181 2151 3216 de
2167 3183 2262 3216 Vera

1311 3235 1503 3279 Religione
1519 3259 1527 3267 .
1555 3232 1648 3279 Cap.
1669 3242 1724 3277 30.
1757 3231 1878 3265 ,Menti
1893 3228 2038 3275 nostrae,
2064 3231 2232 3278 inquiens
2250 3258 2264 3271 ,

1305 3284 1494 3333 conceffum
1510 3280 1558 3329 est
1571 3283 1694 3319 videre
1719 3280 1830 3326 legem
1842 3281 2013 3317 veritatis
2034 3285 2264 3317 incommuta-

1310 3335 1441 3375 bilem3
1471 3335 1575 3370 Mens
1602 3334 1697 3369 enim
1724 3329 1842 3366 nostra
1859 3329 1996 3377 judicat
2021 3331 2064 3368 de
2081 3333 2263 3368 veritate-2

1310 3386 1554 3427 immutabili,
1568 3383 1669 3419 sicuti
1683 3381 1821 3429 judicat
1845 3381 1945 3419 istam
1966 3383 2263 3429 propositionem,

1312 3434 1463 3484 Justum
1480 3435 1528 3487 est
1542 3463 1553 3479 ‚
1577 3443 1618 3471 ut
1637 3435 1751 3470 omnia
1771 3431 1843 3478 sim
1866 3433 2119 3478 ordinatasfflma
2135 3459 2143 3468 .
2167 3433 2262 3468 Cum

1312 3499 1402 3533 ergo
1414 3498 1512 3523 mens
1525 3486 1681 3521 humana
1699 3483 1978 3519 mutabilitatem
2002 3485 2075 3531 pati
2092 3482 2192 3531 poffit
2210 3494 2264 3518 er-

1312 3537 1405 3573 roris
1424 3564 1433 3578 ,
1459 3546 1626 3585 apparet,
1659 3534 1760 3582 supra
1786 3544 1941 3569 creatam
1960 3545 2112 3570 mentem
2137 3532 2268 3569 effele·

1313 3600 1392 3633 gem
1410 3613 1421 3628 ,
1446 3599 1529 3633 quae
1544 3587 1676 3622 veritas
1700 3585 1858 3625 dicitur;
1886 3585 1959 3619 haec
1986 3595 2108 3619 autern
2132 3583 2180 3624 cst
2207 3586 2265 3619 lex

1313 3649 1462 3673 aeterna.
1481 3635 1577 3672 idem
1596 3648 1623 3672 t.
1641 3636 1748 3672 delib
1777 3635 1883 3670 arbit.
1898 3645 2014 3681 cap.5.
2037 3636 2086 3669 vt
2099 3633 2157 3670 lex
2172 3635 2237 3682 tsta
2256 3660 2265 3675 ,

1315 3688 1431 3734 inquit
1451 3714 1460 3727 ,
1476 3698 1552 3734 quae
1566 3685 1728 3733 regendis
1745 3683 1970 3726 Civitatibus
1976 3684 2100 3729 fertur
2118 3713 2128 3728 ‚
2154 3686 2267 3721 multa

1315 3736 1500 3781 concedere
1517 3763 1529 3779 ,
1553 3746 1662 3784 atque
1679 3738 1853 3784 impunita
1869 3735 2069 3783 relinquere
2085 3764 2093 3777 ,
2122 3748 2196 3783 qua:
2204 3745 2270 3782 per

1316 3789 1478 3824 divinam
1502 3786 1771 3836 providentiam
1798 3786 2034 3823 vindicantur
2051 3816 2061 3825 .
2091 3787 2164 3822 Vbi
2188 3787 2269 3822 Au-

1741 3838 1776 3872 T
1791 3850 1801 3873 t
1835 3848 1858 3872 2
2171 3839 2264 3882 guli.

2351 3085 2469 3115 Videtur
2487 3087 2514 3116 S.

2313 3122 2513 3163 Tlmm.1oqui

2312 3161 2346 3189 de
2360 3162 2420 3194 lege
2434 3173 2515 3191 ⁴utter-

2313 3209 2391 3233 n2,ut
2407 3203 2513 3230 coinci-

2313 3237 2353 3266 dit
2364 3249 2427 3268 cum
2440 3241 2514 3269 divi-

2313 3285 2347 3304 m
2359 3279 2512 3316 providen-

2313 3317 2353 3342 tia
2375 3321 2450 3352 cujus
2474 3316 2515 3345 est

2313 3354 2443 3384 ordinare
2485 3355 2516 3383 ὅ(

2312 3392 2430 3431 dirigere
2446 3403 2515 3422 cun-

2314 3431 2357 3458 &a
2383 3434 2409 3461 in
2447 3442 2516 3470 pro-

2334 3469 2388 3499 rios
2410 3472 2475 3499 sines
2487 3487 2498 3499 0

2313 3479 2396 3541 §uxta
2418 3518 2488 3547 ergo

2315 3545 2385 3576 hanc
2417 3557 2497 3576 acce-

2315 3593 2443 3622 Ptionem
2472 3586 2515 3612 vi-

2314 3623 2404 3653 denda
2427 3636 2454 3662 q.
2468 3634 2498 3655 n
2510 3642 2517 3649 -

2311 3669 2342 3704 p.
2352 3664 2443 3702 partis
2456 3683 2465 3691 .
