2613 4041
442 137 545 182 44⁷2
1053 123 1235 167 Summae
1268 115 1457 183 Joannis
1499 122 1628 166 Dans
1658 119 1775 165 Scoti

356 212 428 242 non
444 198 522 232 sane
537 191 769 230 scientificum
781 215 791 229 ‚
822 189 873 224 uti
888 188 1062 234 descripta
1077 191 1126 225 est
1140 185 1301 226 scientia,

355 259 410 293 sea
422 254 565 290 kafftn,
581 255 657 290 quo
669 240 870 279 immediate
882 240 1067 276 assentitur
1081 239 1250 274 omnihus
1266 237 1300 271 8<

357 305 504 345 finanus
522 329 529 339 ,
557 298 589 331 8<
608 305 677 328 non
695 295 757 329 uni
773 303 920 338 propter
934 291 1029 326 aliud
1053 289 1094 325 de
1119 291 1174 324 his
1188 315 1200 330 ‚
1223 298 1305 334 quae

356 344 548 394 traduntur
562 348 595 382 in
608 345 804 391 scriptura:
832 343 1010 390 Quinto
1028 341 1049 375 fi
1071 340 1237 384 quaedam
1255 336 1305 371 ibi

355 406 485 443 tradita
503 400 741 448 probarentur
759 408 803 431 ex
820 395 899 429 aliis
917 421 926 434 ‚
952 404 1023 427 non
1038 391 1218 426 assentiret
1229 388 1280 423 eis
1293 412 1306 428 ‚

357 459 442 504 quia
456 456 500 490 fic
510 451 661 496 probata
681 461 693 483 ι
718 446 775 483 sed
789 445 940 482 cuiiibet
952 442 1051 477 disto
1066 444 1102 477 in
1127 442 1305 476 canone,

357 504 522 551 expresso
539 497 710 536 affenfum
725 498 866 542 prestat
878 522 888 537 ,
918 505 988 527 non
1006 494 1090 538 quia
1105 492 1281 532 probatur
1294 513 1307 529 ‚

358 559 415 593 sed
431 564 581 600 propter
595 548 850 585 auffloritarem
868 574 877 587 ‚
894 545 963 579 Dei
978 546 1116 579 ratione
1131 541 1241 587 cujus
1253 536 1307 572 as·
1324 556 1328 560 -

359 609 508 644 sentitur
525 601 728 639 immediate
739 599 909 634 omuibus
920 593 1065 631 traditis
1086 595 1120 628 in
1144 592 1308 629 Divina)

361 660 546 705 Scriptura
558 681 568 691 .
1229 691 1237 700 ι
1280 690 1290 698 ⁶

465 708 605 742 Verum
618 700 763 738 habitus
776 697 836 732 seu
851 697 1020 732 habilitas
1031 691 1310 738 exponendtDt-

174 787 199 814 b'
271 790 326 809 ex·
360 760 461 794 vinas
475 755 679 799 Scripturas
691 777 701 792 ,
730 747 933 796 explicandi
946 744 1195 781 conclusiones
1211 768 1223 784 ‚
1235 739 1312 778 eas-

124 789 264 865 ξοέῃέἑῖῐ,
277 818 323 846 vel
361 810 516 853 demque
532 801 744 840 defendendi
762 826 772 840 ‚
800 796 868 832 stat
878 809 960 833 curn
978 794 1048 832 fide
1061 821 1071 834 ‚
1096 794 1234 840 talique
1249 791 1314 827 ha·

126 860 287 902 explicandi
318 878 327 892 ³
362 860 441 895 bitu
457 855 598 903 pollens
608 851 721 900 potest
734 848 802 885 effe
816 846 931 894 major
945 849 980 883 in
992 845 1147 883 Ecclesia
1160 869 1169 879 .
1196 846 1230 880 Is
1243 842 1310 890 igi·

127 912 174 931 Μ
205 899 327 944 ,ω’ω·
362 920 424 944 tur
454 916 515 942 aut
541 903 695 952 exponit
720 900 946 946 scripturam
968 910 1030 946 per
1055 896 1280 937 Scripturam
1296 918 1309 935 ‚

125 939 208 1009 ἓξὲξ
252 939 329 1004 gesti]
362 969 491 1004 nempe
504 967 616 991 unum
628 964 770 990 textum
783 962 847 998 per
859 950 967 984 alium
983 975 995 990 ,
1019 947 1055 983 Se
1080 945 1310 982 obscurum-2

125 1025 255 1058 pzuram,
277 1014 330 1043 stat
363 1019 425 1055 per
442 1006 665 1042 manifestum
680 1017 691 1045 ;
704 1004 825 1048 neque
835 1012 904 1036 non
917 999 1028 1035 habet
1042 996 1215 1044 majorem
1231 1005 1309 1030 cer-

124 1065 191 1087 ΦΨ
202 1054 290 1083 Pide.
359 1057 550 1095 titudinem
578 1056 621 1091 de
649 1055 831 1101 Scriptura
846 1050 1032 1096 expoiita‚
1055 1061 1163 1096 quam
1190 1046 1233 1082 de
1246 1057 1312 1081 ex·

361 1118 519 1160 ponente
538 1120 551 1148 ς
573 1106 616 1142 de
633 1118 705 1153 qua
719 1101 942 1151 expositione
955 1101 1119 1147 quuitur
1136 1095 1312 1140 Augusti·

360 1170 430 1198 nus
446 1171 456 1194 1
471 1170 503 1195 r.
517 1157 562 1193 de
573 1159 690 1196 Civit.
708 1163 781 1202 cap.
803 1164 857 1194 rt).
884 1151 919 1186 &
949 1162 1138 1199 propterea
1154 1149 1236 1184 talis
1250 1158 1312 1183 ex·

359 1221 500 1260 ponetis
516 1218 710 1255 numquam
725 1204 833 1240 habet
849 1201 1026 1239 scientiam
1038 1201 1182 1249 proprie
1199 1224 1211 1234 .

442 1270 444 1272 ·
463 1259 541 1296 Aut
555 1270 649 1295 certe
661 1269 726 1304 per
737 1256 821 1291 alias
834 1251 1162 1291 scientias-naturali
1175 1249 1313 1285 lumine

359 1310 553 1358 acquisitas
567 1309 739 1347 exponit;
769 1306 812 1340 Et
836 1313 924 1338 tunc
939 1302 1106 1348 profesto
1128 1298 1315 1334 concluslo

361 1374 434 1399 non
450 1360 497 1396 est
510 1358 778 1407 praestantiorin
790 1353 1024 1395 certitudine,
1040 1364 1081 1386 ac
1095 1351 1202 1386 altera
1220 1360 1313 1395 prae-

360 1411 540 1448 miffar-um
558 1437 568 1451 ‚
596 1421 678 1456 quae
704 1408 823 1442 minus
850 1414 943 1440 certa
958 1404 1031 1444 est;
1054 1403 1142 1438 ficut
1167 1399 1311 1436 inomni

361 1463 540 1498 mixtione
565 1455 805 1495 conclusionis
842 1454 1021 1491 certitudo
1050 1452 1099 1488 est
1129 1448 1310 1486 certitudo

361 1508 541 1560 praemin‘e
557 1511 675 1545 minus
689 1518 815 1543 certae.
837 1505 934 1541 Cum
961 1516 1081 1540 autem
1112 1498 1312 1548 praemiss‘a...

362 1562 546 1605 desumpta
563 1573 609 1595 ex
623 1556 819 1605 scripturis
851 1567 923 1591 nou
953 1556 993 1591 iit
1007 1554 1156 1590 evidens
1181 1562 1225 1586 ex
1238 1561 1313 1586 ter·

362 1614 468 1651 minis
485 1637 493 1651 ‚
512 1609 567 1646 sed
580 1610 713 1645 credita
729 1608 882 1653 nitique
894 1618 960 1642 nec
976 1602 1159 1640 conclusio
1174 1602 1241 1637 erit
1251 1600 1316 1637 de-

363 1661 557 1701 monstrata
572 1670 744 1707 generans
757 1655 935 1693 scientiam
947 1669 991 1692 ex
1007 1653 1313 1698 terminis,quam·

362 1716 417 1748 vis
430 1714 576 1756 gignere
591 1710 692 1755 possit
712 1710 819 1745 alium
834 1707 1028 1744 habiturna
1044 1704 1114 1740 fide
1132 1728 1140 1736 .
1159 1700 1204 1740 Et
1220 1702 1314 1750 idip-

364 1764 438 1800 sum
453 1762 675 1798 sentiendum
690 1760 738 1796 est
753 1759 794 1794 de
822 1757 998 1794 solutione
1027 1757 1290 1791 contrariorum
1303 1764 1326 1792 ς·

365 1818 463 1855 Nam
482 1811 612 1847 solutio
625 1821 721 1845 tanta
737 1810 849 1856 pollet
867 1805 1084 1844 certitudine
1097 1833 1106 1848 ‚
1134 1815 1178 1840 ex
1200 1815 1319 1850 quan-

366 1878 398 1900 ta
419 1862 582 1909 procedit
599 1863 636 1895 in
652 1860 888 1905 accipiend03
909 1859 932 1894 st
950 1858 1044 1895 enim
1061 1855 1257 1901 accipiatur
1271 1854 1324 1889 de

366 1916 556 1959 Scriptura
575 1938 584 1952 ‚
608 1923 685 1946 eam
699 1911 806 1946 habet
833 1908 1088 1945 certitudinem
1103 1933 1113 1947 ‚
1138 1915 1245 1950 quam
1262 1904 1319 1940 di-

367 1968 487 2004 ximus
501 1977 513 1999 :
542 1960 737 2000 Siali'unde
750 1988 760 2003 ,
784 1972 825 1995 ea
838 1959 985 2006 praedita
999 1958 1049 1995 est
1073 1955 1292 1992 certitudine
1305 1981 1318 1996 ,

371 2028 453 2062 qute
464 2014 603 2059 acquiri
619 2010 736 2058 potest
755 2022 800 2046 ex
817 2011 1004 2056 Scriptura
1022 2035 1032 2051 ,
1058 2008 1116 2043 cui
1132 2006 1319 2045 iuuit-itum

369 2076 566 2110 numquam
579 2073 697 2096 tamen
712 2060 930 2097 certitudine
946 2061 1055 2103 pollet
1071 2070 1114 2094 ex
1139 2055 1318 2092 evidentia

368 2116 605 2152 terminorum
623 2124 632 2146 τ
657 2112 695 2146 Si
710 2115 791 2156 quis
808 2121 926 2145 autem
944 2109 1076 2144 habeat
1091 2105 1318 2142 inteltestum

368 2163 568 2209 exponendi
584 2162 765 2197 moraliter
795 2161 837 2195 ad
855 2158 1128 2195 :edificationem
1147 2182 1158 2196 ,
1181 2156 1208 2189 is
1225 2156 1316 2190 bene

364 2217 479 2263 poilet
492 2213 726 2259 expiicatiore
744 2210 942 2251 intelleeht,
958 2221 1065 2255 quam
1079 2206 1142 2253 qui
1163 2204 1223 2240 scit
1240 2204 1318 2240 sen-

367 2266 441 2300 sum
461 2265 571 2300 litera:
586 2273 724 2297 tantum
743 2288 754 2303 ‚
782 2259 841 2296 sed
856 2270 1040 2304 nunquam
1068 2257 1101 2291 in
1120 2256 1182 2289 tali
1202 2266 1315 2299 expo-

366 2317 491 2352 sitione
505 2312 637 2359 poterit
649 2311 784 2358 aliquid
797 2309 983 2346 ostendere
995 2319 1040 2342 ex
1053 2304 1235 2340 evidentia
1249 2305 1317 2346 rei,

365 2377 448 2414 quae
461 2374 530 2400 non
546 2363 707 2397 occurrit
722 2388 732 2403 ‚
757 2372 824 2396 nec
835 2355 1100 2406 acquiripotest
1114 2382 1125 2390 .

199 2405 259 2452 (³)
469 2414 602 2450 Aimus
614 2414 746 2452 tertio,
774 2422 860 2452 eos,
886 2410 951 2456 qui
977 2409 1121 2445 Sacram
1150 2407 1319 2453 Scriptu-

225 2506 229 2510 ,
271 2506 274 2509 ,
368 2478 441 2502 ram
455 2464 558 2500 nobis
575 2462 822 2502 tradiderunt,
852 2472 892 2497 ut
913 2458 1123 2505 Prophetae,
1151 2459 1184 2494 8<
1212 2459 1319 2505 Apo-

137 2510 190 2564 th
204 2505 338 2570 h³‘„·'‘²f'¹³
369 2517 447 2554 stoli
463 2516 562 2550 fuere
579 2539 588 2555 ,
618 2512 777 2549 habuisse
788 2511 955 2546 habitum
979 2510 1196 2556 praebentem
1215 2521 1317 2545 reve-

140 2555 286 2616 &tram
329 2561 341 2571 ’
369 2568 450 2604 latis
463 2565 628 2600 omnibus
642 2562 782 2600 firmum
801 2560 972 2597 assensum
990 2586 1000 2600 ‚
1023 2571 1098 2607 quo
1128 2559 1255 2595 habitu
1272 2561 1317 2596 ab

369 2620 420 2656 eis
435 2614 699 2653 excludebatur
712 2612 895 2651 dubitatio
909 2611 1027 2647 omnis
1038 2637 1050 2652 ,
1077 2621 1147 2645 non
1172 2620 1316 2646 tantum

411 2792 457 2823 (a)
495 2788 663 2818 Notandum
677 2805 687 2820 ‚
698 2786 859 2825 Magistrum
873 2784 1023 2814 Cavellum
1038 2784 1067 2813 in
1081 2781 1181 2812 scholio
1190 2782 1230 2811 ad
1238 2792 1320 2813 nune.

375 2836 422 2859 17.
436 2836 531 2865 putare
547 2836 605 2855 rem
615 2826 682 2854 hanc
695 2825 747 2854 erte
755 2823 951 2853 difficillimam
965 2834 998 2853 ex
1022 2823 1104 2851 licatu
1117 2840 1128 2855 ,
1148 2830 1204 2859 qua
1219 2831 1321 2860 nempe

371 2866 486 2895 ratione
497 2865 605 2894 habitur
618 2864 763 2901 Prophetis
777 2862 877 2891 infusit<
889 2872 947 2891 non
963 2862 992 2890 sit
1002 2833 1111 2890 iiabttus
1125 2860 1178 2897 ipse
1203 2860 1265 2890 fidei
1279 2863 1324 2889 in-

373 2903 436 2934 fusae
449 2914 458 2939 3
472 2905 546 2931 Natu
563 2904 596 2932 ad
610 2903 700 2931 aRum
714 2901 776 2930 fidei
788 2902 890 2937 requiri
907 2900 1016 2929 videtur
1029 2918 1039 2932 ‚
1055 2900 1143 2934 inquit
1156 2917 1166 2931 ‚
1191 2899 1266 2936 quod
1283 2901 1323 2928 in·

374 2944 480 2971 nitatur
497 2943 599 2971 Divina
613 2941 777 2969 auctoritate
792 2940 896 2967 credita
908 2957 919 2973 ,
942 2948 998 2967 non
1012 2938 1156 2966 evidenter
1167 2947 1235 2966 nota
1258 2939 1320 2969 in...

371 2980 433 3016 ipso
448 2980 548 3009 assensu
562 2991 571 3015 ,·
585 2981 658 3009 Cum
669 2988 738 3017 ergo
750 2979 852 3007 notitia
865 2978 974 3006 habitus
984 2976 1129 3013 Prophetis
1141 2975 1243 3005 infusus
1255 2996 1262 3009 ,
1271 2976 1323 3005 ob.

372 3020 448 3050 scura
459 3018 488 3048 fit
502 3020 621 3048 innitent
633 3018 792 3046 testimonio
806 3016 922 3045 dicentie
934 3036 942 3049 ,
953 3017 1086 3053 quoniam
1111 3023 1154 3041 res
1178 3014 1234 3050 ipsa
1254 3016 1280 3043 in
1293 3014 1320 3043 se

373 3068 431 3087 non
447 3059 554 3086 vitietur
567 3076 577 3091 ‚
599 3055 714 3086 difficile
738 3055 893 3083 admodum
917 3056 968 3082 erit
988 3052 1151 3085 ostendere,
1172 3053 1320 3090 quomodo

373 3098 429 3125 hrt·
444 3098 543 3124 nerim
560 3106 616 3124 non
633 3095 663 3123 iit
679 3094 744 3122 fidei
756 3113 763 3121 .
788 3094 936 3122 Subrrciens
949 3092 1047 3121 exinde
1058 3090 1175 3118 modurn
1187 3092 1321 3120 evadenti

373 3134 443 3165 banc
456 3134 650 3163 difficultatem
665 3152 673 3161 .

413 3176 516 3201 Verum
534 3173 663 3206 Magister
677 3171 837 3206 vvatlingus
851 3170 881 3198 in
893 3169 1095 3207 Sabutus-supas·
1104 3173 1160 3206 φᾶ.
1182 3177 1208 3204 q.
1223 3178 1247 3204 q.
1261 3168 1322 3197 Mi-

366 3211 443 3250 scell,
460 3211 592 3240 Doctorie
609 3231 617 3243 ,
632 3211 743 3238 obicem
760 3211 832 3237 bunc
847 3219 902 3237 non
920 3207 1079 3245 perpendit,
1097 3217 1132 3236 ex
1158 3205 1216 3242 ipso
1239 3216 1318 3236 textu

379 3250 497 3282 Magistri
514 3250 588 3277 Scoti
605 3258 710 3284 optime
728 3249 805 3275 omni
822 3246 931 3275 exclusa
944 3246 1120 3274 dubitatione
1135 3264 1143 3272 .
1155 3246 1231 3272 Nam
1245 3245 1321 3274 diffi-

376 3289 512 3318 cultatem
526 3287 594 3315 hauc
609 3287 655 3314 libi
673 3286 718 3323 ipsi
733 3286 840 3314 Docto·-
853 3285 952 3313 obiicit
962 3283 1098 3320 solvitque
1108 3283 1276 3312 excellenter
1287 3284 1321 3312 de

376 3337 456 3355 more
473 3327 599 3365 plurimis
612 3325 775 3354 differentiis
796 3325 821 3352 in
837 3325 961 3352 medinm
984 3323 1123 3361 producte
1146 3322 1229 3349 fidem
1253 3323 1322 3351 inter

377 3366 493 3394 infusam
507 3384 517 3398 ‚
539 3366 565 3392 8(
580 3363 758 3401 Prophetiam
774 3375 782 3396 ;
805 3372 864 3396 qus:
878 3362 966 3390 videri
981 3359 1089 3399 possunt
1102 3360 1173 3397 apud
1199 3359 1323 3396 ipsum-n

376 3404 420 3434 sed
434 3405 495 3433 sari<
511 3404 562 3432 erit
576 3402 642 3430 illud
657 3402 776 3429 breviter
801 3399 917 3436 tetigill‘e
929 3418 939 3431 ,
965 3399 1039 3436 quod
1054 3400 1200 3436 proph-ete
1213 3398 1326 3427 scicntia

377 3441 590 3474 experimentali
603 3441 636 3468 de
647 3440 719 3468 taciti
734 3437 1000 3475 omnipotentissime
1013 3437 1159 3471 Maiestatis
1170 3437 1269 3466 divinat
1286 3447 1328 3466 at-

378 3483 487 3517 tinquut
500 3499 510 3513 ‚
521 3490 582 3518 qua:
597 3479 655 3517 ipfis
668 3478 825 3506 revelantur
838 3478 875 3505 ita
895 3477 920 3505 se
935 3476 1035 3504 habere
1047 3494 1057 3509 ‚
1083 3479 1110 3504 δι’
1124 3486 1179 3504 non
1192 3484 1329 3504 tantum„

379 3516 431 3549 hob
444 3539 454 3553 ,
470 3518 631 3556 sedinsuper
644 3526 720 3546 certo
733 3525 827 3544 tenere
842 3525 887 3553 per
910 3515 1053 3543 seientiam
1075 3514 1328 3552 experimentalem

379 3559 474 3587 Deum
489 3557 522 3586 ad
536 3556 694 3591 corioqum
718 3557 847 3593 quivero
861 3553 978 3581 credunt
989 3554 1075 3580 ctiam
1092 3553 1143 3582 fide
1165 3553 1251 3581 infusa
1264 3562 1327 3581 tan·

383 3606 441 3625 tum
457 3595 587 3624 assensum
612 3594 732 3625 praebere
757 3593 835 3621 dietis
849 3591 959 3620 illorum
984 3601 1061 3619 certo
1084 3601 1208 3620 tenentes
1226 3591 1258 3619 ad
1280 3601 1331 3619 eos

383 3636 480 3664 Deum
494 3630 639 3662 locnuru'm
655 3651 662 3659 .
675 3632 726 3660 Sed
737 3632 800 3660 vide
810 3631 919 3669 praecit.
931 3631 1028 3666 quaefi‘.
1042 3631 1186 3659 Doctoriz.
1199 3630 1327 3659 Fortaffit

382 3673 490 3702 senten.
503 3673 636 3700 DoCioris
651 3670 741 3699 veri-is
753 3679 862 3698 tantum
876 3668 998 3697 d=ffcrret
1011 3669 1045 3696 ab
1069 3669 1193 3698 doctrina
1208 3668 1330 3705 Magistri

385 3711 501 3740 Heni-ici
517 3711 550 3739 de
565 3711 668 3738 lumine
682 3709 778 3737 medio
792 3709 862 3736 inter
874 3707 1007 3735 vifioneni
1032 3707 1127 3746 glori-¹:
1139 3726 1150 3741 ‚
1171 3709 1199 3735 8(
1222 3707 1331 3736 tidem...

390 3749 506 3777 infusam
522 3748 670 3787 prasertim
684 3757 713 3776 ut
725 3747 878 3784 exponitur
894 3755 908 3773 a
922 3745 1045 3775 Cavello
1058 3764 1068 3780 ‚
1088 3755 1117 3774 ut
1141 3746 1236 3775 videte
1249 3746 1286 3774 est
1299 3745 1330 3774 in

387 3790 411 3817 S«
424 3788 540 3826 helmstat*
547 3786 663 3815 ract'laro
676 3806 684 3814 .

1388 189 1566 224 contraria
1580 213 1591 228 ‚
1615 187 1672 222 sed
1687 187 1793 221 etiam
1810 182 1998 221 accefl‘oria
2013 210 2024 226 ‚
2051 195 2114 220 aut
2130 189 2332 235 contigenS,

1388 241 1504 286 qualis
1520 238 1696 273 dubitatio
1711 237 1798 272 stare
1813 235 1927 282 potest
1942 247 2023 271 cum
2039 235 2109 272 fide
2122 261 2133 276 ,
2163 237 2265 274 flenti
2281 239 2332 275 est

1388 293 1463 328 baec
1477 317 1486 329 ‚
1515 289 1586 324 An
1603 289 1739 324 ‘Deitas
1758 285 1805 332 fit
1832 290 1871 322 in
1893 286 1987 323 Filio
2003 295 2068 333 per
2090 285 2309 325 voluntatem
2323 314 2334 324 .

1391 340 1563 379 Probatio
1578 351 1587 374 :
1600 336 1792 387 chuid
1805 335 1920 382 potest
1934 337 2035 373 Deus
2048 337 2164 373 facere
2176 339 2333 376 median-

1387 404 1424 429 te
1437 389 1543 426 causa
1560 387 1712 424 secunda
1728 384 1894 421 effeetiva
1909 412 1921 428 ,
1945 388 2063 435 potest
2094 389 2128 424 8<
2147 389 2333 426 immedia-

1389 454 1424 479 te
1439 453 1502 491 per
1516 436 1675 485 seipsum
1687 435 1938 481 repraesentare
1953 463 1963 473 .
1991 438 2040 474 At
2052 440 2139 486 qui,
2169 439 2192 475 fi
2211 453 2264 478 res
2280 444 2331 490 ip-

1388 493 1432 529 sae
1449 519 1459 534 ,
1486 490 1674 536 dequibus
1703 488 1893 533 Scriptura*
1910 488 2071 533 loquitur
2087 516 2099 532 ,
2123 493 2336 537 pertrafflat-

1391 555 1465 590 que
1481 567 1493 582 ,
1519 541 1636 576 forent
1651 538 1743 573 clare
1758 535 1987 584 apprehensae
2001 566 2015 586 ,
2044 543 2229 587 gignerent
2257 556 2337 580 cer-

1391 605 1464 629 tam
1478 618 1489 633 ,
1511 589 1775 631 indubiamque
1787 587 1981 632 notitiam
2009 604 2125 640 eaque
2145 594 2232 640 quia
2263 596 2339 630 evi-

1392 643 1480 680 dens
1497 640 1582 678 esset
1599 665 1611 682 ,
1632 637 1779 675 scientia
1804 636 1887 684 jure
1915 638 2064 677 dicenda
2092 641 2181 678 foret
2197 657 2208 685 3
2235 646 2338 682 Deus

1393 704 1516 729 autem
1536 718 1547 735 ‚
1571 701 1644 727 non
1657 699 1827 726 movente
1839 689 1985 726 obieeta
2006 692 2226 730 intelleetum
2243 724 2254 739 ,
2279 710 2340 736 va.

1392 744 1442 780 let
1454 745 1502 779 ita
1516 741 1661 778 causare
1672 736 1832 787 ejusdem
1849 739 1983 777 obit-&i
2001 743 2168 779 notitiam
2181 755 2312 785 certam
2329 777 2340 793 ,

1395 805 1436 830 ut
1450 795 1548 830 nulla
1563 792 1669 829 subfit
1680 789 1861 826 dubitatio
1873 790 1917 826 de
1927 793 2079 830 veritate
2105 794 2199 830 illius
2214 808 2227 837 ;
2251 811 2339 848 ergo

1393 845 1498 881 talem
1513 843 1679 880 habitum
1693 840 1909 877 credendum
1920 841 1969 878 est
1999 843 2160 881 indidisse
2179 845 2340 896 Prophe-

1394 896 1441 931 tis
1452 921 1463 938 ‚
1491 892 1701 940 caeterisque
1712 891 1781 938 qui·
1789 891 1934 928 Sacram
1960 894 2171 933 Dominam
2199 894 2337 948 scriptis

1393 945 1616 981 tradiderunt
1632 970 1644 986 ,
1659 954 1788 989 nempe
1799 943 1906 978 talem
1922 943 2097 982 assensum
2125 947 2341 994 praebentem

1392 1006 1470 1043 quo
1481 994 1617 1036 stante,
1646 1005 1717 1029 non
1735 1003 1900 1040 poterant
1917 1005 1989 1030 non
2007 995 2162 1032 affentiri
2176 1000 2340 1044 veritati,

1393 1058 1474 1093 quae
1486 1047 1534 1082 eis
1551 1044 1776 1082 revelabatur
1790 1069 1806 1088 ,
1831 1055 1892 1080 aut
1909 1046 2341 1094 perprophetiam·trade-

1393 1099 1502 1134 batur
1517 1123 1526 1132 .
1543 1097 1602 1132 llla
1618 1094 1850 1131 nihilominus
1863 1095 2044 1132 certitudo
2056 1123 2067 1139 ,
2081 1096 2170 1133 haut
2181 1111 2257 1136 erat
2267 1105 2342 1139 evi-

1394 1149 1482 1184 dens
1492 1159 1538 1184 ex
1548 1146 1730 1184 evidentia
1747 1146 1824 1186 rei3
1852 1146 2012 1193 alioquin
2032 1149 2342 1189 contradifiioes.

1396 1199 1445 1236 set
1456 1200 1623 1234 notitiam
1639 1196 1731 1231 hanc
1743 1195 1842 1232 fimul
1855 1207 1936 1232 curn
1953 1195 2023 1233 fide
2043 1198 2247 1237 cohaerere.
2272 1204 2343 1239 Exn

1394 1251 1468 1286 titit
1479 1248 1715 1285 nihilominus
1730 1245 1914 1283 certitudo
1930 1248 1989 1284 illa
2003 1247 2105 1285 firma
2119 1261 2264 1288 omnem
2281 1266 2345 1300 pe.

1396 1304 1496 1336 nitus
1507 1298 1702 1336 excludens
1719 1297 1980 1333 dubitationem
1993 1324 2006 1341 ,
2035 1298 2137 1335 sicuti
2163 1301 2214 1337 est
2236 1305 2343 1341 certi.

1396 1350 1485 1386 tudo
1499 1348 1692 1385 scientialis
1709 1374 1720 1390 ,
1747 1359 1820 1393 que
1837 1346 2002 1383 causatur
2015 1361 2061 1384 ex
2076 1351 2262 1398 principiis
2276 1365 2345 1390 no.

1398 1403 1443 1438 tis
1455 1413 1502 1436 ex
1519 1399 1696 1435 evidentia
1709 1399 1942 1433 terminorum
1956 1425 1966 1438 ,
1995 1397 2070 1434 esto
2085 1411 2130 1435 ex
2154 1400 2198 1436 iis
2209 1403 2345 1450 princi.

1398 1453 1466 1498 piis
1494 1448 1635 1486 causata
1657 1459 1728 1484 non
1755 1447 1888 1488 fuetit3
1914 1447 1972 1484 sed
1996 1450 2144 1487 aliunde
2167 1455 2348 1496 mentibus

1400 1502 1660 1548 Prophetarum
1677 1497 1836 1546 imprefl‘a
1854 1497 2042 1547 supplente
2068 1501 2244 1549 quicquid
2268 1503 2349 1544 fieri

1399 1553 1568 1600 potuisset
1585 1562 1647 1598 per
1659 1548 1753 1597 ipsos
1767 1551 1938 1585 terminos
1957 1551 2196 1597 apprehensos
2208 1579 2218 1588 .
2246 1555 2351 1593 Exti.

1396 1605 1442 1639 tit
1456 1614 1574 1639 tamen
1590 1603 1622 1636 in
1636 1600 1686 1636 εἰς
1699 1598 2128 1647 praestamiorjcertimdo,
2142 1616 2183 1640 ac
2195 1604 2233 1639 fit
2251 1602 2348 1652 fider,

1400 1655 1485 1702 quia
1503 1653 1527 1689 fi
1541 1654 1591 1688 les
1604 1678 1615 1695 ‚
1630 1648 1819 1687 rit-dietum
1837 1649 1906 1685 fuit
1918 1676 1932 1694 ,
1947 1663 2019 1688 non
2034 1654 2191 1690 excludit
2203 1667 2350 1696 omnem

1398 1705 1662 1741 dubitationem
1676 1729 1688 1745 ,
1707 1699 1767 1736 sed
1783 1700 1903 1748 aliqua
1916 1700 1966 1737 est
1993 1705 2239 1751 compatibilis
2256 1720 2341 1748 cnm

1400 1755 1480 1791 fidei
1494 1752 1713 1791 certitudine
1723 1777 1732 1787 .

1504 1804 1564 1845 Ad
1587 1812 1820 1849 argumenta.
1851 1801 1911 1839 Ad
1935 1804 2090 1850 primum
2124 1805 2348 1853 respondem

1399 1859 1546 1906 quoties
1559 1855 1742 1900 contingit
1761 1863 1801 1888 ut
1815 1851 1963 1891 effeftus
1993 1853 2058 1890 fint
2081 1856 2116 1891 in
2142 1857 2268 1904 aliquo
2297 1861 2351 1896 in·

1400 1905 1676 1955 compossibiles,
1690 1902 1814 1940 causas
1825 1916 1950 1940 eorum
1965 1905 2115 1942 una-esse
2125 1908 2354 1957 incompoffi.

1398 1961 1490 1995 biles
1505 1966 1674 2006 oportere
1689 1955 1725 1990 in
1741 1953 1920 1991 causando
1936 1977 1948 1997 ‚
1964 1959 2233 2003 nequeuntibus
2248 1961 2351 1999 fimul

1400 2009 1577 2048 causare3
1606 2016 1689 2041 nam
1711 2005 1819 2040 altera
1841 2003 2000 2051 ipsarum
2024 2006 2222 2055 causante,
2242 2013 2352 2048 altera.

1400 2058 1563 2107 profes-*to
1582 2053 1823 2091 nihilefficere
1834 2054 1989 2099 poterit,
2014 2067 2032 2089 a
2049 2055 2189 2094 fortiori
2214 2059 2352 2098 causa„

1401 2109 1554 2154 repetita
1569 2132 1581 2144 .
1592 2106 1689 2142 Cum
1707 2106 1816 2152 igitur
1828 2103 1971 2140 scientia
1987 2128 2000 2147 ,
2013 2106 2187 2154 &opinio
2195 2109 2351 2150 {int-iim.

1401 2161 1543 2204 pliciter
1559 2154 1856 2202 incompoffibiles
1870 2155 1906 2189 in
1918 2153 2043 2190 eodem
2060 2158 2155 2193 circa
2179 2161 2272 2199 idem
2284 2165 2352 2199 ob.

1399 2208 1535 2254 jee’tum
1553 2233 1565 2248 ,
1595 2206 1763 2251 ficuique
1780 2203 1945 2240 insederit
1971 2205 2126 2252 primum
2156 2211 2285 2258 opinio
2296 2212 2352 2250 su-

1402 2253 1950 2305 perveniente·demonstratione
1964 2280 1977 2298 ‚
1993 2266 2087 2302 opus
2103 2256 2152 2293 est
2165 2270 2353 2307 tit-prame.

1399 2308 1490 2344 dens
1505 2306 1632 2353 opinio
1649 2305 1742 2344 dere
1755 2303 1878 2341 eadem
1893 2302 1963 2340 effe
1974 2304 2106 2347 desinat
2121 2334 2132 2344 .
2157 2312 2242 2347 Tali
2267 2326 2354 2360 ergo

1400 2359 1437 2393 in
1453 2357 1536 2394 casu
1547 2353 1695 2393 effeaus
1710 2366 1909 2403 numquam
1928 2366 2034 2392 erunt
2050 2356 2152 2394 fimul
2167 2386 2180 2403 ‚
2194 2373 2258 2399 nec
2271 2376 2356 2401 cau.

1402 2409 1447 2445 [ω
1461 2410 1526 2445 illae
1544 2407 1694 2454 proinde
1711 2407 1811 2444 {imul
1825 2405 2026 2443 causabunt
2041 2433 2051 2444 .

1504 2458 1564 2494 Ad
1593 2457 1789 2495 secundum
1811 2467 1907 2505 patet
1920 2470 1963 2494 ex
1991 2457 2121 2496 dietis.
2149 2465 2245 2499 Nam
2269 2465 2354 2512 quis

1402 2512 1531 2557 utique
1548 2509 1681 2546 habere
1696 2510 1811 2557 potest
1821 2510 1984 2545 habitum
2001 2508 2133 2546 sciendi
2146 2525 2324 2560 exponere
2341 2542 2353 2559 ,

1401 2562 1585 2609 explicare
1597 2586 1607 2601 ‚
1633 2570 1744 2608 atque
1755 2561 1863 2598 etiam
1876 2559 2065 2596 defendere
2075 2559 2220 2600 divinas
2233 2565 2355 2614 Scrip-

1402 2623 1532 2652 turast3
1558 2609 1615 2646 sed
1631 2623 1701 2647 non
1717 2623 1906 2659 propterea
1922 2611 2096 2648 dicendus
2108 2612 2157 2649 est
2182 2627 2253 2652 una
2269 2627 2352 2653 cum

1402 2662 1472 2699 fide
1492 2662 1662 2710 prteditus
1677 2663 1743 2699 effe
1761 2662 1902 2699 scientia
1914 2664 2058 2710 proprie
2068 2663 2161 2701 dii-ta
2180 2691 2189 2700 .

1504 2712 1565 2748 Ad
1578 2713 1724 2750 tertium
1736 2712 1930 2749 dicendum
1944 2713 2138 2760 procedere
2148 2715 2193 2752 de
2204 2717 2353 2762 illis,qui

1402 2774 1465 2799 aut
1482 2762 1712 2804 habuerunt,
1740 2775 1802 2799 aut
1832 2763 1965 2800 habeut
1991 2762 2178 2809 habitum,
2202 2778 2278 2814 quo
2302 2766 2357 2801 as-

1400 2813 1605 2850 sentiuntur
1620 2814 1763 2851 veritati
1781 2815 1959 2857 revelatae,
1972 2825 2017 2850 eo
2032 2816 2259 2853 certitudinis
2271 2827 2355 2862 gra-

1404 2865 1452 2900 du
1469 2891 1481 2907 ,
1508 2877 1583 2912 quo
1598 2865 1679 2912 quis
1695 2866 1728 2900 In
1745 2866 1877 2901 lumine
1901 2866 2055 2901 naturali
2079 2865 2251 2903 assensum
2270 2879 2357 2914 prae-

1404 2915 1470 2952 stat
1487 2915 1675 2962 principiis
1687 2917 1836 2963 primis,
1856 2917 1913 2952 vel
1928 2916 2149 2952 concluiioni
2175 2930 2221 2954 ex
2236 2918 2286 2954 eis
2296 2917 2359 2955 de-

1404 2966 1520 3002 dueta·
1534 2992 1545 3008 ‚
1575 2966 1662 3001 citra
1676 2978 1819 3003 omnem
1835 2967 2055 3003 dubietatem
2071 2979 2084 3006 ;
2109 2979 2234 3005 verum
2247 2969 2356 3005 talem

1404 3015 1659 3052 certitudinem
1673 3016 1812 3053 infuisse
1825 3028 1870 3054 ex
1897 3015 2074 3052 evidentia
2099 3017 2236 3064 objeffi
2252 3045 2264 3061 ,
2293 3030 2358 3054 ne-

1405 3078 1533 3113 gamus
1545 3093 1554 3102 .
1585 3066 1630 3106 Et
1649 3068 1780 3103 tametfi
1809 3067 1942 3104 lumine
1969 3069 2126 3103 naturali
2152 3067 2356 3105 intelleaus

1406 3119 1546 3164 probari
1561 3128 1670 3165 queat
1691 3120 1808 3154 Deum
1823 3129 1887 3153 nec
1905 3117 1974 3152 falli
1987 3117 2082 3166 poss'e
2095 3144 2107 3160 ‚
2129 3131 2194 3154 nec
2210 3119 2328 3156 fallere
2343 3133 2356 3163 ς

1406 3179 1562 3203 attamen
1576 3180 1642 3203 nec
1659 3167 1737 3203 sciri
1753 3194 1765 3209 ‚
1791 3179 1854 3203 uec
1868 3169 2012 3215 probari
2025 3168 2139 3215 potest
2164 3171 2210 3205 ab
2234 3171 2357 3216 aliquo

1408 3217 1528 3254 Deum
1546 3218 1712 3253 infudiss'e
1728 3219 1829 3254 nobis
1842 3219 1960 3254 lumen
1973 3217 2241 3265 supernaturale
2258 3246 2270 3262 ‚
2293 3222 2358 3258 in„

1406 3281 1484 3314 quo
1501 3269 1634 3305 lumine
1648 3268 1743 3303 haud
1762 3267 1831 3303 fani
1846 3267 2031 3314 possumus
2070 3272 2165 3304 circa
2190 3283 2228 3306 ea
2243 3297 2254 3312 ,
2278 3275 2360 3318 quae'

1407 3320 1512 3353 nobis
1527 3320 1680 3354 revelata
1696 3317 1776 3354 sunt
1794 3333 1808 3358 ,-
1831 3318 1865 3353 id
1879 3320 1970 3353 enim
1985 3318 2128 3366 praecise
2152 3321 2333 3358 credimus
2347 3348 2357 3357 .

1408 3372 1504 3406 Nam
1520 3381 1562 3404 ex
1576 3367 1645 3404 sola
1660 3369 1726 3406 Dei
1745 3369 1932 3404 voluntate
1948 3369 2233 3414 pendetiufundi
2250 3373 2359 3409 alicui

1408 3421 1632 3455 talelumen.
1657 3418 1769 3468 Qod
1796 3419 2031 3456 nibilominus
2059 3418 2290 3457 necess'arium
2306 3422 2357 3459 es·

1408 3469 1456 3505 set
1476 3497 1484 3511 ‚
1504 3481 1541 3504 ut
1557 3472 1589 3505 in
1606 3470 1736 3505 lumine
1755 3469 2014 3515 supernaturali
2035 3470 2228 3507 haberetur
2243 3471 2358 3510 scien-

1409 3522 1455 3556 tia
1473 3533 1518 3556 ex
1534 3521 1714 3556 evidentia
1735 3521 1782 3554 rei
1799 3547 1810 3557 .

1510 3571 1567 3606 Ad
1585 3581 1753 3617 quartum
1781 3570 2011 3606 concedimus
2030 3597 2042 3612 ,
2065 3570 2099 3606 in
2123 3571 2360 3610 credibilibus

1410 3622 1477 3657 cffi—
1494 3622 1641 3668 aliquod
1660 3619 1811 3665 primum
1827 3621 1859 3655 R*
1880 3620 2128 3657 immediatum
2141 3623 2175 3657 δ(
2208 3624 2362 3661 necess‘a·

1412 3675 1503 3708 rium
1521 3697 1531 3712 ‚
1561 3684 1687 3717 nempe
1706 3697 1715 3711 ‚
1745 3672 1861 3706 Deum
1883 3670 1948 3706 sub
1960 3674 2102 3719 propria
2130 3672 2269 3710 ratione
2294 3674 2362 3713 effe

1411 3723 1577 3759 nnumin
1593 3722 1733 3758 essentia
1752 3747 1762 3762 ‚
1792 3722 1824 3755 8(
1843 3723 1977 3756 trinum
1994 3723 2027 3756 in
2046 3721 2362 3771 personis.thuf-

1411 3775 1490 3810 dem
1510 3785 1618 3810 unum
1639 3774 1671 3808 in
1686 3770 1826 3807 esst-ntia
1847 3770 1911 3806 sub
1925 3772 2063 3811 ratione
2077 3770 2190 3818 hujus
2204 3778 2312 3815 entis;
2325 3787 2360 3812 at

2271 3826 2312 3861 ad
