2643 4043
428 194 495 238 per
510 183 721 221 vetitionem
737 177 836 221 suam
849 204 863 227 ς
884 179 985 232 quod
997 193 1101 217 nemo
1113 183 1243 219 dixe-it
1256 207 1266 217 .

535 230 702 279 Denique
717 256 728 276 ,
753 235 888 281 aliquid
900 233 1021 272 evenit
1043 233 1078 268 in
1102 234 1207 270 rebus
1227 233 1367 268 contin·

433 292 573 334 genter,
584 286 724 331 &yoco
734 284 985 330 contingenter
999 285 1142 320 evenire
1156 309 1167 324 ‚
1188 282 1366 320 evitabili-

433 343 490 376 ter
502 335 647 371 evenire
660 358 671 377 ,
696 335 858 383 alioquin
871 332 891 371 fi
905 335 1024 370 omnia
1036 334 1233 369 inevitabili
1247 329 1366 368 neces·

433 387 538 425 {itate
549 381 736 434 prodirent
753 406 766 429 ‚
788 395 858 422 non
882 393 1064 430 oporteret
1088 383 1284 423 consiliari,
1306 393 1367 417 ne-

435 446 507 486 que
518 434 692 484 negotiari
711 440 732 478 ,³
751 444 790 471 ut
805 430 909 471 infert
923 432 1135 474 Aristoteles
1161 443 1190 473 ι.
1207 428 1366 468 Periher.

433 491 510 534 cap·
537 486 606 524 ult.
629 487 768 538 Qazro
792 494 880 530 ergo
902 485 937 519 id
955 512 964 526 ‚
988 483 1085 534 quod
1124 485 1370 529 contingenter

435 535 495 580 fit,
516 536 610 572 unde
626 544 679 573 vel
697 549 715 571 a
732 547 804 582 qua
815 532 921 571 causa
937 532 1026 571 fiat?
1054 529 1138 571 Non·
1158 547 1173 568 a
1187 532 1292 569 causa
1309 532 1369 566 de·

433 588 624 624 terminata
640 611 653 629 ‚
676 583 760 633 quia
777 594 898 630 proco
911 584 1057 621 instanti
1071 611 1081 627 ‚
1100 583 1239 631 quoest
1254 582 1298 619 sic
1312 581 1371 616 de-

433 639 621 673 terminata
636 662 648 678 ‚
671 634 818 672 effeetus
835 633 958 682 nequit
969 637 1112 672 evenire
1124 636 1372 679 contingenter

437 696 527 733 ‘ergo
543 681 676 722 acausa
691 682 963 721 indeterminata
986 683 1030 720 ad
1053 687 1204 721 alterum
1230 682 1372 730 opposi-

435 746 557 774 torum
574 745 658 778 3aut
674 746 761 781 ergo
773 736 827 770 illa
843 730 946 770 causa
961 735 1072 781 potest
1088 736 1233 782 seipsam
1255 733 1373 768 deter-

435 788 571 826 minate
583 787 832 831 contingenter
844 785 886 820 ad
900 795 1009 821 unum
1025 784 1163 821 illorum
1183 811 1194 827 ,
1205 795 1286 820 cum
1303 792 1375 818 non

465 832 587 873 offitin
611 844 810 884 utrumque
824 833 924 872 fimul
949 866 953 871 ,
983 836 1072 871 ficut
1098 836 1183 871 dicit
1195 834 1374 871 Aristote-

452 898 488 926 es
502 901 537 935 9⁴
567 882 740 931 metaph.
759 894 832 922 tex.
857 897 898 921 ιο
927 884 971 920 de
997 887 1155 932 potentia
1182 883 1372 924 rationali3

437 939 579 974 vernon
592 934 706 985 potest
722 934 865 981 seipsam
877 934 1113 973 determinare
1130 962 1141 979 ‚
1167 934 1223 973 sed
1237 933 1374 979 indiget

437 983 778 1025 allodeterminante
795 980 826 1021 se
856 984 900 1022 acl
919 986 1069 1022 alterum
1097 986 1344 1034 oppolitorum
1362 1007 1373 1019 .

440 1036 480 1079 si
494 1033 610 1085 potest
623 1032 656 1073 se
674 1034 780 1085 ipsam
794 1033 1031 1073 determinare
1043 1033 1085 1070 ad
1104 1046 1215 1073 unum
1229 1035 1372 1071 illorum

438 1085 691 1134 contingenter
711 1112 722 1128 ,
745 1088 801 1123 vel
817 1095 886 1123 non
912 1087 1165 1123 inevitab·1iter
1183 1110 1196 1130 ‚
1218 1084 1373 1121 habetur

437 1136 682 1190 propositum.
706 1132 742 1176 Si
754 1137 799 1173 ab
815 1136 1148 1174 allodeterminatur
1175 1134 1218 1171 ad
1245 1147 1374 1179 unum,

437 1189 496 1225 vel
507 1196 594 1235 ergo
606 1185 802 1224 necessario
815 1211 826 1230 ‚
837 1188 893 1224 vel
907 1189 1178 1231 contingenter.
1203 1184 1240 1223 Si
1259 1185 1369 1223 neces

439 1238 562 1279 sario,
586 1235 734 1275 effthus
751 1237 871 1274 evenit
884 1236 1140 1275 incuitabiliter
1155 1261 1165 1273 .
1194 1240 1231 1274 Si
1258 1238 1375 1274 deter-

438 1291 578 1329 minans
591 1289 806 1326 evitabiliter
828 1285 1038 1326 determinat
1053 1287 1095 1322 ad
1121 1299 1233 1324 unum
1250 1311 1261 1329 ,
1287 1288 1377 1324 adeo

440 1351 484 1377 ut
495 1347 605 1387 queat
631 1339 737 1375 etiarn
754 1339 796 1374 ad
812 1340 963 1377 alterum
980 1335 1218 1374 determinare
1239 1365 1248 1379 ‚
1271 1338 1376 1375 causa

440 1385 596 1427 efficiens
621 1388 715 1426 hanc
741 1387 1102 1429 determinationem,
1128 1389 1193 1424 alia
1218 1386 1286 1424 effe
1303 1400 1375 1424 non

440 1438 578 1492 potest,
599 1447 708 1487 quam
727 1440 896 1478 voluntas
910 1465 921 1478 .
951 1443 1044 1478 Nam
1057 1449 1285 1486 quaecunque
1308 1439 1376 1474 alia

439 1486 547 1530 causa
560 1491 734 1526 naturalis
748 1489 864 1527 aftiva
875 1490 925 1528 est
940 1490 1088 1526 omnino
1103 1487 1148 1523 ad
1165 1500 1275 1525 unum
1292 1486 1377 1525 effe·

436 1543 541 1580 Cium
556 1539 785 1576 determinata
799 1551 859 1576 aut
873 1552 968 1578 certe
986 1540 1007 1574 fi
1026 1537 1130 1573 causa
1144 1541 1317 1576 naturalis
1329 1540 1380 1576 di.

442 1590 857 1633 caturindeterminata,
885 1602 949 1628 nec
973 1587 1152 1635 seipsam,
1176 1602 1241 1626 nec
1271 1591 1377 1625 aliam

436 1639 555 1693 potest
565 1637 801 1676 determinare
813 1660 824 1673 .

541 1687 707 1724 Dicimus
719 1686 873 1723 secundo
886 1708 898 1728 ,
921 1683 1157 1722 Voluntatem
1171 1694 1314 1723 movere
1326 1685 1378 1722 in·

437 1737 622 1776 tellectum
637 1736 682 1772 ad
710 1737 922 1773 exercitium
936 1735 1081 1774 suorum
1108 1737 1279 1774 acinum.
1308 1739 1379 1773 De·-

440 1788 589 1825 claratlo
605 1789 726 1824 :Nam
740 1794 810 1823 una
826 1784 1068 1824 inteneffione
1082 1786 1285 1823 intellectus
1301 1787 1379 1820 exi-

440 1839 556 1877 stente
582 1834 742 1884 perfeeia
771 1863 781 1879 ,
813 1835 955 1882 pofl‘unt
991 1845 1159 1885 praeterea
1185 1835 1290 1873 inesse
1314 1834 1377 1871 sibi

437 1888 644 1936 complures
655 1884 731 1927 alia:
743 1886 900 1924 confuiae
912 1888 944 1923 8(
961 1885 1197 1935 imperfeEtae,
1218 1885 1277 1923 nist
1308 1885 1380 1922 for-

439 1937 526 1976 taffe
542 1950 580 1974 ea
594 1936 787 1973 intellectio
812 1936 962 1974 foretita
988 1936 1142 1984 pei-festa
1161 1938 1191 1974 8(
1221 1937 1380 1980 attualis,

442 1995 640 2026 utomnem
664 1987 764 2023 aliam
789 1986 1021 2028 excluderem
1041 1988 1379 2036 quemadmodum-i

444 2041 561 2075 virtus
577 2037 688 2073 vifiva
703 2035 736 2073 in
754 2038 937 2085 pyratride
951 2063 960 2080 ,
988 2039 1020 2074 8(
1037 2039 1125 2074 inira
1145 2037 1251 2074 bafim
1268 2038 1382 2073 attin-

446 2099 533 2137 gens
546 2098 657 2124 unum
673 2085 848 2145 sun-‘stum
861 2088 895 2123 in
924 2100 1014 2123 cono
1030 2087 1194 2125 distinete
1206 2114 1217 2130 ,
1240 2100 1309 2124 una
1327 2087 1381 2122 vi·

440 2138 501 2175 det
533 2139 643 2175 multa
673 2135 919 2184 imperfefte&
940 2137 1170 2179 indistinEle3
1207 2139 1273 2174 illis
1293 2148 1382 2183 ergo

441 2186 599 2225 confusis
616 2199 725 2234 atque
749 2187 962 2233 imperfeeus
976 2188 1027 2225 ibi
1053 2189 1290 2225 existentibus
1316 2199 1382 2235 po·

441 2239 509 2277 test
522 2240 689 2275 voluntas
708 2234 834 2285 profui
852 2240 970 2274 innata
997 2239 1161 2276 libertate
1192 2239 1256 2275 sibi
1285 2249 1381 2273 com.

442 2290 580 2338 placere
595 2291 627 2323 in
641 2288 799 2337 qualibet
823 2300 943 2325 earum
959 2317 970 2332 ,
992 2290 1123 2326 etiamsi
1153 2289 1210 2326 ilia
1240 2289 1380 2325 intelle·

444 2339 517 2375 e‘tio
534 2350 604 2375 non
619 2337 727 2376 fuerit
740 2340 881 2384 cognita
897 2365 909 2382 ,
931 2351 970 2376 ut
982 2338 1166 2384 objestum
1180 2338 1378 2375 aetualirer.

443 2388 643 2428 Volunvate
669 2400 788 2426 autem
814 2391 1035 2436 approbante
1060 2390 1198 2437 sibique
1221 2390 1378 2436 compla—

441 2450 547 2478 cente
575 2441 609 2480 in
634 2441 750 2487 aliqua
777 2439 1017 2477 intellefflone
1035 2466 1047 2482 ,
1084 2440 1157 2488 ipsa
1183 2438 1379 2477 intellec'iio

447 2488 684 2528 confirmatur
696 2501 805 2538 atque
818 2490 1017 2527 intenditur
1032 2503 1044 2533 3
1070 2503 1194 2528 contra
1207 2502 1296 2527 vero
1305 2501 1376 2526 non

441 2543 689 2589 complacente
705 2542 759 2576 vel
784 2541 1139 2577 nolenteinfirmatur
1163 2543 1197 2577 8<
1225 2542 1378 2577 remitti-

441 2600 527 2629 ωτι
551 2594 645 2630 Nam
660 2601 766 2639 agens
781 2616 791 2633 ,
815 2591 913 2638 quod
932 2590 983 2627 est
1001 2592 1223 2629 diversarum
1248 2601 1375 2638 opera·

441 2644 581 2678 tionum
601 2644 632 2678 3(
651 2640 836 2679 actionum
855 2667 865 2683 ‚
890 2639 910 2676 si
938 2639 1033 2679 circa
1052 2653 1162 2680 unum
1189 2643 1221 2678 8(
1248 2641 1373 2678 idem..

443 2702 526 2739 ngat
542 2715 554 2735 ⁵
578 2688 704 2729 fortius
717 2692 749 2729 8(
763 2692 956 2741 ρετῐεξὶῑυε
969 2695 1043 2740 agit
1056 2718 1067 2736 ,
1092 2702 1201 2740 quam
1216 2691 1236 2728 fi
1251 2694 1372 2727 circa...

443 2739 582 2779 diversa
610 2742 803 2779 secundum
840 2742 997 2780 diversas
1019 2743 1196 2791 potentias
1225 2751 1371 2787 ageret.

445 2789 508 2830 llla
523 2805 610 2838 ergo
625 2816 636 2835 ,
659 2793 878 2833 intelletum
899 2804 980 2841 quae
1002 2804 1078 2830 erat
1089 2792 1224 2830 remissa
1249 2795 1282 2829 8(
1312 2794 1375 2829 im.

443 2842 626 2891 persuffla,
655 2839 695 2879 fit
711 2852 774 2892 per
799 2841 977 2879 influxurn
1001 2845 1196 2881 voluntatis
1220 2841 1374 2892 impense

442 2891 599 2930 volentis
612 2895 706 2929 illam
720 2917 730 2934 ‚
758 2892 912 2938 perfetta
924 2904 1032 2941 atque
1046 2894 1180 2929 intensa
1199 2907 1210 2936 ς
1228 2893 1295 2929 hac
1308 2894 1376 2941 igi·

439 2949 504 2978 tur
519 2946 652 2980 ratione
666 2943 801 2993 optime
818 2942 1047 2990 intelligimus
1059 2969 1069 2986 ,
1094 2943 1187 2989 posse
1208 2945 1374 2980 volunta.

444 3001 514 3029 tem
532 2992 706 3042 imperare
728 2995 983 3040 cogitationem
999 3019 1010 3036 ‚
1031 2993 1065 3030 8(
1089 3005 1300 3031 convertere
1321 2994 1375 3029 in-

443 3041 624 3080 telleftum
651 3045 692 3079 ad
716 3046 810 3081 illam
833 3067 842 3079 .
874 3043 1072 3080 Voluntate
1092 3055 1208 3081 autem
1235 3047 1377 3081 nolente

444 3094 551 3131 aliam
564 3093 837 3131 intellefflonem
855 3119 867 3138 ,
892 3105 952 3130 aut
977 3092 1010 3131 se
1041 3094 1242 3131 obtestante
1261 3096 1294 3130 in
1309 3107 1347 3131 ca
1363 3121 1375 3138 ,

444 3143 505 3183 illa
517 3143 711 3181 remittitur
728 3171 738 3188 ‚
765 3154 825 3180 aut
843 3144 909 3180 effe
923 3144 1046 3181 desinit
1061 3169 1073 3186 ,
1094 3144 1127 3179 8(
1156 3148 1201 3181 ita
1221 3146 1376 3193 percipi-

445 3204 526 3231 mus
537 3218 550 3238 ,
570 3195 791 3232 voluntatem
807 3205 967 3232 avertere
982 3194 1198 3233 iutelleftum
1213 3199 1258 3233 ab
1273 3196 1374 3233 intel-

443 3244 594 3290 lefflone
607 3244 763 3291 alicujus
778 3244 911 3293 objeffl
926 3270 935 3282 .

546 3295 604 3332 Ad
617 3304 823 3341 argumenta
836 3319 846 3330 .
875 3296 932 3335 Ad
945 3294 1095 3342 prlmum
1111 3295 1305 3343 respondeo
1315 3300 1374 3339 fic:

445 3342 581 3393 Aliqua
592 3345 640 3383 est
656 3345 767 3382 forma
782 3347 817 3382 in
833 3349 991 3393 potentia
1005 3347 1294 3386 contradieuonis
1307 3378 1318 3394 ‚
1334 3363 1373 3387 ut

442 3394 586 3434 scicntia
603 3421 614 3439 ‚
639 3405 719 3442 quse
742 3394 790 3433 est
807 3399 1069 3434 contrariorum
1083 3426 1095 3443 ,
1119 3409 1234 3444 eaque
1248 3404 1374 3449 nequit

444 3445 479 3483 se
503 3446 762 3489 determinare,
785 3446 871 3494 quia
895 3447 943 3483 est
957 3447 1131 3485 diminuta
1155 3450 1189 3484 8(
1208 3452 1374 3498 imperfe-

441 3497 497 3533 ξὶε
516 3521 529 3540 ,
550 3508 727 3546 quantum
749 3497 791 3532 ad
819 3496 889 3533 hoc
904 3523 913 3539 ,
940 3497 972 3534 &
999 3499 1139 3546 respicit
1164 3510 1373 3548 utrunque,

443 3550 730 3585 contrariorum:
760 3546 864 3584 Vnde
898 3548 1128 3594 Aristotcles,
1155 3563 1191 3597 9.
1210 3553 1372 3601 Metaph.

437 3603 514 3633 tex.
530 3608 559 3644 3.
577 3598 620 3637 &⁶
636 3609 690 3635 10.
701 3595 789 3634 dicit
806 3624 817 3640 ,
830 3599 851 3634 si
869 3598 1011 3635 scicntia
1024 3598 1156 3647 absque
1170 3603 1239 3637 alio
1254 3602 1372 3639 deter-

441 3647 597 3684 minante
608 3659 653 3685 ex
673 3647 710 3687 se.
722 3648 926 3696 procederet
942 3650 985 3685 ad
1001 3649 1119 3687 astum
1135 3677 1148 3693 ,
1175 3649 1250 3688 fore
1274 3664 1313 3688 ut
1331 3653 1373 3690 si-

443 3700 517 3731 mul
530 3698 703 3733 contraria
717 3698 931 3745 produceret
945 3724 957 3736 .
983 3702 1064 3739 Alia
1079 3714 1167 3737 vcro
1184 3700 1232 3738 est
1259 3700 1372 3740 forma

437 3745 649 3798 inpotentia
668 3750 960 3795 indeterminata,
989 3750 1148 3801 perfetta
1174 3762 1320 3798 tamen,
1338 3756 1373 3794 8(

995 150 1023 160 ,.
1056 113 1237 164 Summe
1267 108 1459 181 Joannis
1498 113 1627 160 Dum
1655 111 1775 162 Scott‘

1448 191 1521 217 non
1542 181 1717 218 diminuta
1746 180 1895 230 objeeto
1915 182 1978 223 fibi
1993 183 2204 233 praesentato
2219 210 2232 226 2
2258 182 2382 229 cuius·

1447 231 1543 267 modi
1556 232 1606 268 est
1618 235 1783 270 voluntas
1794 259 1806 276 ,
1829 235 1860 270 8(
1874 234 1940 272 ista
1953 235 2066 282 potest
2081 235 2113 271 se
2127 234 2378 277 determinare,

1450 292 1558 328 atque
1571 284 1676 319 etiam
1689 285 1754 320 alia
1771 308 1781 320 .
1801 282 1884 320 hvnc
1897 285 2185 324 Aristoteleslovo
2194 282 2380 321 cit.subdit

1446 331 1759 370 determinativum
1774 334 1927 371 scientiae
1942 338 2156 386 nequeuntis
2168 335 2200 371 se
2213 334 2382 370 determi-

1446 393 1530 418 nare
1543 384 1586 418 ad
1600 397 1709 421 unum
1737 387 1996 425 contrariorum
2012 401 2023 430 ς
2055 387 2138 423 Hoc
2157 395 2274 422 autem
2288 384 2379 427 dico,

1447 433 1612 480 inquiens
1629 462 1639 477 ‚
1666 438 1888 483 appeticum,
1913 435 2197 486 velprohaerefim
2212 464 2221 473 .
2249 435 2382 472 Poten-

1447 483 1496 518 tia
1510 484 1620 529 igitur
1633 486 1814 521 rationalis
1828 485 1984 530 perfec-ia
2001 515 2013 530 ,
2037 488 2154 534 qualis
2175 487 2224 523 est
2250 487 2381 522 volun·

1446 543 1522 575 tas,
1546 537 1713 580 quamuis
1724 535 1762 570 sit
1776 535 2160 581 contradiftoriorum‚
2185 535 2300 584 potest
2319 535 2381 570 de·

1445 586 1638 620 terminare
1655 583 1687 618 se
1703 585 1849 630 objeeto
1861 586 2030 634 praesente
2042 585 2087 622 ad
2098 599 2207 623 unum
2222 588 2379 622 illorum.

1542 635 1601 673 Ad
1626 633 1947 674 confirmationem
1975 637 2056 673 dico
2070 663 2081 678 ,
2104 636 2127 673 fi
2155 638 2384 678 admittatur,

1444 679 1626 730 objeeitim
1640 696 1784 722 movere
1795 687 2018 724 voluntatem
2032 685 2209 728 effective,
2223 687 2298 724 esto
2307 697 2382 722 non

1447 733 1486 768 fit
1501 734 1602 770 causa
1618 737 1678 772 nifi
1694 737 1852 782 partialis
1867 735 2054 784 minusque
2066 737 2285 786 principalis,
2300 735 2383 783 pos·

1445 782 1478 819 se
1490 785 1637 822 concedi
1651 811 1664 829 ,
1690 786 1857 823 balneum
1875 789 1966 823 intra
1995 799 2192 824 moverent
2212 788 2384 831 efficiens,

1447 835 1481 869 8(
1494 845 1595 870 extra
1606 861 1617 878 ‚
1632 847 1673 871 ut
1688 836 1808 873 finem.
1822 838 2040 875 Sustinendo
2049 847 2183 880 tamen,
2193 837 2382 885 objeetum

1443 882 1587 930 praecise
1597 886 1663 922 effe
1677 887 1816 923 causam
1828 914 1839 931 ,
1867 888 1937 925 fine
1951 900 2022 936 qua
2038 889 2206 924 voluntas
2223 901 2295 925 non
2308 887 2386 924 exit

1442 934 1478 969 in
1489 935 1605 971 actum
1619 961 1631 979 ,
1665 936 1698 973 8(
1715 939 1814 973 nullo
1826 938 1932 974 modo
1947 938 2108 975 effective
2121 963 2132 981 ,
2158 948 2246 975 tunc
2274 947 2387 985 opor·

1441 992 1492 1020 tet
1504 984 1653 1030 glofl'are
1667 986 1841 1024 Averrois
1855 988 2101 1025 auctoritatem
2113 988 2267 1024 dicendo
2282 1014 2294 1030 ,
2306 988 2387 1024 bal-

1441 1045 1547 1071 neum
1565 1046 1637 1073 non
1651 1049 1794 1074 movere
1805 1037 1966 1077 effective
1975 1051 2039 1089 per
2052 1037 2085 1075 se
2101 1064 2114 1081 ‚
2139 1037 2197 1075 sed
2211 1050 2273 1087 per
2289 1038 2383 1074 acci⁸

1439 1082 1526 1122 dens
1543 1111 1553 1124 .
2055 1114 2058 1116 v

1541 1137 1680 1174 Contra
1697 1134 1767 1174 hoe
1784 1149 1793 1176 ε
1810 1135 2002 1189 Causaper
2019 1136 2052 1178 se
2069 1134 2117 1177 est
2131 1136 2229 1188 prior
2249 1133 2386 1176 causa-s

1441 1195 1504 1234 per
1516 1186 1681 1225 accidens
1698 1202 1707 1225 ι
1725 1190 1796 1226 Sed
1811 1190 1994 1237 objectum
2012 1193 2112 1241 prius
2127 1190 2176 1227 est
2205 1201 2333 1227 natura
2348 1190 2385 1225 δε

1441 1238 1580 1284 origine
1595 1241 1768 1276 volitione
1792 1243 1990 1278 voluntatis
2007 1254 2020 1284 ς
2049 1242 2135 1289 ergo
2148 1242 2215 1277 etit
2230 1251 2294 1287 per
2319 1239 2382 1277 se...

1442 1288 1546 1322 causa
1560 1286 1656 1326 illius
1672 1316 1682 1332 ,
1707 1290 1763 1325 vel
1778 1302 1872 1328 certe
1885 1291 2104 1339 fiobje&um
2133 1290 2315 1328 concurrit
2343 1296 2386 1325 ut

1444 1337 1546 1373 causa
1561 1351 1624 1386 per
1637 1340 1801 1377 accidens
1812 1369 1823 1384 ‚
1843 1344 1911 1378 erit
1928 1343 2101 1390 posterius
2111 1342 2300 1378 voluntate
2315 1367 2328 1384 ,
2342 1349 2385 1376 ut

1441 1387 1491 1424 est
1503 1388 1604 1424 causa
1622 1403 1682 1436 per
1695 1389 1742 1428 se:
1759 1389 1862 1427 causa
1880 1403 2001 1430 autem
2016 1405 2075 1440 per
2091 1392 2124 1428 se
2137 1403 2175 1428 ut
2191 1392 2289 1439 prior
2303 1402 2385 1440 pro·

1443 1438 1544 1475 ducit
1559 1438 1724 1477 effectum
1743 1451 1755 1482 3
1781 1453 1868 1488 ergo
1879 1442 1950 1490 ipsa
1963 1443 2130 1479 voluntas
2145 1442 2276 1491 poterit
2302 1453 2389 1490 pro·

1441 1489 1572 1525 ducere
1587 1491 1793 1540 volitionem
1807 1492 1940 1540 absque
1952 1493 2096 1539 objefto
2107 1494 2253 1538 cognito
2264 1516 2276 1533 ,
2286 1491 2389 1540 quod

1443 1539 1531 1576 nihil
1546 1539 1594 1576 est
1608 1540 1706 1575 dictu
1718 1562 1730 1576 0
1743 1542 1940 1586 Responsio
1951 1556 1961 1576 t
1973 1542 2090 1576 Causa
2103 1554 2168 1586 per
2182 1540 2215 1574 se
2227 1541 2275 1576 cst
2291 1543 2389 1588 prior

1443 1587 1548 1623 causa
1562 1598 1623 1632 per
1636 1588 1802 1621 accidens
1831 1589 1888 1623 vel
1903 1598 2052 1631 natura,
2075 1590 2132 1623 v'ei
2157 1589 2389 1636 perfectione,

1446 1647 1516 1672 non
1530 1647 1647 1670 autem
1663 1635 1798 1680 semper
1812 1639 1952 1682 origine
1963 1640 2018 1675 vel
2031 1639 2276 1675 natura.sicut
2287 1651 2387 1676 amo·

1445 1686 1498 1720 tio
1511 1686 1568 1720 vel
1585 1684 1709 1721 fraeno
1727 1689 1835 1723 trabis
1847 1688 1897 1723 est
1910 1688 2015 1724 causa
2033 1701 2095 1735 per
2111 1689 2300 1732 acciden83
2325 1689 2389 1727 de·

1445 1734 1586 1771 scensus
1597 1736 1717 1779 gravis
1731 1734 1780 1771 est
1792 1737 1889 1781 prior
1901 1749 2028 1774 natura
2041 1737 2144 1775 causa
2158 1749 2219 1787 per
2229 1738 2263 1776 se
2275 1740 2386 1789 ipsius

1444 1794 1567 1819 motus
1579 1784 1699 1829 gravis
1727 1810 1735 1821 .
1763 1784 1881 1822 Causa
1895 1789 2000 1824 etiam
2017 1801 2080 1836 per
2093 1789 2257 1828 accidens
2282 1789 2391 1828 redu-

1444 1835 1541 1870 citur
1551 1834 1594 1868 ad
1611 1836 1751 1871 causam
1763 1848 1825 1882 per
1842 1836 1875 1873 se
1890 1838 2043 1885 priorem
2057 1866 2070 1882 ‚
2084 1841 2139 1876 vel
2156 1841 2198 1875 ad
2212 1840 2387 1889 seipsam,

1443 1893 1484 1918 ut
1499 1883 1549 1933 est·
1563 1883 1665 1920 causa
1681 1899 1742 1933 per
1757 1885 1790 1922 se
1801 1886 1962 1935 respeftu
1975 1891 2119 1927 alterius
2130 1889 2387 1933 effeflusficut

1445 1934 1589 1970 fodiens
1604 1960 1615 1977 ,
1636 1935 1808 1972 foditione
1818 1936 1866 1973 est
1883 1938 1988 1975 causa
2004 1953 2067 1989 per
2082 1941 2247 1978 accidens
2260 1944 2388 1980 inven-

1446 1983 1554 2033 tionis
1570 1984 1725 2021 thesauri
1738 2010 1751 2029 ,
1773 1987 1806 2022 8(
1822 1987 1871 2023 est
1896 1989 2000 2026 causa
2027 1992 2246 2029 inventionis
2276 2006 2382 2040 aquae

1446 2048 1508 2084 per
1522 2032 1579 2078 seg
1603 2035 1636 2072 8<
1653 2047 1691 2071 ut
1704 2049 1764 2082 per
1779 2038 1942 2075 accidens
1955 2040 2138 2078 reducitur
2151 2043 2194 2077 ad
2224 2042 2386 2092 seipsam,

1446 2098 1487 2122 ut
1502 2087 1607 2134 perse
1621 2083 1723 2123 causa
1740 2110 1751 2130 ,
1769 2088 1826 2124 vel
1847 2090 2030 2129 reducitur
2053 2092 2095 2128 ad
2124 2092 2227 2130 aliam
2243 2106 2306 2143 per
2320 2093 2385 2135 se„

1448 2138 1601 2184 priorem
1616 2137 1834 2183 perfeffione
1848 2165 1859 2182 ,
1882 2152 1922 2178 ut
1933 2139 2067 2180 digium
2084 2141 2132 2180 est
2148 2167 2159 2179 .

1544 2188 1603 2225 Ad
1619 2187 1811 2226 secundum
1826 2191 1980 2230 dicimus
1999 2195 2216 2232 concludere
2243 2197 2387 2247 opposi-

1447 2245 1554 2280 (υνυς
1579 2240 1674 2275 Nam
1690 2252 1729 2276 ea
1757 2241 1801 2276 de
1815 2239 1917 2279 causa
1934 2244 1978 2279 fic
2004 2256 2173 2283 movetur
2203 2252 2386 2295 appetitus

1447 2285 1657 2331 senfitivus,
1680 2289 1765 2334 quia
1781 2302 1854 2327 non
1875 2293 2022 2330 estliber
2040 2308 2052 2338 ς
2075 2309 2109 2334 at
2124 2299 2307 2343 appetitus
2334 2300 2390 2336 in-

1445 2339 1648 2376 oeHeffiun
1660 2341 1708 2376 est
1720 2341 1943 2381 essentialiter
1957 2345 2045 2382 liber
2059 2375 2068 2389 ‚
2083 2350 2154 2386 imo
2168 2346 2264 2386 solus
2274 2348 2324 2386 est
2335 2361 2391 2389 ta.

1445 2387 1510 2425 lis.
1533 2391 1638 2428 Vnde
1656 2392 1746 2427 rene
1764 2391 2075 2434 Damascenuslib.
2097 2408 2128 2434 2.
2144 2397 2188 2432 de
2215 2397 2284 2435 fide
2307 2411 2388 2449 cap.

1446 2446 1507 2475 22.
1522 2440 1555 2476 8(
1573 2450 1629 2487 23.
1647 2441 1867 2487 Sensitivus,
1894 2445 2011 2492 inquit
2024 2474 2034 2490 ,
2053 2447 2205 2484 ducitur
2221 2475 2233 2490 ‚
2258 2448 2304 2490 ὠ·
2320 2460 2387 2486 non

1443 2487 1545 2526 ducit
1560 2515 1574 2533 ,
1587 2490 1656 2537 fid
1663 2492 1901 2532 intelleflivus
1914 2496 2016 2533 ducit
2031 2524 2042 2540 ,
2070 2499 2114 2537 (ἓν
2125 2508 2192 2533 non
2207 2497 2358 2535 ducitur
2373 2525 2385 2536 .

1544 2541 1602 2576 Ad
1616 2543 1759 2577 tertium
1775 2545 2155 2591 reipondeozssxistens
2168 2548 2204 2584 in
2220 2548 2304 2585 ablu
2314 2552 2388 2597 pri·

1442 2600 1501 2625 mo
1513 2592 1679 2629 movendi
1691 2592 1724 2626 in
1741 2592 1772 2629 se
1786 2593 1860 2641 ipso
1870 2596 1987 2634 afilive
2003 2624 2012 2639 ‚
2038 2599 2071 2634 8(
2100 2610 2171 2634 non
2188 2600 2259 2634 alio
2271 2625 2282 2641 ,
2307 2600 2385 2636 exit

1442 2639 1478 2674 in
1491 2639 1609 2677 aetum
1626 2641 1816 2679 secundum
1832 2671 1843 2686 ‚
1869 2647 1956 2681 ficut
1983 2647 2118 2684 habens
2134 2646 2316 2686 scientiam
2347 2652 2385 2686 in

1442 2689 1523 2725 aaa
1536 2693 1651 2738 primo
1665 2704 1736 2727 non
1748 2693 1880 2742 indiget
1897 2697 2020 2744 aliquo
2029 2696 2220 2742 effetum,
2237 2701 2297 2736 vel
2311 2713 2386 2737 mo,

1441 2740 1517 2773 tivo
1529 2742 1682 2778 ducente
1700 2743 1813 2790 ipsum
1829 2747 1872 2780 ad
1885 2746 2003 2782 aetum
2021 2747 2290 2791 considerandi,
2320 2751 2385 2788 nist

1439 2787 1575 2827 habens
1591 2791 1707 2829 afilem
1722 2795 1874 2841 primum
1891 2796 2032 2833 deficiat
2055 2800 2089 2833 in
2105 2800 2227 2847 aliquo
2243 2825 2255 2842 ,
2282 2801 2386 2846 quod

1440 2839 1633 2877 necessario
1648 2846 1842 2890 requiritur
1855 2846 1898 2881 ad
1916 2846 1982 2882 boc
1995 2859 2033 2884 ut
2049 2860 2156 2885 exeat
2167 2851 2201 2886 in
2228 2849 2384 2887 aetum„

1443 2887 1634 2928 secundum
1649 2904 1658 2929 ε
1673 2893 1761 2930 ficut
1776 2897 1946 2942 quamvis
1960 2899 2089 2934 oculus
2105 2898 2258 2935 hominis
2276 2927 2286 2943 ,
2318 2902 2385 2949 qui

1440 2951 1512 2997 non
1529 2942 1640 2987 potest
1668 2944 1857 2981 immutare
1884 2946 2040 2984 medium
2052 2974 2063 2989 ,
2092 2947 2220 2985 habeat
2232 2951 2386 2987 actum..-

1441 3002 1595 3037 primum
1616 2993 1786 3038 videndi,
1807 3007 1880 3032 non
1894 3009 2011 3033 tamen
2023 3010 2166 3035 cernere
2185 3001 2281 3037 valet
2301 2999 2387 3035 vist-

1444 3042 1560 3076 bilein
1577 3046 1730 3080 tenebris
1757 3071 1766 3081 .
1793 3047 2020 3084 Rationabile
2041 3048 2090 3084 est
2112 3061 2231 3087 autem
2251 3078 2263 3094 ‚
2289 3048 2382 3086 adeo

1442 3092 1594 3128 nobilem
1610 3096 1732 3131 aninoe
1744 3096 1996 3142 perfeEIionem
2008 3124 2020 3141 ‚
2042 3100 2159 3146 qualis
2179 3100 2229 3139 est
2253 3101 2386 3135 volun·

1443 3151 1498 3177 tas
1509 3144 1606 3180 exire
1620 3144 1760 3191 possein
1775 3147 1892 3184 aetum
1906 3148 2113 3192 secundum,
2125 3161 2202 3198 quo
2215 3149 2298 3186 astu
2311 3149 2385 3186 ani·

1446 3204 1499 3227 ma
1516 3194 1697 3240 perficitur
1714 3196 1953 3235 formaliterin
1967 3198 2047 3234 :ic-“tu
2075 3199 2231 3237 secundo
2246 3226 2258 3243 ,
2281 3199 2382 3236 nulio

1443 3243 1514 3277 alio
1528 3245 1646 3282 affivo
1658 3246 1840 3294 requisito:
1853 3261 1888 3285 at
1903 3249 1946 3285 ad
1957 3249 2126 3297 paffiones
2139 3263 2219 3298 quae
2233 3251 2311 3287 sunt
2327 3263 2385 3290 ca.

1444 3292 1555 3331 lefieri
1573 3323 1583 3338 ,
1607 3298 1640 3333 8(
1654 3296 1855 3336 ἢιιῐηεξὶτιτῐ
1871 3327 1881 3342 ,
1905 3302 2038 3347 quibus
2053 3303 2295 3349 corrumpitur
2319 3312 2384 3338 na-

1443 3353 1523 3379 tura
1536 3345 1621 3391 ligni
1639 3371 1651 3391 ‚
1678 3347 1711 3383 8(
1727 3361 1798 3384 non
1812 3349 1995 3396 perficitur
2012 3377 2024 3393 ,
2048 3351 2173 3399 nequit
2187 3352 2384 3390 rationabi-

1440 3393 1517 3431 liter
1532 3397 1663 3434 adstrui
1680 3422 1690 3440 ‚
1718 3400 1779 3446 ipsi
1796 3400 1893 3447 ligno
1917 3400 2031 3438 adesse
2043 3402 2159 3438 aetum
2189 3403 2383 3451 pritnum„

1439 3444 1527 3480 sicut
1546 3449 1761 3495 principium
1775 3450 1931 3487 aftivum
1945 3477 1958 3494 ,
1982 3446 2237 3500 quopraesente
2251 3453 2383 3499 igne-2,

1443 3497 1556 3532 veluti
1569 3499 1856 3547 conditionesine
1871 3514 1940 3549 qua
1956 3515 2022 3539 non
2037 3529 2050 3546 ,
2078 3502 2269 3540 reducendi
2289 3503 2323 3540 se
2337 3504 2381 3540 ad

1439 3547 1559 3584 aetum
1585 3550 1686 3585 illum
1715 3549 1932 3596 secundum,
1953 3564 2029 3599 quo
2043 3563 2168 3590 natura
2192 3554 2282 3601 ligni
2302 3567 2387 3592 cot·-

1441 3600 1621 3647 rumpitur
1638 3624 1647 3634 .
2311 3616 2314 3620 ·

1543 3649 1602 3686 Ad
1630 3651 1802 3689 rationem
1826 3653 1861 3690 in
1896 3655 2099 3705 oppoiiturn
2135 3654 2384 3704 responderam

1444 3700 1625 3737 Voluntas
1637 3713 1756 3737 movet
1768 3704 1989 3744 intellectum
2001 3715 2176 3753 quantum
2187 3706 2232 3742 ad
2243 3710 2379 3744 exerci-

1441 3751 1532 3789 tium
1542 3751 1645 3789 aetus
1658 3779 1673 3803 ,
1684 3755 1822 3804 ‚qui-0&
1833 3755 2085 3806 ipsumvcrum
2096 3781 2108 3798 ‚
2119 3757 2219 3805 quod
2235 3757 2285 3793 est
2298 3768 2379 3804 pei·-

2221 3807 2333 3845 festio

2450 611 2605 652 viamen
2622 621 2625 633 ι

2415 648 2494 685 glosa
2514 654 2608 697 Magis,

2416 682 2532 728 [ychen
2543 708 2554 721 .
2584 706 2587 707 ⁷
