2628 4011
59 729 203 760 secunao.

26 998 27 1013 l

55 1021 166 1061 Regula
209 1019 253 1049 di-

24 1087 27 1100 ,
53 1058 202 1100 guolcendi

13 1097 25 1136 535
54 1101 169 1136 quando
197 1106 252 1126 no-

14 1151 26 1165 l:
53 1146 216 1167 effluentum

54 1185 155 1215 augeat
185 1185 252 1214 pec-

55 1224 108 1244 cati
167 1215 251 1245 mali-

22 1272 25 1286 .
56 1256 124 1284 tiam
137 1269 148 1286 ο

98 2606 261 2647 Imputabile

68 2643 212 2684 dupliciter
222 2656 264 2674 ιιι-

12 2698 13 2702 *
67 2688 152 2724 teutgi
164 2689 265 2724 potclt.

9 3182 11 3220 l
73 3180 180 3220 Qubus
239 3181 268 3210 iu

9 3238 11 3242 ›
72 3224 184 3249 Latmus
213 3229 267 3249 no—

73 3269 232 3287 §inuentum

8 3300 10 3324 l
72 3303 183 3336 icqucus
217 3308 267 3338 ag—

8 3350 11 3375 ἱ
71 3346 167 3375 graia-*t
199 3347 267 3378 pec-

73 3385 188 3405 catum·

712 144 870 194 :roms
886 141 987 195 111.
1004 148 1132 194 Part.
1150 142 1208 198 ιι.
1225 143 1422 223 Qaestio
1443 145 1669 199 LXXIII.
1682 149 1785 198 Art.
1801 153 1864 199 x.
2128 157 2234 216 (2315

421 269 455 305 A
485 269 519 304 R
545 266 621 319 Tsi
643 235 691 304 ‚e
716 246 812 306 'usa
841 264 879 300 υ
907 260 932 296 s
986 264 1095 301 vm.

324 368 465 411 Utrum-
475 354 639 415 gravitas
656 367 794 414 peccati
806 376 983 415 augeatur
997 363 1195 404 secundum

543 417 661 465 majus
685 428 971 455 nocumentum.
994 424 996 426 ’

285 502 586 566 Doftbrquodlib.
604 531 639 568 q.
657 522 713 558 18.
733 521 769 561 ξ
780 523 832 557 De
844 517 1005 555 secundo
1015 517 1209 567 principali
1225 544 1237 555 .

483 569 526 605 S.
544 570 664 609 Thom.
685 584 715 608 ι.
733 583 816 619 z.q.
831 578 977 625 ηψπ.
996 570 1032 606 8.
1084 626 1086 628 Ι

388 668 576 716 Espondeo
589 701 600 716 ‚
614 675 757 721 Utique
771 671 957 719 intendens
974 681 1104 707 nocere
1117 671 1234 712 alteri,

404 726 470 766 pro
483 723 621 760 ratione
634 723 845 762 nocumenti
858 723 944 758 illati
965 720 1138 768 pensatur
1150 733 1232 766 gra-

280 767 373 801 vitas
402 773 569 808 commiffi
587 776 747 822 peccati3
772 775 892 820 sicque
917 774 1065 818 gravius
1088 773 1236 809 omnino

281 827 406 864 peccat
423 821 580 860 inferens
594 836 715 861 necem
728 826 896 872 proximo
913 848 923 863 ‚
950 833 1022 868 prae
1049 823 1112 857 illo
1128 849 1138 864 ,
1166 820 1233 870 qui

282 866 496 908 substantias
511 874 609 910 illius
623 875 770 911 abstulit
788 901 797 916 ,
822 873 924 908 ficuti
942 873 1092 918 gravius
1107 871 1154 908 est
1170 884 1234 906 no-

282 929 488 959 cumentum
505 950 514 963 ‚
541 936 619 972 quo
640 929 805 973 privatur
821 925 895 960 vita
909 949 920 965 ‚
948 933 989 957 ac
1004 923 1043 958 lit
1058 922 1147 958 illud
1158 933 1236 969 quo

283 968 599 1020 spoliaturinjuste
613 978 744 1024 opibus
773 1003 781 1011 .
815 975 913 1022 Quia
928 984 1047 1008 tamen
1078 984 1150 1008 non
1169 974 1234 1008 in...

282 1033 517 1072 quocumque
533 1039 685 1074 peccato
701 1026 899 1064 intenditur
915 1023 1232 1071 alteriusj'equens

283 1084 539 1113 nocumentum
555 1104 565 1118 ,
579 1079 652 1115 imo
667 1078 743 1114 fieri
757 1075 870 1124 potest
888 1086 929 1110 ut
942 1075 1090 1110 omnino
1104 1086 1174 1109 non
1194 1074 1234 1108 lit

284 1124 417 1162 dire&e
431 1128 585 1164 volitum
600 1156 609 1171 ,
623 1128 685 1165 sed
701 1138 822 1175 potius
839 1125 936 1161 aliud
953 1125 1041 1171 quid
1055 1122 1233 1171 speetetur

285 1186 324 1211 ut
337 1175 556 1214 adulterium
571 1181 782 1215 commitens
797 1176 930 1212 nemini
946 1176 1025 1210 vult
1055 1186 1233 1215 nocere),

284 1225 343 1262 sed
355 1237 495 1264 tanturn
510 1229 657 1278 captare
671 1229 953 1265 oblectationem
971 1237 1034 1272 per
1051 1225 1172 1260 aetum
1190 1223 1235 1260 il-

284 1278 424 1314 licitum
446 1292 458 1319 3
484 1278 564 1315 ideo
578 1279 655 1327 quo
681 1278 916 1325 dignoscitur
942 1277 1090 1324 quoties
1119 1287 1233 1310 nocu-

283 1339 448 1366 mentum
463 1332 632 1367 eveniens
646 1343 690 1367 ex
705 1340 853 1378 peccato
865 1327 943 1375 ejus
958 1338 1086 1375 augeat
1112 1326 1236 1372 gravi-

286 1390 398 1415 tatem
419 1392 432 1421 ;
457 1382 728 1429 intelligendum
744 1408 754 1423 ‚
771 1392 808 1416 ut
822 1389 1078 1415 nocumentum
1092 1376 1236 1432 illorum

287 1441 352 1479 per
367 1428 487 1466 astum
500 1430 794 1478 peccaminosum
808 1430 915 1466 addat
934 1438 1082 1476 peccato
1099 1426 1237 1473 ahquid

291 1481 478 1528 gravitatis
494 1507 504 1522 ,
519 1482 684 1529 oportere
698 1483 849 1520 omnino
864 1480 929 1518 esse
942 1482 1062 1527 agenti
1077 1479 1240 1527 imputa-

290 1532 364 1567 bile
379 1530 423 1565 ad
435 1532 574 1580 culpam
590 1559 601 1574 ,
616 1534 646 1570 8<
661 1533 703 1568 ad
716 1545 855 1580 poenam
869 1533 1017 1570 subinde
1030 1560 1038 1568 .
1054 1531 1161 1570 Nihil
1176 1543 1240 1567 au-

292 1591 365 1616 tem
381 1580 430 1617 est
446 1582 548 1618 alteri
560 1584 781 1631 imputabile,
798 1583 858 1620 nili
876 1583 978 1619 cadat
998 1582 1061 1618 sub
1075 1582 1239 1618 ordinem

293 1631 402 1679 ipfius
418 1633 603 1679 potestatis
615 1660 626 1676 ‚
649 1634 695 1670 fic
712 1647 751 1670 ut
765 1636 853 1682 poni
865 1635 1023 1681 potuerit
1038 1634 1071 1669 8(
1087 1645 1157 1668 non
1176 1645 1240 1679 po-

293 1683 352 1720 ni.
371 1682 428 1717 Ad
446 1682 537 1718 hanc
553 1684 700 1720 liberam
719 1684 930 1731 potestatem
961 1684 1239 1726 conflandam-2,

293 1734 461 1779 quamvis
476 1744 693 1769 concurrant
712 1736 912 1771 intellecfftus
957 1735 989 1770 &
1009 1733 1240 1774 voluntasffl-

293 1785 327 1820 la
344 1782 574 1819 nibilominus
590 1783 824 1821 indifferentia
839 1811 849 1826 ,
865 1796 936 1831 qua
951 1783 1062 1830 poffet
1078 1796 1148 1819 non
1162 1783 1241 1818 fieri

293 1833 381 1869 illud
397 1832 496 1880 quod
511 1832 550 1868 fit
562 1860 572 1875 ‚
601 1835 788 1882 pofl‘etque
802 1835 886 1870 item
903 1834 978 1869 fieti
992 1834 1091 1881 quod
1103 1845 1172 1869 non
1184 1833 1240 1877 fir,

295 1884 339 1920 ad
353 1896 461 1919 unam
478 1886 634 1930 pertinet
648 1888 871 1928 voluntatem
887 1912 893 1919 .
909 1887 1170 1934 chmque
1199 1883 1242 1918 fi-

293 1933 441 1983 quidem
453 1934 519 1970 alia
535 1936 696 1982 potentia
714 1935 830 1971 aeuva
845 1935 894 1971 est
914 1936 1125 1970 naturaliter
1151 1934 1241 1971 aeti-

294 1997 341 2021 va
358 2011 370 2026 ,
393 1984 499 2027 idest,
525 1987 574 2021 ita
587 1989 694 2023 unius
712 1996 753 2022 ut
786 1998 857 2022 non
886 1987 1060 2026 alterius;
1086 1986 1238 2033 itaque„

291 2035 382 2072 nihil
397 2035 510 2083 potest
527 2037 696 2083 imputari
715 2037 894 2072 voluntati
909 2037 952 2070 ad
979 2035 1120 2071 laudem
1138 2063 1147 2076 ,
1180 2038 1237 2074 vel

293 2085 516 2133 vituperium
529 2113 542 2129 ,
567 2087 630 2123 nifi
645 2087 683 2123 lit
697 2087 758 2123 {ibi
776 2088 898 2134 aliqua
911 2087 1047 2122 ratione
1071 2088 1240 2124 volunta-

292 2137 385 2173 rium
405 2163 416 2178 ,
445 2134 563 2184 ficque
578 2136 640 2173 fiat
653 2140 697 2173 ab
722 2136 794 2183 ipsa
810 2164 819 2178 ‚
851 2149 913 2173 aut
941 2139 1138 2185 imperetur
1155 2165 1166 2181 ‚
1196 2150 1236 2175 ut

293 2187 392 2222 aliter
404 2187 554 2222 omnino
564 2190 706 2225 evenire
725 2190 756 2224 8(
775 2187 852 2223 fieri
869 2189 1027 2235 potuerit
1041 2212 1054 2230 ‚
1077 2188 1236 2235 inquam

291 2237 502 2274 sententiam
519 2239 681 2286 loquitur
698 2238 927 2283 Augustinus
942 2248 976 2274 2.
992 2237 1036 2274 de
1050 2238 1114 2274 lib.
1127 2241 1238 2275 arbit.

288 2297 399 2324 motus
414 2314 424 2330 ‚
454 2290 622 2336 inquiens
636 2316 647 2332 ‚
661 2288 809 2336 siculpae
821 2287 1019 2337 deputatur
1032 2300 1097 2324 non
1111 2290 1160 2337 est
1173 2303 1238 2327 na-

290 2339 422 2374 taralis
437 2365 448 2380 ,
460 2338 529 2387 fid
542 2339 769 2377 voluntarius
786 2364 796 2374 .

394 2391 446 2426 Ut
459 2402 546 2436 ergo
558 2394 816 2427 nocumentum
832 2387 981 2436 sequens
997 2400 1234 2435 peccatum-‚3

292 2440 406 2487 eulpae
420 2439 613 2488 deputetur
631 2441 746 2489 fitque
758 2442 879 2485 agenti
901 2441 1238 2487 imputabile,atque

293 2489 407 2536 ipsum
421 2491 640 2536 intelligatur
656 2502 788 2540 augere
802 2502 888 2538 pecc
897 2491 946 2527 ati
963 2491 1136 2528 malitiam
1149 2519 1159 2535 ‚
1176 2504 1239 2527 vo-

293 2542 489 2578 luntarium
506 2541 572 2578 effe
588 2554 735 2591 oportet
752 2567 761 2577 .

387 2592 631 2628 Veruntamen
644 2605 716 2629 non
732 2591 879 2640 perinde
890 2591 1149 2639 quodcumque
1165 2593 1241 2632 dea

291 2643 478 2678 voluntate
494 2642 687 2691 procedens
700 2643 750 2678 est
764 2643 815 2677 illi
846 2643 1058 2689 imputabile
1087 2644 1130 2678 ad
1162 2645 1239 2680 lau-

294 2694 372 2729 dem
387 2718 398 2734 ,
423 2703 486 2728 aut
502 2692 736 2740 vituperium.
751 2695 849 2729 Nam
861 2692 1093 2740 propriiffime
1105 2693 1154 2729 est
1170 2707 1236 2731 vo-

294 2743 426 2779 luntati
440 2743 651 2790 imputabile
668 2771 677 2785 ‚
699 2743 796 2790 quod
812 2742 859 2778 est
876 2743 1080 2779 immediate
1105 2745 1138 2779 in
1155 2744 1236 2790 ejus

293 2793 468 2842 potestate
485 2806 498 2834 ,·
521 2805 595 2840 quo
608 2793 714 2841 pac-'to
737 2792 850 2829 solum
866 2792 959 2829 velle
989 2803 1052 2830 aut
1080 2794 1169 2831 nolle
1185 2796 1236 2832 est

292 2846 344 2879 illi
362 2844 584 2890 imputabile.
604 2844 689 2880 Alio
706 2844 812 2879 modo
824 2844 958 2889 aliquid
974 2845 1035 2881 fibi
1050 2847 1163 2893 culpae
1178 2847 1239 2884 ad,

293 2894 462 2930 scribitur
482 2921 491 2935 ,
512 2894 600 2940 quia
617 2893 821 2941 {impliciter
837 2893 886 2930 est
905 2894 939 2929 in
956 2895 1156 2932 voluntatis
1171 2910 1238 2944 po-

292 2945 419 2980 testate
435 2969 447 2987 ,
459 2946 540 2981 licet
583 2955 654 2980 non
681 2945 884 2981 immediate
903 2957 914 2985 ;
939 2947 973 2981 8(
1005 2944 1072 2981 hic
1101 2950 1238 2984 ratione

293 2995 473 3042 quidquid
491 3006 553 3043 per
570 2995 760 3043 imperium
778 2995 884 3043 ipsius
902 2997 946 3032 ab
959 2998 1038 3032 aliis
1067 3000 1238 3044 potentiis

297 3045 426 3095 abipsa
452 3045 721 3092 repraesentatur
742 3046 793 3082 est
816 3046 1028 3093 imputabile
1042 3049 1240 3085 voluntati.

292 3094 389 3134 Nam
404 3107 481 3131 tota
498 3097 556 3132 illa
571 3097 800 3133 coordinatio
811 3095 920 3142 usque
932 3097 976 3131 ad
989 3099 1110 3135 aetum
1127 3101 1241 3147 impe·

294 3158 411 3184 ratum
434 3146 531 3183 estin
561 3146 736 3195 potestate
759 3148 958 3183 voluntatis
977 3173 986 3179 ,

396 3198 591 3233 Connexio
615 3197 727 3243 igitur
756 3199 963 3234 nocumenti
994 3198 1175 3246 sequentis
1193 3201 1237 3236 ad

295 3248 413 3284 aE’tum
426 3247 713 3294 peccaminosum
729 3273 742 3289 ,
768 3259 828 3283 aut
842 3248 890 3283 est
906 3250 1051 3295 praevisa
1068 3277 1077 3291 ‚
1108 3252 1165 3287 vel
1178 3251 1241 3288 de-

296 3300 372 3335 buit
384 3298 572 3346 praevideri
588 3325 600 3342 ,
618 3308 789 3346 tanquam
803 3298 891 3344 quid
906 3299 1102 3336 necessario
1114 3313 1241 3348 pecca-

295 3361 334 3386 to
352 3361 559 3384 connexum
576 3376 586 3390 ‚
615 3359 678 3384 aut
695 3348 849 3384 nescitur
866 3349 1093 3397 culpabiliter
1118 3352 1162 3389 de
1178 3353 1241 3389 tali

295 3399 535 3439 connexionc;
553 3401 587 3436 8(
603 3400 637 3435 ῖη
647 3401 814 3435 omnibus
831 3399 885 3434 bis
899 3401 1037 3437 casibus
1052 3414 1241 3450 peccatum

298 3459 517 3496 aggravatur
534 3461 598 3496 pro
615 3451 825 3485 nocumenti
863 3450 1025 3487 mensura
1051 3479 1058 3487 .
1090 3454 1201 3501 Quod
1220 3455 1243 3491 fi

301 3500 455 3536 fortuito
470 3500 612 3534 evenire
629 3510 886 3535 nocumentum
908 3514 954 3537 ex
972 3513 1119 3546 peccato
1149 3504 1248 3540 dica-

302 3560 361 3584 tur
377 3575 387 3589 ‚
403 3558 443 3583 ut
458 3548 642 3585 intendens
655 3549 854 3585 interficere
867 3552 1039 3596 pecudem
1053 3564 1122 3589 non
1136 3553 1249 3599 suam,

301 3597 445 3633 occidat
460 3597 666 3643 hominem,
691 3599 712 3634 si
731 3600 827 3635 nulla
860 3603 927 3636 alia
955 3602 1249 3643 circumstantia...

305 3648 460 3683 addatur
475 3674 485 3690 ‚
507 3661 576 3684 non
592 3651 806 3695 intelligitur
825 3651 940 3698 major
954 3653 1115 3698 gravitas
1130 3655 1252 3692 addita

306 3697 410 3734 fuisse
424 3710 570 3745 peccato
583 3725 593 3736 .
609 3699 798 3738 Videndus
812 3707 886 3739 art.
900 3711 935 3748 5.
952 3715 987 3751 q.
1002 3713 1061 3739 20.

427 3849 518 3886 Tm.
543 3848 608 3882 m.

1456 266 1967 307 ARTICULUS
2019 273 2091 310 lx.

1304 366 1441 403 Utrum
1456 376 1646 414 peccatum
1664 377 1888 414 aggravetur
1904 369 2041 408 ratione
2060 371 2224 411 Personae
2240 401 2253 419 a

1594 417 1630 452 in
1647 428 1757 464 quam
1773 429 1946 467 peccatur
1959 447 1967 456 .

1303 515 1436 553 Doffor
1450 528 1482 564 3.
1499 515 1589 553 diff.
1614 518 1714 565 19.§.
1732 518 1790 557 Ad
1814 518 2010 557 secundum
2033 521 2231 572 prinprale
2244 549 2256 562 .

1355 603 1364 644 l
1507 568 1548 605 S.
1569 567 1691 604 Thom.
1708 582 1736 607 ι.
1755 581 1791 607 2.
1804 582 1838 618 q.
1855 581 1916 619 73.
1929 579 2000 608 art.
2019 585 2054 620 9.

1413 666 1601 716 Espondeo
1623 670 1814 709 dicendum
1832 698 1844 714 ,
1870 671 2065 710 Peccatum
2093 685 2136 710 eo
2158 678 2256 714 dete-

1430 720 1504 756 rius
1519 721 1552 756 8(
1569 724 1720 766 gravius
1734 723 1898 770 effe,quo
1914 723 2031 770 major
2047 726 2082 760 8(
2098 728 2255 773 amplior

1303 779 1353 807 eit
1367 771 1522 817 dignitas
1540 771 1696 819 person-⁶2
1707 800 1720 816 ,
1732 776 1790 820 cui
1805 772 1940 820 injuria
1956 776 2123 812 infertur.
2133 776 2255 823 Cujus

1305 821 1495 859 solutionis
1508 823 1681 860 rationem
1711 836 1781 861 non
1810 826 2011 873 accipimus
2042 838 2086 862 ex
2100 828 2255 877 eoquod

1303 884 1452 920 peccata
1474 871 1625 921 speciem
1652 875 1829 923 accipiant
1857 887 1904 911 ex
1944 878 2180 917 conversione
2209 879 2253 913 ad

1302 923 1446 970 objecta
1461 950 1473 965 ,
1485 926 1579 960 circa
1592 936 1673 970 quae
1688 936 1835 972 peccata
1848 928 2132 967 committuntur
2146 957 2157 972 ,
2172 943 2254 968 cum

1303 985 1376 1008 non
1393 974 1458 1009 lint
1472 976 1562 1009 mala
1576 975 1737 1022 objecta,
1749 976 1812 1012 nisi
1829 980 2084 1022 materialiter3
2097 980 2154 1019 sed
2166 984 2254 1029 quia

1302 1035 1452 1071 peccata
1468 1023 1741 1070 distinguuntur
1755 1028 1873 1076 specie
1889 1029 1999 1066 instar
2011 1032 2160 1068 aliarum
2179 1033 2253 1081 pri-

1304 1074 1493 1110 vationum
1505 1101 1515 1116 ,
1544 1089 1626 1124 quae
1653 1089 1715 1125 per
1740 1078 2002 1117 distinffionem
2037 1080 2255 1129 specificam,

1305 1125 1360 1160 vel
1378 1126 1595 1164 numericam
1611 1127 1803 1166 habituum
1816 1131 1868 1166 eis
1877 1131 2124 1178 oppositorum
2136 1133 2256 1170 differ-

1304 1185 1341 1210 re
1355 1176 1387 1210 8(
1404 1175 1581 1221 distingui
1598 1179 1690 1214 reste
1708 1180 2169 1231 intelliguntur-Quoniam
2185 1184 2255 1229 igi-

1302 1235 1362 1260 tur
1375 1236 1565 1273 peccatum
1585 1227 1784 1266 formaliter
1799 1230 1851 1267 est
1880 1235 2038 1267 carentia
2069 1233 2256 1270 refflmdi-

1304 1275 1358 1310 nis
1374 1302 1384 1317 ,
1412 1289 1493 1324 quae
1509 1277 1604 1313 aFtui
1621 1279 1727 1315 ineffe
1740 1280 1887 1317 deberet
1903 1284 2024 1328 qualis
2040 1284 2073 1320 8(
2087 1294 2257 1331 quanta...

1303 1325 1354 1361 est
1371 1327 1553 1364 reffitudo
1570 1354 1581 1371 ‚
1607 1341 1681 1376 qua
1698 1330 1799 1366 astus
1813 1331 1904 1368 idem
1921 1342 2112 1370 ornaretur
2127 1362 2138 1377 ,
2168 1334 2188 1369 li
2205 1334 2255 1371 se-

1306 1377 1467 1413 cundum
1501 1379 1639 1416 rectum
1666 1382 1816 1417 rationis
1843 1381 2024 1420 distamen
2047 1386 2257 1427 efficeretur,

1303 1437 1402 1463 tanta
1416 1427 1578 1477 profecto
1607 1430 1656 1468 est
1671 1434 1829 1478 gravitas
1856 1433 1891 1469 8(
1902 1436 2054 1478 malitia,
2066 1447 2139 1483 qua
2153 1436 2257 1473 aaus

1305 1477 1470 1516 inficitur
1491 1508 1500 1522 ,
1525 1480 1560 1517 8(
1579 1481 1805 1520 deformatur
1823 1509 1832 1520 .

1410 1531 1501 1568 lllud
1520 1533 1643 1582 itaque
1659 1533 1708 1569 est
1725 1536 1872 1582 gravius
1883 1546 2070 1584 peccatum
2085 1547 2131 1573 ex
2149 1548 2258 1583 gene-

1305 1595 1367 1626 re,
1390 1583 1491 1631 quod
1510 1585 1645 1621 meliori
1658 1585 1859 1632 opponitur
1891 1587 2100 1623 reEtirudini
2131 1601 2140 1623 ε
2168 1589 2257 1625 illa..

1305 1645 1427 1671 autem
1439 1633 1488 1669 est
1509 1636 1634 1671 melior
1649 1661 1659 1676 ‚
1685 1646 1766 1683 quae
1779 1634 1829 1670 est
1841 1635 1905 1672 fini
1924 1637 2178 1680 immediator,
2193 1650 2258 1676 cae·

1305 1685 1391 1720 teris
1403 1686 1553 1732 paribus
1572 1698 1583 1726 3
1610 1696 1798 1733 propterea
1817 1687 1984 1732 graviora
2001 1686 2082 1723 sunt
2111 1700 2259 1735 peccata

1306 1745 1430 1770 contra
1444 1747 1621 1781 praecepta
1636 1737 1757 1782 primae
1768 1737 1900 1772 tabulae
1914 1763 1923 1777 .
1948 1749 2057 1786 quam
2074 1738 2156 1781 fint,
2171 1752 2252 1786 quae

1307 1796 1433 1820 contra
1445 1785 1635 1820 secundam
1652 1786 2085 1829 committuntur‚caeteris
2097 1793 2255 1835 piribus.

1308 1836 1413 1872 Sicut
1424 1837 1482 1870 ille
1497 1846 1595 1869 error
1608 1834 1657 1870 est
1673 1833 1789 1880 major
1802 1837 1865 1882 qui
1891 1839 2004 1883 magis
2033 1840 2208 1876 redundat
2219 1843 2255 1878 in

1305 1887 1522 1933 principium
1542 1912 1552 1926 ,
1572 1885 1644 1920 sive
1658 1896 1735 1932 quo
1751 1895 1903 1933 negatur
1920 1888 2104 1924 conclusio
2123 1891 2258 1935 verior,

1306 1937 1341 1972 &
1355 1936 1532 1983 principio
1544 1936 2122 1984 propinquior.Qemadmodum
2135 1940 2259 1989 igitur,

1308 1985 1525 2022 laudabilior
1538 1987 1571 2022 8(
1587 1987 1714 2022 melior
1727 1985 1775 2021 est
1789 1986 1906 2029 alffius,
1916 2000 1994 2035 quo
2006 2001 2168 2028 creatura
2182 2004 2261 2028 ten-

1308 2036 1359 2071 dit.
1372 2037 1407 2072 in
1428 2039 1548 2073 Deum
1567 2065 1576 2078 ‚
1598 2039 1702 2084 eique
1722 2048 1785 2084 per
1797 2039 2118 2077 amorem'inhaeret
2136 2065 2150 2084 ‚
2178 2054 2220 2078 nc
2236 2043 2262 2079 fi

1308 2087 1434 2124 eodem
1449 2087 1529 2124 :ictu
1547 2090 1710 2124 tenderet
1724 2089 1758 2122 in
1774 2098 1981 2126 creaturam
1994 2113 2007 2132 ‚
2022 2101 2099 2125 eam
2112 2091 2207 2129 reae
2224 2095 2261 2130 8(

1308 2137 1474 2175 ordinate
1489 2138 1675 2187 diligendo
1687 2164 1698 2180 ,
1721 2139 1768 2172 ita
1785 2140 1928 2183 gravior
1944 2141 2067 2187 procul
2085 2141 2200 2178 dubio
2211 2143 2262 2180 est

1309 2187 1442 2225 offensa
1460 2213 1472 2232 ‚
1501 2202 1586 2238 quae
1607 2192 1683 2225 Deo
1694 2186 1869 2230 infettur,
1895 2190 1954 2225 i·l!a
1968 2214 1982 2233 ,
2010 2203 2081 2238 qua
2099 2204 2265 2230 creatura

1308 2241 1805 2287 quaecumqtieinbonoratur
1820 2253 1831 2279 ;
1845 2241 1877 2275 8(
1893 2241 2015 2276 eadem
2033 2244 2168 2279 ratione
2183 2256 2263 2292 gra·

1311 2291 1396 2326 vius
1425 2302 1549 2337 peccat
1566 2318 1576 2333 ,
1605 2292 1742 2335 Regem
1777 2288 1910 2335 injuria
1939 2290 2126 2328 afficiendo
2141 2321 2153 2337 ,
2181 2307 2221 2331 ac
2238 2294 2263 2333 fi

1309 2337 1555 2377 offenderetur
1569 2340 1670 2376 miles
1686 2338 1784 2384 ejus;
1799 2352 1862 2385 pro
1881 2342 2019 2378 ratione
2038 2341 2097 2379 scil
2107 2345 2173 2381 icet
2189 2358 2265 2381 ma·

1310 2391 1402 2438 joris
1419 2419 1431 2434 ,
1457 2393 1491 2428 8(
1507 2391 1657 2426 minoris
1670 2389 1894 2425 rec-’titudinis
1906 2416 1916 2431 ,
1943 2403 2014 2438 qua
2029 2394 2168 2440 praediti
2194 2395 2265 2432 effe

1311 2453 1480 2493 porerant
1493 2441 1595 2476 anus
1608 2442 1713 2476 iidem
1731 2466 1742 2481 ‚
1768 2440 1789 2475 fi
1802 2439 1909 2486 quta
1921 2440 2053 2478 rectam
2081 2447 2258 2482 rationem

1311 2495 1423 2532 eliciti
1437 2491 1578 2528 fuissent
1593 2517 1602 2526 .
1621 2495 1716 2529 Nam
1734 2493 1815 2526 Rex
1832 2517 1842 2533 ‚
1869 2492 1927 2526 vel
1945 2493 2115 2541 Princeps
2131 2495 2181 2532 est
2196 2496 2261 2532 fini

1311 2544 1550 2595 propinquior
1564 2545 1702 2578 ratione
1716 2543 1873 2577 muneris
1887 2542 1985 2578 libia
2015 2543 2097 2580 Deo
2122 2547 2261 2590 collati3

1310 2607 1398 2642 ergo
1413 2594 1679 2629 utlaudabilior
1709 2591 1758 2627 est
1777 2591 1879 2627 aetus
1897 2619 1907 2634 ‚
1937 2605 2013 2640 quo
2027 2596 2110 2631 Rex
2136 2597 2263 2634 debito

1310 2647 1448 2682 bonore
1461 2643 1758 2691 prosequitur-,ita
1776 2643 1933 2680 deterior
1945 2644 1993 2681 est
2011 2646 2113 2684 actus
2131 2647 2154 2684 fi
2166 2646 2264 2696 inju-

1311 2699 1360 2734 ria
1376 2695 1554 2731 afficiatur
1575 2719 1586 2729 .

1472 2794 1994 2834 ARTlCULUS
2044 2796 2100 2834 X.

1311 2899 1448 2937 Utrum
1461 2897 1677 2946 magnitudo
1691 2895 1849 2943 personae
1876 2897 2059 2944 peccantis
2085 2911 2261 2949 aggravet

1671 2957 1863 2996 peccatum
1886 2971 1896 2981 .

1427 3046 1649 3089 Dotfortocts
1659 3050 1696 3083 in
1712 3050 1870 3094 margine
1885 3047 1947 3083 cic.
1963 3048 2004 3084 S.
2026 3048 2148 3087 Thomu

1617 3111 1646 3136 1.
1661 3111 1730 3147 z.q.
1747 3109 1809 3146 73.
1821 3107 1959 3134 artato.

1311 3197 1399 3289 R
1411 3199 1598 3249 Espondeo
1609 3198 1803 3236 dicendum
1816 3199 2015 3235 Peccatum
2031 3200 2125 3245 poll'e
2139 3213 2263 3249 aggra-

1428 3253 1501 3286 vari
1515 3263 1560 3286 ex
1575 3248 1846 3286 circumstantia
1875 3247 2032 3295 personze
2059 3256 2261 3298 peccantis,

1311 3315 1440 3351 nempe
1450 3311 1598 3350 prof-ter
1610 3300 1859 3337 excellentiam
1875 3301 1907 3335 ἃ
1927 3299 2138 3346 dignitatem
2166 3305 2261 3350 ejus,

1311 3365 1393 3401 qux
1408 3365 1448 3388 ea
1463 3351 1506 3387 de
1516 3348 1620 3385 causa
1634 3351 1745 3395 magis
1759 3350 1865 3385 debet
1881 3362 2084 3397 praecavere
2097 3380 2106 3396 ‚
2121 3354 2258 3402 seque...

1314 3402 1531 3452 apeccando
1543 3402 1720 3438 abstinere
1739 3413 1750 3442 ;
1773 3412 1927 3448 peccans
1958 3403 2070 3450 igitur
2098 3408 2259 3449 graviori

1313 3454 1455 3491 crimini
1469 3453 1688 3498 implicatur,
1703 3463 1743 3487 ac
1757 3452 1778 3487 fi
1795 3465 1812 3488 a
1829 3451 1976 3498 persona
1990 3453 2165 3491 inferioris
2179 3468 2261 3501 gra-

1315 3506 1384 3542 dus
1397 3503 1684 3540 committeretur
1696 3503 1784 3539 illud
1797 3503 1912 3551 ipsum
1930 3515 2118 3551 peccatum
2131 3535 2138 3543 ,

1417 3554 1649 3591 Gravitatem
1677 3555 1784 3590 etiam
1800 3565 1987 3590 mutuatur
2015 3566 2199 3601 peccatum
2215 3570 2264 3594 ex·

1318 3618 1363 3643 eo
1378 3604 1478 3652 quod
1493 3617 1642 3651 peccans
1655 3603 1783 3640 fortior
1796 3604 1834 3640 lit
1847 3607 1889 3640 ad
1905 3605 2130 3642 refistendum
2149 3610 2266 3644 illece-

1321 3660 1394 3693 brae
1414 3681 1424 3696 ‚
1448 3656 1481 3690 8(
1498 3655 1652 3691 validior
1669 3655 1711 3690 ad
1728 3656 2007 3701 propulsandum
2020 3668 2100 3702 quac
2116 3660 2265 3696 incitant

1325 3707 1368 3742 ad
1383 3709 1676 3753 peccatum-Qa
1692 3705 1737 3740 de
1750 3706 1854 3741 causa
1871 3707 1973 3751 Mag.
1991 3716 2023 3739 2-
2036 3706 2113 3754 dist.
2131 3722 2148 3745 2
2162 3722 2269 3757 neap.

1326 3757 1462 3796 Purr03
1491 3756 1577 3790 dicit
1592 3782 1600 3796 ,
1628 3767 1674 3790 eo
1685 3757 1834 3802 gravius
1848 3757 2027 3793 Adumum
2047 3760 2269 3806 plcftcndum

1326 3805 1427 3844 fuiss„-
1454 3817 1593 3851 quanto
1620 3806 1747 3841 leviori
1770 3805 1926 3855 impulsu
1952 3818 2026 3841 crat
2054 3811 2272 3856 prostratus3

1639 3856 1651 3890 1
1684 3856 1695 3890 i
1723 3865 1742 3889 ε
2148 3872 2226 3896 nam

2298 768 2327 789 2.
2340 761 2402 793 dist.
2415 773 2493 799 37.n.

2295 805 2494 842 9·1nRep0rt,

2295 838 2494 878 ibid-dlst-35.

2295 886 2325 905 n.
2344 888 2385 907 Η.
2402 885 2496 919 quod,

2295 916 2346 945 iil).
2360 928 2388 956 q.
2413 922 2454 949 ¹8.
2468 931 2493 960 §-

2295 957 2454 990 Demtie.

2336 1552 2446 1585 Eadem
2471 1556 2498 1587 ῐι

2298 1589 2433 1623 sententia
2443 1596 2499 1624 do-

2297 1639 2342 1659 cet
2359 1631 2496 1666 bicsoo-

2300 1670 2361 1701 etot
2372 1689 2385 1704 .

2303 3226 2330 3248 2.
2344 3220 2503 3264 dlst.2r.q.

2306 3267 2331 3300 z..
2347 3263 2370 3287 o.
2386 3264 2429 3290 De
2441 3271 2502 3291 ter-

2303 3303 2361 3325 ιισ.
