2653 4088
123 636 236 677 QUOdiu
247 644 276 671 q·
289 633 336 663 ἴε·

106 677 232 706 Ulterius
243 675 278 704 V·
287 675 335 705 Ex

101 715 182 747 4119ὶό
193 730 204 744 ο

85 2173 133 2203 De
143 2173 233 2213 primo
242 2169 322 2208 prin-

82 2213 141 2250 cip.
162 2222 224 2251 cap.
245 2216 274 2245 3.
286 2219 327 2238 n·

86 2259 136 2284 12·

84 2406 130 2436 De
142 2414 234 2437 rerum
246 2406 324 2443 prin-

86 2447 162 2485 cipio
173 2458 200 2487 q.
209 2454 265 2474 nn.
274 2449 324 2474 26.

85 2838 319 2886 DeprimoPrin.

86 2890 164 2954 clap-1⁰
178 2889 255 2920 cap-3
263 2900 272 2911 .
289 2892 320 2912 n.

89 3204 116 3226 ι.
128 3195 208 3232 d.45.
219 3198 246 3226 St
260 3197 321 3227 da.

86 3243 146 3279 qq·
160 3239 185 3268 ὑ·
196 3238 243 3265 De
258 3245 321 3266 ur·

98 3281 138 3304 m
150 3280 208 3303 art.

85 3666 177 3697 Duff.
191 3669 216 3697 in
233 3669 325 3700 Com.

87 3714 179 3735 ment.
192 3709 220 3736 3<
233 3708 267 3737 de
279 3719 323 3738 re-

86 3756 148 3774 rum
206 3748 325 3786 princip.

85 3793 178 3822 cap-t·
195 3791 230 3814 Β·
252 3787 326 3816 ἄη..

86 3823 215 3862 quest-t,-

860 160 1029 211 Tamus
1059 163 1145 211 ΙΙΙ,
1174 167 1308 213 Part.
1343 163 1383 209 Ι.
1408 162 1775 234 QfestioLArt.
1801 169 1880 219 JV.
2118 181 2121 183 ·
2254 180 2286 234 ’ς

381 249 401 273 a
414 235 485 273 suis
499 230 654 280 objeffls
664 257 677 274 ‚
689 226 771 279 'qui
785 228 876 269 fines
886 232 1070 269 intrinseci
1097 232 1180 270 sunt
1205 243 1332 271 eorum

378 289 524 325 alituum
538 310 550 327 ‚
564 283 746 331 propriam
760 280 911 328 speciem
922 280 1104 331 'recipiunt
1117 308 1127 319 .

477 334 539 371 Ad
553 332 748 369 secundum
762 330 988 380 respondeo,
1013 333 1037 369 si
1054 335 1158 383 plura
1182 331 1332 381 objee'ta

372 387 443 425 iint
456 384 546 421 fines
561 384 664 420 :ustus
689 384 860 426 moralis,
883 394 946 420 aut
969 384 1150 431 integrant
1179 395 1330 422 nnuma

370 435 560 484 objek'tum
573 434 780 478 duntaxat,
801 444 842 471 ut
869 444 1061 483 propterea
1090 435 1157 471 sint
1178 435 1217 471 hi
1239 434 1330 471 fines

367 497 490 536 partes
503 487 612 523 unius
637 485 848 531 adaequ21i3
874 495 936 521 aut
963 484 986 521 si
1011 486 1180 523 dicantur
1202 495 1329 522 omnes

365 539 436 576 esse
448 537 538 575 fines
554 537 736 584 adaequati
750 561 762 578 ,
787 547 885 573 unus
901 535 946 584 ad
963 537 1073 573 aliurn
1088 536 1157 574 erit
1181 535 1329 572 ordina-

364 600 426 626 tus
441 599 481 624 ut
498 587 650 636 proinde
663 599 791 624 verum
817 586 857 623 fit
872 613 885 630 ,
915 588 1094 625 rationem
1122 586 1326 636 specificam

366 642 469 679 aetus
480 639 632 675 humani
649 638 718 675 esse
730 639 874 676 unicam
903 662 912 670 ·
938 635 1159 686 Exemplum
1185 651 1198 673 =
1219 638 1327 674 Vado

364 692 411 728 ad
426 689 619 728 Ecclesiam
634 701 680 727 ex
692 687 826 736 justitia
839 716 852 733 ,
873 691 963 737 quia
984 700 1108 727 teneor
1137 701 1183 726 ex
1208 698 1302 725 voto
1314 716 1324 727 .

363 745 474 781 Vado
485 742 591 780 etiarn
603 752 649 776 ex
664 741 842 778 charitate
854 741 899 777 ad
925 741 1072 780 Deumt
1097 752 1137 777 ut
1164 743 1199 778 ei
1222 740 1328 777 exhi-

363 794 468 832 beam
479 793 622 830 cultum
637 793 750 829 latriae
768 819 782 835 ,
805 792 839 828 8(
858 792 955 827 vado
966 795 1074 830 etiam
1096 802 1142 827 ex
1172 791 1327 828 fraterna

364 844 542 882 charitate
559 870 571 887 ‚
585 854 627 879 ut
643 843 854 891 proximum
867 842 1042 881 aedificem
1054 843 1134 879 ;·ln
1151 843 1236 880 affin
1256 845 1328 878 ita-

363 908 440 944 que
456 899 554 933 bono
567 894 714 941 praecise
739 894 902 931 bonitate
927 894 1055 931 morali
1070 919 1082 936 ,
1104 896 1188 940 quia
1213 895 1327 931 libere

363 948 514 990 elicito,
530 957 570 982 ac
589 945 694 994 super
709 943 900 992 objee'tum
911 946 1131 982 conveniens
1142 943 1327 982 transeun-

365 1009 427 1041 te,
455 1000 559 1046 plura
576 1007 794 1034 concurrere
820 1007 962 1044 queunt
993 997 1132 1033 motiva
1155 995 1322 1032 ordinata

346 1050 522 1097 agendss
550 1046 611 1083 sed
635 1059 708 1083 non
727 1049 851 1083 omnia
867 1047 950 1083 -haec
989 1048 1125 1085 m‘otiva
1158 1049 1325 1085 tribuunt

364 1099 520 1151 speciem
535 1099 633 1136 aaut
646 1125 658 1141 ,
673 1097 731 1134 sed
748 1108 889 1136 tantum
907 1098 1099 1147 primarius
1113 1098 1196 1135 finis
1210 1125 1220 1136 .

468 1149 528 1190 Ad
548 1149 699 1186 tertium
723 1148 926 1194 respondeo
948 1175 962 1194 ‚
1002 1149 1117 1186 aetus
1151 1150 1325 1195 moralis,

363 1212 548 1250 quatenus
558 1202 603 1237 ab
618 1199 767 1246 objeeto
780 1200 936 1248 speciem
954 1201 1113 1250 accipit,
1136 1201 1240 1237 aetus
1261 1203 1326 1238 eli-

366 1255 463 1290 citus
478 1251 823 1300 abpotentialibera
837 1251 887 1289 est
915 1280 923 1289 .
952 1252 986 1287 ls
997 1264 1085 1298 ergo
1101 1280 1115 1300 ,
1137 1264 1179 1288 ut
1205 1250 1324 1289 subest

363 1305 513 1351 gemina:
526 1303 693 1339 relationi
703 1300 909 1348 jamdfftae,
921 1302 973 1339 est
987 1303 1087 1339 fimul
1101 1314 1225 1339 natura
1240 1314 1325 1340 curn

363 1353 518 1400 objeao
533 1352 631 1390 36ὶαί
643 1355 898 1398 conveniente,
922 1365 987 1402 pro
1001 1355 1323 1391 natura·nimirum

362 1404 665 1443 correlativorum
679 1430 690 1446 ,
702 1404 738 1440 8(
753 1403 835 1441 ideo
846 1404 1212 1453 optimeintelligitur
1229 1407 1324 1441 acci-

363 1469 450 1506 pere
467 1455 563 1492 suam
578 1454 886 1496 specificationem
905 1469 926 1491 a
940 1455 1012 1492 fine
1030 1455 1094 1492 sibi
1110 1454 1327 1499 intrinseco,

361 1507 466 1554 quod
478 1506 528 1544 est
544 1507 766 1544 conveniens
795 1508 892 1544 ablui
916 1504 1104 1555 objefituin
1129 1506 1327 1546 seeundum

361 1558 543 1596 diaamen
559 1556 711 1594 rationis
729 1556 835 1595 refftae
854 1583 864 1594 .
1158 1569 1164 1572 ·

526 1633 1162 1713 ARTlcuLthtV.

437 1756 580 1793 Utrum
595 1755 636 1791 sit
651 1753 783 1801 aliquiS
802 1755 954 1813 ultimus
969 1758 1051 1797 finis
1080 1761 1249 1797 humanae

783 1815 868 1841 vxrae
896 1830 907 1841 .

407 1903 548 1945 Durior
560 1919 597 1948 4·
619 1906 776 1954 dist.49.
789 1906 909 1955 quaest.
928 1916 964 1944 2.
983 1913 1021 1949 5.
1049 1909 1111 1946 Ad
1124 1907 1278 1955 primam

511 1957 642 2007 quaest.
663 1959 704 1996 S.
725 1957 848 1994 Thom.
874 1969 905 1994 ι.
926 1970 962 1997 ⁸.
991 1961 1117 2007 quaefl.
1138 1970 1171 1995 1.

768 2017 842 2046 art.
874 2021 914 2057 4.

479 2114 629 2158 ldetur‚
655 2111 755 2148 haud
770 2110 996 2149 statuendum
1008 2113 1087 2152 fore
1116 2111 1324 2149 ultimum..

489 2167 645 2212 aliquem
663 2163 773 2200 finem
787 2163 953 2200 humanae
980 2166 1067 2202 vitae
1083 2191 1095 2207 ,
1124 2162 1182 2200 sed
1207 2163 1322 2208 magis

358 2218 422 2252 tali
435 2219 469 2253 in
499 2217 626 2254 ordine
657 2213 806 2262 procedi
823 2217 858 2249 in
883 2214 1066 2252 infinitum
1094 2241 1103 2250 .
1134 2214 1322 2263 Siquidem

356 2270 496 2305 bonum
513 2296 525 2311 ,
541 2267 642 2315 quod
655 2278 701 2302 ex
721 2276 751 2301 ι.
765 2264 888 2302 Erich.
902 2264 949 2300 est
967 2266 1162 2314 appetibile
1178 2293 1188 2307 ‚
1218 2264 1269 2300 est
1286 2266 1321 2302 8(

358 2317 791 2358 suicommunicativum,
814 2316 850 2352 &
864 2314 1067 2352 diffufivum
1087 2315 1321 2352 secundum

360 2372 587 2409 Avicennam
601 2366 639 2405 6.
657 2367 893 2416 metaphrasi.
912 2379 939 2403 1.
953 2367 1070 2418 Qd
1086 2378 1174 2413 ergo
1193 2379 1239 2402 ex
1254 2369 1321 2402 bo-

359 2433 407 2458 no
421 2422 468 2458 est
483 2448 494 2464 ,
549 2421 658 2456 ariter
676 2419 831 2460 bonurn,
858 2419 894 2454 8(
922 2418 1115 2465 appetibile
1129 2444 1138 2459 ‚
1165 2416 1321 2464 suique)

357 2471 566 2509 diffufivum
582 2470 622 2506 fit
633 2479 780 2517 oportet
797 2482 809 2510 3
837 2480 1029 2517 nunquam
1044 2470 1159 2514 igitur
1189 2467 1238 2504 est
1252 2469 1322 2506 sta-

355 2535 414 2561 tus
430 2525 464 2559 in
477 2521 722 2562 bonitatibus,
735 2520 914 2566 alioquin,
940 2531 1023 2566 quae
1035 2517 1068 2555 sc
1081 2519 1192 2568 ipsam
1222 2531 1322 2559 non..

355 2573 640 2611 communicaret
661 2599 670 2614 ,
699 2582 764 2607 nec
779 2571 925 2608 bonitas
939 2597 951 2613 ,
966 2582 1032 2607 nec
1044 2570 1255 2619 appetibilis
1270 2571 1323 2608 es.

355 2626 406 2662 set
423 2651 432 2660 .
463 2626 606 2661 Bonum
621 2634 743 2660 autem
763 2648 774 2662 ‚
801 2621 838 2657 8(
853 2621 935 2658 finis
950 2620 1043 2657 idem
1061 2621 1142 2657 sunt
1162 2633 1174 2662 3
1209 2621 1321 2659 deve-

354 2676 421 2711 niri
438 2675 553 2721 igitur
568 2685 640 2711 non
659 2672 775 2722 potest
791 2674 825 2708 in
842 2685 959 2709 unum
983 2671 1136 2721 aliquod
1167 2673 1320 2716 bonum,

352 2727 418 2774 qui
435 2724 473 2760 sit
490 2724 572 2760 finis
584 2725 731 2760 ultimus
744 2723 916 2759 humanat
933 2735 1018 2759 vttae
1029 2749 1041 2762 .

459 2777 655 2816 Praeterea,
688 2772 905 2810 Aristoteles
932 2772 1065 2811 sensisse
1093 2773 1323 2821 perhibetur,

355 2827 616 2873 intelligentias
630 2823 698 2862 esse
714 2824 963 2873 improduetas
976 2853 987 2869 ,
1015 2837 1057 2861 ac
1072 2827 1176 2873 plane
1199 2825 1321 2862 neces-

355 2878 484 2920 sarias,
512 2886 811 2925 atqueaeternas3
846 2876 893 2912 Ar
921 2877 988 2924 qui
1005 2876 1106 2924 quod
1134 2889 1205 2913 non
1231 2875 1317 2912 esta

354 2931 474 2979 primo
487 2929 664 2966 efficiente
680 2924 895 2975 produftum
915 2955 928 2971 ,
954 2939 1029 2964 non
1058 2927 1250 2964 ordinatur
1276 2927 1320 2964 ad

356 2979 474 3030 ipsum
493 3007 504 3022 ,
520 2991 560 3017 ut
589 2978 631 3015 ad
649 2979 817 3014 ultimum
840 2977 949 3014 finem
966 3002 978 3020 ,
1005 2977 1066 3014 etsi
1085 2977 1202 3016 subire
1230 2979 1321 3016 inte·

355 3034 423 3069 rim
439 3043 549 3080 queat
568 3030 732 3065 ordinem
747 3028 950 3066 eminentiae
968 3041 982 3069 ;
1009 3040 1098 3074 ergo
1111 3031 1147 3066 in
1164 3027 1321 3072 eiusmo-

355 3085 394 3120 di
419 3085 566 3120 entibus
591 3080 698 3117 statui
713 3078 828 3126 potest
854 3080 912 3115 illa
944 3080 981 3115 in
1013 3078 1205 3128 hypothesi
1236 3080 1320 3117 finis

355 3136 524 3172 hnmanae
553 3134 665 3174 vitae;
692 3142 767 3168 non
792 3141 880 3177 ergo
904 3130 941 3166 in
967 3130 1095 3179 aliquo
1122 3143 1199 3169 uno
1226 3131 1321 3169 dun·

357 3197 459 3225 taxat
476 3211 487 3221 .

464 3237 638 3273 Praeterea
667 3233 853 3271 Voluntas
867 3257 882 3279 ,
906 3231 1016 3275 cuius
1053 3231 1242 3277 objeetnm
1272 3233 1323 3272 est

359 3292 513 3329 bonurn,
528 3288 562 3323 8(
574 3286 657 3322 finis
674 3310 686 3328 ,
715 3284 877 3332 potentia
891 3285 1060 3320 collativa
1084 3282 1151 3325 est,
1178 3285 1324 3333 perinde

360 3353 403 3378 ac
419 3337 624 3376 intellee'tus
649 3363 658 3374 .
686 3335 752 3372 Sed
767 3334 985 3371 conferendo
997 3334 1141 3383 objeaa
1156 3334 1250 3371 inter
1273 3335 1325 3378 se,

362 3393 399 3428 &
414 3389 456 3425 ad
473 3387 621 3435 seipsam
637 3386 826 3425 referendo
843 3413 855 3429 ,
873 3386 907 3421 in
925 3388 1047 3424 multis
1062 3386 1249 3422 adinvenit
1265 3399 1324 3422 ra·

359 3444 497 3479 tionem
515 3439 611 3481 finis,
625 3439 660 3474 &
679 3438 765 3475 boni
786 3449 799 3478 ;
828 3449 914 3484 ergo
928 3450 1001 3474 non
1027 3449 1121 3473 unus
1146 3448 1326 3475 tantum-⁴

360 3492 411 3530 est
428 3492 578 3527 ultimus
595 3489 676 3527 finis
689 3490 854 3526 bumana:
869 3489 953 3525 vita
970 3516 981 3532 ,
993 3488 1049 3525 sed
1063 3491 1181 3539 plures
1196 3490 1231 3524 in
1243 3488 1325 3535 qui.

359 3545 430 3580 bus
448 3543 620 3579 volum-as
639 3540 766 3593 reperit
784 3562 798 3584 ‚
825 3551 888 3577 aut
905 3540 1058 3589 praefigit
1087 3541 1189 3577 hanc‘
1212 3540 1326 3575 ratio·

358 3607 441 3632 nem
457 3621 467 3631 .

461 3645 603 3682 Contra
618 3669 630 3681 .
643 3642 871 3684 Aristoteles,
886 3653 922 3678 2.
934 3643 1085 3690 metaph.
1102 3651 1177 3691 cap.
1194 3652 1227 3689 3.
1240 3653 1325 3690 pro·

362 3697 423 3734 bat
442 3722 454 3739 ,
483 3708 555 3732 non
572 3694 649 3731 dari
667 3693 848 3743 processus
866 3695 901 3729 in
919 3694 1099 3731 infinitum
1114 3696 1146 3729 in
1163 3705 1324 3741 genere..

362 3746 476 3783 causae
493 3747 609 3782 finalis
634 3760 646 3788 ς
669 3747 754 3793 quia
771 3746 793 3782 si
810 3743 925 3782 causa
940 3744 1066 3782 finales
1091 3742 1326 3792 procederent

364 3798 398 3832 in
420 3797 601 3834 infinitum
618 3824 627 3839 ‚
656 3798 755 3834 nulla
782 3795 888 3834 causa
914 3796 1032 3833 finalis
1047 3796 1132 3832 effer
1158 3824 1165 3831 .
1192 3793 1325 3833 Nam.

363 3846 448 3885 finis
464 3847 516 3885 est
534 3874 550 3892 ,
573 3846 682 3896 cujus
698 3846 806 3887 causa
821 3849 891 3885 alia
906 3848 987 3885 sunt
1004 3873 1019 3892 ,
1043 3848 1080 3885 &
1096 3846 1169 3898 ipsa
1184 3859 1259 3884 non
1272 3842 1324 3883 est

1408 235 1514 269 causa
1526 236 1697 275 alterius;
1727 235 1873 283 oportet
1900 239 1988 284 ergo
2015 239 2125 277 finem
2153 243 2358 283 ultimum

1403 281 1475 318 esse
1490 309 1503 326 ‚
1533 295 1598 319 nec
1627 286 1778 332 procedi
1803 288 2031 326 ininfinitum
2049 292 2085 326 in
2111 293 2173 327 tali
2187 296 2354 332 ordine-2

1404 332 1549 370 Deinde
1562 335 1692 382 probat
1709 362 1722 378 ,
1743 337 1823 385 Qui
1841 339 1941 384 ponit
1965 338 2054 376 fines
2085 340 2244 380 infinitos
2257 369 2269 384 ,
2284 346 2355 380 tol-

1403 383 1447 418 lit
1463 382 1570 420 finem
1589 397 1602 425 3
1629 397 1716 431 ergo
1728 387 1866 423 auferet
1883 390 1918 425 8(
1935 389 2070 426 bonum
2084 404 2102 426 a
2118 393 2226 427 rebus
2238 419 2248 435 ,
2264 396 2351 439 quia

1401 432 1484 469 finis
1497 460 1510 477 ,
1534 435 1569 472 &
1584 436 1721 472 bonum
1735 436 1828 473 idern
1844 436 1924 476 sunt
1940 463 1949 473 .
1974 441 2125 483 Tertio,
2153 443 2251 492 Qa
2265 454 2352 480 tunc

1400 485 1541 521 nullum
1554 485 1639 523 esset
1653 498 1765 533 agens
1777 487 1813 523 in
1825 499 1954 527 natura
1966 515 1977 531 ,
2008 502 2132 527 contra
2148 491 2298 535 sensum,
2314 494 2350 530 8(

1399 536 1661 583 experientiam
1679 563 1689 573 .
1725 538 1900 577 Probatio
1914 541 2091 586 sequelae:
2115 545 2213 581 Nam
2229 546 2351 580 nullus

1399 587 1596 624 conabitur
1608 588 1749 635 aliquid
1761 589 1878 627 facere
1895 592 1938 627 ad
1958 589 2066 627 finem
2086 604 2156 628 non
2183 593 2352 631 futurum

1395 638 1522 674 venire
1536 665 1546 681 ,
1564 640 1620 674 uti
1633 639 1812 677 accideret
1824 666 1835 683 ,
1866 641 1886 677 si
1903 641 1994 678 fines
2010 641 2089 677 sunt
2103 642 2236 680 infiniti
2250 671 2258 680 .
2278 646 2351 681 De·

1395 687 1531 735 nique,
1560 702 1628 725 nec
1645 690 1784 737 aliquid
1808 691 1892 729 esset
1906 704 2015 739 agens
2036 705 2098 740 per
2116 695 2350 732 intelleetum.

1395 740 1493 776 Nam
1511 738 1582 776 hoc
1594 753 1706 788 agens
1721 743 1875 781 intendit
1888 742 2204 792 finem,ipsumque
2218 757 2353 792 cogno-

1391 788 1462 828 scit
1476 817 1488 834 ‚
1509 793 1611 839 quod
1628 804 1699 829 non
1712 792 1826 842 posset
1842 823 1854 838 ,
1880 794 1993 841 posita
2011 794 2138 831 finium
2165 795 2352 832 infinitate.

1496 841 1716 890 Respondeo
1731 873 1742 888 ,
1771 844 1967 882 dicendum
1978 846 2131 881 omnino
2144 845 2353 894 impossibile

1392 889 1461 929 esse
1476 894 1719 941 procederein
1736 895 1919 932 infinitum
1939 896 1974 931 in
1991 895 2127 931 finibus
2145 923 2155 938 ,
2177 909 2217 932 ac
2230 900 2352 944 proin·

1391 943 1438 979 de
1456 966 1470 988 ,
1483 945 1578 982 inter
1593 948 1865 983 omniamtnrae
1879 960 1896 983 r
1918 947 2064 982 tionalis
2079 946 2114 982 8<
2132 947 2356 984 intellefiua.

1391 994 1436 1030 lis
1451 996 1669 1043 appetibilia
1682 1009 1796 1034 unum
1809 997 1878 1034 effe
1890 996 2145 1039 essentialiter,
2172 999 2207 1034 8(
2223 998 2356 1046 simpli-

1390 1046 1483 1082 citer
1496 1046 1704 1095 supremum
1728 1049 1925 1097 appetibile
1938 1074 1950 1089 ‚
1979 1047 2152 1095 idemque
2181 1049 2353 1086 ultimum

1390 1097 1500 1143 ipsius
1517 1098 1626 1135 finem
1640 1123 1651 1134 .
1663 1101 1872 1136 Declarat'to
1892 1114 1904 1136 ι
1931 1096 2028 1137 Nam
2044 1101 2081 1134 in
2094 1100 2353 1147 appetibilibus

1390 1158 1454 1185 aut
1468 1149 1668 1186 adstruitur
1679 1151 1769 1186 ordo
1780 1149 1971 1187 essentialis
1983 1177 1996 1193 ,
2020 1161 2082 1186 aut
2094 1152 2124 1187 is
2136 1150 2202 1186 ord
2212 1161 2352 1196 onega-

1390 1208 1452 1235 tur
1472 1225 1484 1236 .
1508 1200 1740 1238 Concedenti
1766 1199 1931 1238 ordinem
1955 1202 2053 1238 hunc
2068 1199 2284 1238 essentialem
2302 1199 2356 1237 est

1391 1250 1545 1287 evidens
1562 1277 1573 1293 ,
1600 1250 1766 1288 standum
1782 1251 1852 1289 effe
1878 1254 1912 1288 in
1937 1263 2012 1289 uno
2038 1251 2211 1300 supremo
2244 1263 2355 1300 appe·

1391 1301 1485 1337 tibili
1508 1331 1516 1339 .
1545 1303 1660 1353 Qd
1675 1302 1698 1338 si
1711 1303 1804 1339 ordo
1816 1303 2007 1340 essentialis
2023 1314 2175 1348 negetur
2191 1326 2205 1345 ‚
2230 1302 2354 1338 adhuc

1390 1351 1434 1385 ha
1442 1354 1550 1390 betur
1563 1352 1808 1402 proprofitum
1831 1368 1842 1392 :
1864 1354 1952 1402 quia
1965 1353 2217 1402 quodcunque
2228 1352 2354 1389 datum

1391 1404 1441 1439 est
1453 1404 1683 1442 essentialiter
1697 1403 1905 1453 supremum
1928 1431 1938 1441 .
1966 1404 2035 1444 Sed
2048 1404 2125 1441 baec
2143 1403 2355 1453 hypothesis

1391 1455 1444 1491 est
1457 1456 1682 1503 impossibilis
1695 1483 1705 1495 .
1734 1456 1767 1492 8(
1783 1460 1831 1493 ab
1843 1457 1944 1492 omni
1957 1456 2108 1493 veritate
2124 1456 2352 1501 aliena,quia

1393 1507 1516 1543 nullus
1532 1506 1720 1555 procefl‘us
1749 1507 1784 1542 in
1798 1507 2065 1544 accidentaliter
2079 1506 2259 1548 ordinatis
2287 1518 2355 1553 po·

1391 1557 1461 1594 test
1472 1558 1674 1607 procedere
1686 1558 1726 1593 in
1741 1556 1924 1594 infinitum
1937 1584 1952 1601 ,
1964 1558 2023 1594 nisi
2041 1557 2076 1592 in
2090 1553 2229 1593 virtute
2244 1556 2355 1592 ¹alicu·

1391 1606 1458 1658 jus
1473 1608 1708 1646 essentialiter
1721 1607 1919 1653 superioris
1929 1619 2005 1644 tota
2015 1606 2075 1643 illa
2095 1608 2304 1644 diversitate
2319 1633 2329 1642 .

1498 1662 1582 1698 Hoc
1598 1671 1686 1706 ergo
1701 1658 1908 1705 supremum
1921 1659 2135 1708 appetibile,
2152 1660 2290 1706 inquo,
2305 1659 2356 1694 ai-

1393 1721 1475 1746 mus
1492 1736 1505 1751 ,
1533 1709 1617 1744 stari
1631 1709 1982 1746 debere-necessario
1998 1712 2035 1745 in
2061 1710 2190 1746 ordine
2218 1710 2356 1759 appeti-

1393 1760 1711 1806 bilium‚oportere
1723 1757 1793 1795 effe
1805 1760 1978 1804 intensive
1992 1760 2354 1802 infinitumssmnems

1393 1821 1469 1853 que
1485 1806 1729 1854 completque-ns
1739 1808 1890 1852 gradum
1901 1808 1987 1857 pom
1995 1811 2103 1846 bilem
2117 1811 2305 1854 bonitatis,
2319 1811 2352 1847 8<

1392 1857 1690 1905 appetibilitatiS,
1704 1869 1750 1892 ex
1761 1869 1804 1893 eo
1816 1860 2071 1895 convincitur:
2084 1861 2172 1906 quia
2185 1863 2354 1897 cuicum·

1391 1920 1468 1956 que
1486 1919 1556 1943 non
1575 1918 1754 1955 repugnat
1769 1907 1930 1945 infinitas
1947 1936 1957 1949 ‚
1969 1910 2059 1946 illud
2071 1910 2204 1946 nonest
2217 1911 2355 1960 simpli-

1391 1961 1480 1995 citer
1496 1957 1704 2005 supremum
1719 1984 1729 1999 ‚
1757 1957 1819 1994 nisi
1838 1955 1878 1993 sit
1890 1959 2090 1997 formaliter
2118 1959 2353 2004 infinitum-2:

1389 2010 1604 2059 appetibili,
1635 2009 1693 2045 vel
1712 2009 1857 2045 volibili
1883 2022 1957 2046 non
1973 2021 2151 2056 repugnat
2174 2011 2354 2057 infinitas;

1391 2073 1477 2098 curn
1489 2060 1578 2096 illud
1595 2088 1605 2103 ,
1622 2061 1681 2096 vel
1695 2059 1737 2096 fit
1752 2058 1929 2107 perfestio
1942 2061 2172 2109 simpliciter,
2192 2063 2248 2098 vel
2264 2074 2354 2101 con.

1390 2112 1591 2151 comitetur
1602 2112 1895 2147 convertibiliter
1906 2112 2064 2159 aliquam
2092 2110 2355 2159 perfeffionem

1393 2163 1603 2212 simpliciter
1627 2176 1636 2198 τ
1664 2162 1807 2200 Etenim
1823 2164 1998 2210 competit
2012 2164 2104 2198 ratio
2119 2163 2194 2198 iiaec
2206 2164 2276 2199 toti
2291 2178 2354 2202 en.

1389 2217 1417 2250 ti
1432 2242 1443 2257 ,
1469 2215 1504 2250 8(
1522 2214 1776 2259 Quodcunque
1791 2214 1862 2250 tale
1875 2212 1923 2248 est
1943 2212 2118 2261 perfeffio
2133 2212 2355 2261 {impliciteu

1388 2263 1736 2315 perfet‘stioniautem
1755 2264 2048 2313 simpliciternon
2065 2275 2245 2313 repugnat
2271 2266 2355 2304 infi.

1385 2319 1480 2355 nitas
1498 2344 1509 2353 .

1491 2370 1546 2406 Ex
1558 2378 1638 2414 quo
1654 2364 1796 2403 rursum
1811 2366 1927 2403 infero
1941 2364 2210 2403 conclufionem
2224 2365 2269 2402 sic
2288 2380 2298 2401 ε
2317 2366 2353 2405 Si

1386 2419 1536 2467 aliquod
1552 2418 1748 2465 appetibile
1763 2445 1772 2454 .
1786 2418 1843 2454 vel
1862 2418 2007 2466 volibile
2019 2416 2089 2454 effe
2103 2416 2215 2465 posset
2230 2416 2352 2455 infini-

1387 2481 1467 2507 tum
1487 2497 1498 2511 ,
1529 2471 1564 2507 8(
1580 2468 1761 2505 infinitum
1775 2470 1903 2515 nequit
1914 2468 2045 2505 excedi
2065 2481 2079 2509 ς
2098 2479 2188 2513 ergo
2201 2468 2353 2516 aliquod

1386 2521 1457 2559 effe
1483 2520 1600 2570 potest
1615 2520 1764 2556 volibile
1786 2520 1991 2564 simpliciter
2015 2519 2226 2555 maternum
2245 2544 2255 2560 ,
2276 2521 2310 2557 &
2326 2519 2352 2556 fi

1388 2571 1460 2611 effe
1472 2570 1586 2620 potest
1602 2583 1614 2611 3
1627 2582 1713 2617 ergo
1724 2569 1839 2619 reipsa
1852 2569 1902 2606 est
1918 2596 1927 2605 .
1942 2573 2038 2607 Nam
2053 2569 2076 2605 st
2090 2581 2161 2605 non
2175 2569 2260 2606 εὲω
2272 2572 2353 2606 exi-

1372 2624 1494 2662 ‘steret
1507 2651 1521 2670 ,
1544 2623 1580 2659 8(
1594 2621 1664 2657 esse
1681 2621 1793 2668 poffet
1804 2648 1817 2664 ,
1845 2633 1916 2657 non
1934 2619 2044 2668 posset
2063 2619 2130 2657 effe
2142 2619 2204 2655 nist
2218 2619 2264 2661 ab
2280 2622 2352 2656 alio

1387 2677 1425 2711 in
1436 2672 1582 2712 essentia
1600 2670 1746 2708 diverso
1763 2701 1773 2715 ‚
1796 2673 1963 2721 atqueita
1977 2683 2049 2708 non
2062 2672 2156 2708 foret
2179 2670 2351 2720 simplici-

1387 2737 1442 2762 ter
1453 2725 1658 2773 supremum
1675 2723 1710 2759 in
1726 2727 1846 2770 aliqua
1879 2721 2103 2770 perfeffloue
2128 2721 2350 2770 fimpliciter‚

1387 2777 1463 2813 imo
1477 2776 1553 2812 haee
1566 2773 1784 2811 excellentia
1797 2775 1952 2810 attribui
1976 2773 2125 2810 deberet
2138 2798 2152 2819 ‚
2178 2775 2231 2809 uti
2248 2774 2280 2810 8(
2294 2784 2351 2808 re·

1386 2827 1567 2877 periretur
1582 2827 1618 2860 in
1631 2824 1695 2860 illo
1706 2826 1779 2861 alio
1794 2852 1804 2866 ,
1817 2837 1837 2860 a
1850 2836 1927 2872 quo
1939 2823 2057 2870 ipsum
2071 2822 2140 2860 esse
2156 2825 2351 2870 acciperet.

1490 2876 1563 2912 Pro
1576 2876 1772 2923 ampliori,
1805 2877 1838 2913 8(
1855 2874 2029 2912 exaaiori
2048 2875 2229 2911 dierorum
2247 2874 2352 2911 intel-

1387 2928 1538 2976 ligentia
1556 2954 1568 2971 ,
1593 2927 1628 2963 8(
1647 2925 1841 2963 solutionis
1871 2926 2030 2963 uberiori
2057 2927 2353 2968 declaratione-a,

1388 2981 1544 3016 dicimus
1564 3005 1574 3022 ,
1603 2975 1812 3026 supremum
1829 2977 2027 3026 appetibile
2044 3003 2054 3019 ,
2086 2979 2142 3013 vel
2170 2976 2350 3013 volibile„

1390 3029 1481 3069 illud
1496 3028 1612 3066 solum
1627 3056 1637 3071 ,
1665 3031 1700 3066 8(
1718 3029 1865 3077 praecise
1877 3027 1946 3063 esse
1962 3053 1973 3069 ‚
2001 3028 2102 3074 quod
2119 3028 2268 3064 cuilibet
2286 3038 2348 3062 na-

1388 3079 1732 3119 turaeintellec'tuali
1748 3107 1760 3123 ,
1786 3091 1868 3127 quae
1884 3078 1956 3114 sola
1975 3077 2025 3114 est
2041 3080 2230 3115 voluntate
2259 3090 2346 3125 prae-

1387 3133 1467 3169 dita
1482 3159 1491 3173 ,
1514 3131 1723 3180 simpliciter
1740 3142 1889 3178 propter
1903 3128 1936 3165 se
1949 3127 2000 3164 est
2015 3130 2210 3166 volendum
2226 3155 2234 3164 .
2263 3129 2331 3163 Por

1390 3196 1430 3221 ro
1445 3182 1534 3219 illud
1551 3183 1792 3228 intelligimus
1820 3181 2025 3228 simpliciter
2051 3180 2121 3217 esse
2152 3190 2296 3227 propter
2310 3178 2343 3215 se

1391 3233 1592 3270 volendum
1609 3259 1622 3276 ,
1647 3235 1707 3268 cui
1720 3246 1764 3269 ex
1782 3243 1908 3268 natura
1924 3230 2034 3276 ipsms
2047 3242 2221 3279 repugnat
2238 3243 2343 3278 appe-

1389 3287 1418 3322 ti
1433 3295 1578 3331 propter
1592 3283 1692 3320 aliud
1716 3310 1726 3319 .
1760 3285 1812 3319 Ex
1832 3294 1908 3329 quo
1924 3281 1964 3318 fit
1983 3309 1992 3321 .
2018 3294 2059 3317 ut
2072 3283 2252 3329 appetitus
2272 3280 2349 3316 sen·

1392 3337 1517 3373 sitivus
1534 3346 1681 3384 propter
1696 3333 1728 3370 se
1746 3343 1919 3382 appetens
1946 3334 2106 3375 aliquid,
2135 3331 2221 3367 idest
2236 3359 2246 3373 ,
2272 3344 2346 3367 non

1391 3398 1540 3437 propter
1552 3385 1651 3422 aliud
1665 3412 1675 3427 ,
1704 3397 1775 3421 non
1795 3385 1931 3421 feratur
1945 3385 1980 3420 in
1998 3385 2031 3419 id
2051 3384 2248 3430 fimpliciter
2261 3393 2346 3429 pro-

1393 3451 1474 3487 pter
1489 3436 1522 3473 se
1538 3462 1552 3481 ‚
1579 3436 1637 3473 sed
1654 3433 2002 3483 tantum-fecundum
2017 3436 2131 3481 quid3
2158 3442 2229 3469 non
2247 3434 2345 3468 enim

1392 3503 1439 3528 ex
1455 3486 1593 3535 objeffl
1608 3485 1828 3535 perfefkione
1841 3513 1851 3529 ,
1863 3487 1920 3521 cui
1935 3497 2111 3531 repugnat
2123 3494 2240 3529 appeti
2258 3493 2343 3527 pro-

1393 3552 1475 3589 pter
1490 3539 1586 3576 aliud
1606 3567 1615 3581 ,
1639 3538 1769 3575 sistitin
1784 3539 1846 3574 illo
1864 3563 1875 3579 ,
1903 3535 1960 3571 sed
1977 3535 2020 3571 de
2048 3535 2216 3582 porentie
2233 3533 2344 3580 ipsius

1391 3589 1837 3637 imperseffioneprocedit
1856 3614 1864 3625 ,
1893 3598 1931 3621 ut
1947 3597 2095 3633 propter
2121 3584 2217 3621 aliud
2245 3594 2347 3619 non..

1393 3652 1585 3691 appetatur
1600 3667 1611 3681 ,
1639 3652 1678 3675 ut
1694 3639 1831 3686 objefti
1848 3639 1942 3685 illius
1954 3649 2077 3672 natura
2093 3635 2246 3684 postulat
2264 3660 2272 3668 .

1495 3691 1555 3722 Tu
1574 3703 1603 3727 ,c
1616 3693 1793 3737 probatur
1820 3689 1920 3736 quod
1934 3686 2191 3724 ostendendum
2219 3684 2348 3720 assum·

1394 3743 1530 3793 pfimut
1543 3756 1552 3777 :
1566 3743 1800 3790 Cuicumque
1817 3740 2019 3786 supremum
2034 3739 2177 3773 volibile
2190 3735 2236 3770 est
2247 3734 2347 3781 objc.

1398 3795 1499 3831 &um
1511 3793 1660 3830 volibile
1674 3819 1684 3836 ‚
1708 3796 1740 3830 ei
1758 3790 1846 3828 illud
1861 3790 1976 3826 solum
1988 3788 2037 3826 est
2052 3787 2254 3834 simpliciter
2282 3797 2348 3820 vo·

1398 3845 1546 3883 lendum
1559 3855 1708 3894 propter
1723 3843 1757 3882 se
1780 3854 1795 3882 a
1807 3841 1864 3879 sed
1876 3836 2080 3889 cuicunque
2097 3838 2270 3874 voluntati
2288 3834 2346 3872 su-

2182 3897 2348 3936 prensum

2633 789 2653 868 ²}

2380 879 2424 910 De
2449 880 2491 910 his
2519 891 2554 924 p,
2584 891 2637 916 1·ae

2378 920 2500 960 questa·

2645 893 2649 900 ι

2646 918 2650 926 ι

2634 1125 2638 1133 ι

2635 1142 2639 1159 l

2444 1671 2617 1701 Perfestioni
2635 1671 2638 1677 '

2385 1708 2549 1749 {impliciter
2561 1721 2616 1740 con

2386 1751 2480 1779 venire
2524 1750 2615 1788 potest

2387 1788 2552 1823 infinitaffle
2561 1797 2617 1826 qua

2383 1825 2619 1895 iateDounod-

2396 1866 2466 1903 iboJo

2376 2976 2501 3008 Secunda
2525 2978 2605 3009 Con-

2376 3017 2608 3048 clusioDnt‘toris:

2377 3056 2503 3085 Nomine
2522 3067 2608 3096 appe-

2376 3095 2465 3124 tibilu
2496 3104 2628 3135 propter,

2376 3129 2479 3169 [equid
2505 3134 2609 3162 nnfclli-

2376 3182 2457 3211 gatur
2468 3172 2610 3201 Vidtndus

2377 3212 2455 3248 Mag.
2475 3212 2609 3250 Hiquaeus

2377 3249 2407 3280 in
2416 3254 2520 3282 comm.
