2628 4026
128 452 206 484 Deus
237 451 327 490 expli-

130 494 201 523 cavit
253 491 327 519 dile·

127 531 249 560 &ionem
262 539 326 561 pro.

128 571 197 596 xuni
214 588 224 602 ‚
250 568 324 595 ultra

127 608 155 636 id
183 607 258 644 quod
279 607 323 634 in-

127 649 213 676 cludit
237 665 246 679 ,
295 647 322 671 in

128 693 264 722 quantum
286 682 327 711 se.

129 727 223 762 quitur
288 729 324 749 ex

128 760 264 799 principiis
287 758 327 787 le-

127 803 167 839 gis
209 806 323 827 naturae·

126 841 192 869 Hoc
236 837 324 874 ipsum

129 878 241 906 videtur
284 875 327 903 in-

126 916 251 953 telligere
265 933 275 942 .

126 957 206 992 Mag.
219 949 324 981 Arensis

125 998 325 1031 tum3ap·q-29·

124 1043 165 1061 w.
185 1036 275 1059 nart-
301 1036 325 1055 1·

128 1070 199 1099 dicit
231 1074 327 1096 mora·

126 1108 166 1138 lia
189 1111 327 1146 praecepu.

125 1147 196 1181 legis
220 1143 328 1173 fundari

126 1181 240 1223 quidem
254 1184 280 1210 in
291 1180 329 1209 le-

127 1234 160 1258 ge
170 1219 329 1253 naturae‚sed

125 1256 183 1291 hon
227 1262 330 1288 imme-

125 1300 218 1328 diate.
241 1298 331 1326 Nem—

125 1347 160 1375 pe
187 1345 250 1374 quia
275 1345 330 1364 non

127 1377 279 1404 inferuntur
294 1383 329 1403 ex

127 1414 243 1443 naturali
279 1413 331 1442 Le.

127 1462 181 1490 ge3
197 1451 331 1479 licutiex-

126 1490 264 1528 plicantur
278 1498 327 1527 per

126 1528 282 1566 Legislato-

126 1575 185 1595 tem
201 1585 210 1593 .

166 1653 306 1693 Det-alogi

126 1700 297 1731 praecepth

127 1732 154 1759 in
169 1732 245 1758 omni
272 1730 324 1757 sta-

126 1778 157 1796 tu
178 1768 324 1795 bominum

126 1806 267 1844 ligabant.

126 1845 198 1874 Vide
231 1846 326 1873 Bona-

127 1891 277 1911 Ventln'aiss
298 1891 325 1917 3-

127 1921 187 1951 dist.
213 1928 324 1955 37.art·

130 1971 157 1990 ι·
170 1970 199 1999 q·
213 1967 243 1994 3.

127 2047 234 2091 Quoad
270 2049 328 2088 pti-

130 2097 176 2115 ma
190 2089 328 2125 principia

130 2127 158 2153 δι
170 2126 327 2154 conclufio-

128 2173 175 2192 ne<
190 2166 326 2194 naturali.

128 2210 170 2230 ter
182 2211 255 2231 notae
270 2222 279 2231 .

424 153 444 188 j
460 151 485 178 ο
499 149 523 178 2

373 202 489 234 Deum
513 200 663 243 diligere
689 225 698 238 ‚
722 200 777 234 uti
803 199 985 246 quoddam
1012 213 1136 236 verum
1165 202 1320 237 necessa-

373 251 465 284 rium
482 276 492 290 ‚
515 249 709 285 dedu&um
734 261 778 285 ex
797 251 979 298 principiis
993 249 1184 293 prat-‘ticin
1210 254 1242 287 ἃ
1263 266 1318 288 me

371 301 465 335 nolle
487 301 650 345 proximo
670 301 738 334 hoc
755 301 888 335 bonum
905 327 916 341 ‚
935 301 989 334 vel
1004 300 1089 335 illud
1106 327 1117 341 ‚
1146 300 1252 346 cujus
1268 303 1319 339 est

369 350 602 398 expreffivum
629 362 845 398 praeceptum
870 350 1030 385 secundae
1053 351 1173 396 tabule
1196 378 1208 393 ‚
1232 366 1315 390 cum

367 412 438 436 non
455 401 494 436 fit
508 412 634 435 verum
652 400 878 437 necessarium
893 423 903 432 .

468 450 526 488 Ad
543 449 774 486 auetoritates
787 452 894 496 igitur
909 448 1008 484 Pauli
1026 476 1038 491 ‚
1053 450 1085 484 8(
1104 450 1238 488 Christi
1253 465 1317 498 po-

367 499 431 535 test
451 501 520 536 dici
536 528 547 544 ‚
580 501 695 537 Deum
710 513 805 536 nunc
817 500 860 535 de
877 499 973 534 facio
985 500 1213 546 explicavisse
1226 503 1316 545 dile-

368 551 520 587 &ionem
535 553 689 598 proximi
716 552 807 586 ultra
830 550 917 585 illud
930 576 942 591 ‚
961 549 1059 595 quod
1072 549 1224 588 includit
1238 578 1249 594 ‚
1279 554 1315 589 in

367 613 543 647 quantum
561 600 723 648 sequitur
739 613 784 636 ex
797 601 978 647 principiis
991 599 1080 643 legis
1098 611 1249 648 natur-93
1275 615 1315 637 ac

366 652 517 698 proinde
529 677 542 694 ,
567 653 649 687 licet
664 661 703 685 ut
721 651 949 686 concluditur
963 663 1007 685 ex
1031 650 1086 683 his
1102 652 1285 697 principiis
1304 679 1314 694 ,

366 714 436 736 non
452 704 631 737 contineat
647 702 706 736 nifi
728 701 819 736 velle
844 700 1010 747 proximo
1026 697 1140 744 ipsum
1165 701 1315 747 diligere

367 753 486 787 Deum
504 754 538 788 in
555 751 586 787 se
602 765 615 792 3
630 762 746 787 tamen
764 761 804 785 ut
817 749 1022 796 explicatur
1036 749 1070 783 in
1087 750 1188 793 lege,
1201 752 1315 788 inclu-

363 800 413 836 dit
428 800 496 836 esse
521 802 675 849 optanda
693 801 786 835 bona
810 801 868 835 illa
883 826 894 841 ‚
921 799 977 833 vel
1003 796 1124 834 saltem
1141 811 1215 835 non
1237 802 1315 838 fore

361 851 514 886 volenda
538 853 707 897 proximo
731 850 819 885 mala
834 848 995 896 opposita
1012 875 1024 891 ‚
1046 859 1087 884 ut
1109 847 1239 894 injuste
1252 853 1317 888 fibi

365 901 495 936 auferri
509 903 617 937 vitam
632 900 849 950 corporalem
862 924 874 944 ,
887 898 994 936 fidem
1012 897 1178 946 conjugii
1194 926 1206 943 ‚
1219 903 1315 939 bona

362 952 567 998 temporalia
584 952 655 987 ἃς.
745 992 748 995 ¹

466 1002 602 1038 Verum
614 1000 663 1036 est
680 1000 904 1048 igitur‚quod
920 998 1073 1045 diligens
1091 1001 1313 1047 proximum,

363 1052 476 1097 legem
493 1052 655 1098 implevit
670 1078 681 1093 ,
695 1062 738 1086 eo
749 1051 856 1087 modo
869 1051 1000 1086 scilicet
1013 1075 1026 1091 ,
1037 1062 1113 1097 quo
1126 1051 1186 1087 lex
1201 1053 1315 1100 expli-

366 1113 444 1136 cata
463 1101 512 1138 est
529 1102 658 1138 debere
674 1102 830 1144 servari3
857 1101 938 1137 licet
955 1112 1026 1136 non
1042 1112 1086 1136 eo
1101 1102 1222 1145 mod0‚
1238 1115 1313 1150 quo

367 1153 521 1198 proximi
533 1151 676 1188 dileetio
689 1152 919 1188 concluditur
932 1163 979 1187 ex
990 1152 1116 1198 primis
1129 1154 1313 1201 principiis

367 1203 456 1248 legis
472 1213 607 1238 natura:
623 1230 633 1241 .
650 1204 692 1238 Et
704 1202 859 1238 similiter
873 1229 884 1244 ,
912 1212 986 1238 tota
1003 1199 1063 1237 lex
1077 1214 1252 1248 quantum
1269 1204 1315 1240 ad

369 1251 557 1289 secundam
577 1253 751 1295 tabulam,
765 1254 798 1288 8(
817 1252 1006 1299 Prophetae
1021 1253 1175 1299 pendent
1188 1267 1231 1290 ex
1244 1254 1315 1290 hoc

368 1302 711 1350 praecepto,Diliges
721 1304 922 1350 proximum
935 1302 1130 1347 tuumstt'ut
1142 1312 1179 1339 te
1189 1304 1315 1352 ipfitm,

368 1353 600 1399 intelligendo
615 1356 685 1389 tale
698 1363 915 1401 praeceptum
932 1377 943 1392 ‚
958 1363 1028 1386 non
1046 1362 1085 1386 ut
1097 1353 1259 1401 sequitur
1273 1354 1317 1390 de

368 1404 484 1452 primo
495 1403 672 1451 principio
683 1401 842 1450 prafuco
858 1401 947 1446 legis
959 1411 1108 1445 naturae,
1125 1403 1182 1441 sed
1197 1415 1234 1438 ut
1248 1405 1318 1439 Le-

367 1454 518 1502 gislator
532 1453 731 1489 declaravit
748 1451 876 1489 debere
894 1451 982 1487 illud
1003 1451 1134 1489 servari
1152 1479 1165 1500 ,
1183 1454 1317 1491 &ficut

367 1505 570 1551 explicatur
589 1504 623 1539 in
639 1504 828 1550 praeceptis
841 1501 1002 1539 secundae
1017 1504 1148 1541 tabulae
1167 1531 1176 1540 .

465 1554 524 1592 Ad
543 1553 696 1600 primum
714 1553 755 1588 ad
767 1553 969 1600 oppositum
986 1552 1188 1599 respondeo
1203 1580 1215 1595 ,
1245 1555 1318 1590 uti·

365 1615 436 1650 que
452 1603 593 1639 inomni
611 1602 703 1638 statu
717 1603 845 1638 servari
863 1602 1022 1637 debuiffe
1040 1604 1213 1650 Decalogi
1229 1617 1318 1652 prae-

367 1665 468 1701 cepta
485 1679 493 1688 .
508 1657 554 1690 Et
565 1653 708 1699 quidem
722 1655 756 1688 in
771 1651 991 1688 beatitudine
1005 1653 1068 1687 erit
1087 1652 1225 1691 summa
1240 1680 1252 1696 ‚
1280 1655 1316 1691 &

364 1703 609 1751 perfectissima
625 1701 853 1739 observantia
869 1702 1166 1740 affirmativorum
1182 1721 1197 1746 ,-
1212 1716 1319 1740 exce.

365 1767 428 1802 pto
445 1754 535 1789 forte
551 1754 612 1788 illo
629 1753 671 1790 de
689 1752 828 1789 honore
856 1752 1064 1788 exhibendo
1094 1756 1318 1801 parentibus,

365 1817 433 1841 non
449 1805 535 1851 quia
548 1803 634 1839 defit
650 1805 821 1840 voluntas
836 1802 869 1838 id
885 1803 1061 1845 faciendi,
1075 1803 1129 1839 sed
1143 1807 1317 1852 quoniam

365 1857 462 1891 nulla
478 1854 589 1890 aderit
610 1854 790 1890 necessitas
803 1852 1028 1901 impendendi
1045 1853 1163 1891 ai‘stum
1190 1857 1316 1898 talem,

367 1905 486 1942 saltem
505 1915 613 1952 prout
629 1904 840 1941 extenditur
864 1902 907 1938 ad
936 1903 1227 1942 sustentationem
1254 1919 1314 1942 ne-

365 1956 545 1993 cessariam
563 1982 574 1998 ‚
596 1957 681 2004 quia
711 1955 831 1991 nullus
861 1952 1039 2000 indigebit
1066 1957 1206 1993 auxilio
1229 1957 1317 1992 alte-

363 2007 438 2043 rius
456 2033 464 2040 .

473 2059 513 2094 ln
528 2059 620 2095 statu
633 2067 751 2092 autem
766 2056 979 2092 innocentiae
992 2081 1002 2097 ,
1025 2057 1058 2092 8<
1074 2056 1316 2105 priusquam..

371 2109 432 2145 lex
450 2108 616 2150 ferretur,
631 2107 846 2142 tenebantur
859 2116 985 2142 omnes
999 2106 1042 2141 ad
1058 2107 1112 2143 illa
1128 2106 1314 2143 servanda:

367 2161 453 2206 quia
466 2159 620 2206 quisque
634 2156 780 2202 gerebat
797 2166 837 2191 ea
853 2155 889 2189 in
914 2157 1062 2203 proprio
1093 2158 1201 2193 corde
1230 2169 1318 2193 con-

366 2209 497 2256 scripta
510 2235 518 2244 .
540 2214 616 2250 Aut
631 2205 782 2242 fortasiis
794 2216 854 2252 per
866 2205 1021 2253 aliquam
1038 2205 1237 2244 doctrinam
1255 2221 1316 2244 ex.

365 2261 534 2295 teriorem
549 2273 565 2294 a
584 2262 664 2296 Deo
677 2256 810 2296 datam,
821 2267 928 2301 quam
943 2256 1175 2293 addiscebant
1189 2270 1317 2305 paren-

365 2320 420 2346 tes
438 2336 448 2351 ,
476 2311 509 2346 &
528 2311 562 2344 in
577 2309 666 2344 filios
679 2306 890 2341 derivabant
908 2319 919 2346 3
945 2317 1012 2341 nec
1026 2310 1192 2352 oportuit
1209 2307 1320 2342 scribi

363 2362 401 2396 in
416 2361 505 2395 libro
517 2386 527 2401 ,
560 2360 643 2406 quia
660 2365 856 2403 potuerunt
873 2355 930 2390 illa
944 2355 987 2391 de
1014 2356 1109 2391 facili
1135 2358 1315 2393 memoriae

366 2409 619 2446 commendare
635 2433 645 2448 ,
678 2407 710 2442 8(
724 2406 877 2439 retinere
895 2418 904 2441 ε
920 2408 1076 2453 populus
1099 2408 1190 2442 enim
1219 2408 1316 2444 illius

366 2471 488 2503 tempo
497 2460 538 2494 ris
554 2469 628 2494 erat
641 2457 722 2491 vitae
733 2456 907 2500 longioris
923 2483 932 2497 ‚
948 2457 981 2492 8(
995 2458 1151 2493 melioris
1167 2456 1315 2504 disposi-

365 2511 476 2545 tionis
489 2510 522 2544 in
541 2507 763 2544 naturalibus
777 2533 788 2548 ,
803 2516 842 2539 ac
855 2505 988 2541 fuerint
999 2506 1163 2544 homines
1176 2519 1316 2555 tempo-

368 2572 447 2595 rum
465 2559 700 2605 posteriorum
720 2584 729 2598 ‚
748 2555 897 2603 quando
915 2556 1109 2593 infirmitas
1126 2559 1249 2605 populi
1265 2571 1319 2593 re-

367 2610 539 2656 quirebat
558 2610 671 2654 legem
689 2607 817 2649 dari‚&
837 2603 1012 2643 scribi.Ex
1028 2609 1162 2654 quibus
1175 2621 1246 2645 non
1265 2608 1315 2645 se-

368 2660 497 2707 quitur
513 2671 636 2695 revera
652 2682 664 2701 ‚
686 2658 862 2704 pertinere
877 2657 921 2692 ad
938 2659 1055 2703 legem
1069 2670 1204 2694 naturae
1231 2671 1315 2707 pro-

369 2710 447 2759 prie
461 2709 576 2751 dietae,
590 2709 645 2746 sed
661 2717 841 2755 quatenus
855 2705 936 2744 sunt
950 2709 1014 2744 tali
1028 2709 1099 2753 legi
1117 2709 1312 2746 admodum

371 2759 525 2797 consona
543 2785 553 2795 .

470 2811 527 2848 Ad
543 2806 738 2846 secundum
749 2808 830 2843 dico
844 2820 854 2841 =
870 2809 1052 2853 Quamvis
1069 2811 1185 2846 Deum
1201 2810 1314 2854 effe-1,

374 2860 544 2896 concludi
560 2867 667 2906 queat
687 2857 824 2893 ratione
838 2861 992 2894 naturali
1004 2873 1048 2896 ex
1064 2862 1248 2909 principiis
1271 2862 1315 2898 de

374 2911 408 2947 se
420 2911 538 2951 notis;
559 2919 676 2946 tamen
691 2908 825 2955 populo
850 2907 949 2948 rudi,
976 2911 1009 2946 8(
1024 2913 1262 2948 inexercitato
1277 2915 1314 2948 in

374 2961 660 3007 intelligibilibus
676 2983 687 2998 ‚
715 2959 768 2992 uti
784 2969 882 2993 erant
897 2956 1038 2996 lsralitae
1053 2961 1088 2995 in
1103 2960 1241 2997 deserto
1258 2965 1316 2999 ab.

373 3022 553 3053 errantes,
582 3022 651 3046 non
663 3018 735 3042 erat
748 3008 781 3042 id
794 3019 919 3043 notum
939 3036 948 3050 ,
975 3011 1035 3046 nisi
1051 3022 1096 3045 ex
1113 3010 1314 3056 lege.Unde

372 3061 414 3096 ad
432 3059 605 3107 Haebreos
626 3073 680 3097 ιι.
693 3066 826 3106 oportet
843 3059 1317 3106 ,inquitApostoli1s,acce·

375 3112 514 3147 dentem
526 3112 574 3147 ad
589 3113 702 3148 Deum
713 3109 857 3145 credere
867 3112 952 3155 quia
963 3113 1035 3158 est3
1058 3111 1256 3156 intelligens
1273 3113 1316 3148 de

374 3162 431 3196 his
447 3187 457 3203 ‚
484 3164 632 3209 quinon
648 3160 779 3197 habent
792 3183 803 3201 ‚
816 3170 880 3194 nec
890 3163 1077 3207 acquirere
1094 3161 1233 3207 poffunt
1250 3165 1316 3199 alia

374 3213 432 3246 via
449 3214 608 3248 notitiam
624 3212 667 3247 de
680 3209 865 3245 existentia
879 3212 972 3246 Dei.
989 3213 1039 3247 lta
1052 3237 1061 3252 ‚
1076 3211 1136 3245 ctfi
1150 3214 1318 3248 concludi

377 3262 478 3309 polilt
497 3288 508 3304 ,
534 3262 688 3308 aliquam
703 3260 1028 3306 concupiscentiam
1043 3260 1109 3296 effe
1127 3273 1251 3298 contra
1271 3264 1318 3298 le-

373 3324 452 3357 gem
467 3323 603 3347 natura:
618 3338 628 3353 ,
641 3311 849 3345 hominibus
863 3322 979 3347 tamen
995 3323 1133 3347 morum
1147 3312 1321 3358 deprava-

377 3372 500 3399 torum
531 3362 564 3396 id
589 3373 661 3398 non
674 3359 913 3396 innotescebat
930 3388 939 3402 ‚
964 3362 1043 3396 ideo
1057 3373 1149 3407 opus
1167 3361 1232 3397 fuit
1251 3375 1324 3399 tra.

379 3411 413 3446 di
429 3425 492 3459 per
504 3413 617 3456 legem
639 3438 648 3452 ,
678 3423 752 3457 quo
767 3410 967 3454 persuasum
983 3413 1153 3446 haberent
1165 3439 1175 3453 ,
1188 3425 1321 3449 concu-

379 3463 587 3509 piscentiam
601 3461 668 3497 csse
680 3461 1051 3498 cohibendam.l³otest
1063 3464 1167 3498 etiam
1182 3464 1322 3511 respon.

380 3511 452 3549 deri
471 3539 479 3553 ,
495 3509 801 3559 concupiscentias
815 3511 882 3546 effe
898 3511 1101 3547 interdicitis
1117 3525 1178 3558 per
1195 3527 1325 3559 praece-

381 3575 442 3609 pta
459 3562 618 3599 secundae
633 3562 870 3598 tabulaetHaec
882 3573 999 3597 autem
1016 3574 1189 3610 praecepta
1204 3565 1322 3600 saltem

385 3616 503 3649 omnia
519 3641 530 3656 ‚
556 3626 624 3650 non
642 3612 816 3661 pertinere
834 3613 875 3646 ad
904 3615 1015 3657 legem
1046 3625 1179 3650 naturae
1209 3615 1323 3651 striclc

385 3673 570 3713 acceptam
590 3692 601 3707 ,
630 3664 848 3700 declaratum
865 3662 911 3698 cst
925 3663 1134 3709 insblutisne
1150 3690 1161 3702 .

983 136 1165 179 Summae
1195 128 1386 199 Joanm‘s
1424 135 1555 182 Dum
1584 132 1703 180 Scoti

1557 250 2063 290 ARTICULUS
2116 251 2167 288 Il.

1411 351 1544 389 Utrum
1560 360 1738 399 praecepta
1755 354 1889 389 veteris
1901 354 1989 399 legis
2003 353 2068 389 {int
2085 354 2126 389 de
2137 353 2307 391 omnibus

1682 400 1822 437 astibus
1835 405 2011 441 virtutum
2025 429 2034 436 -

1433 502 1566 539 Doffor
1582 502 1662 539 locis
1671 505 1710 538 in
1723 504 1884 546 margine
1908 505 1970 539 cit.
1990 505 2032 540 S.
2053 504 2173 540 Thom.
2193 512 2223 539 r.
2242 514 2277 538 2.

1719 563 1753 598 q.
1775 564 1855 588 100.
1867 563 1940 589 art.
1955 565 1991 591 2.

1382 648 1478 740 R
1495 649 1683 698 Espondeo
1698 650 1892 689 dicendum
1910 654 2062 689 Moralia
2079 665 2256 703 praecepta
2270 667 2330 692 ve-

1506 701 1691 746 terislegis
1703 700 1771 737 effe
1794 702 1838 738 de
1853 705 2021 740 omnibus
2048 705 2187 741 affitibus
2216 708 2333 744 virtu-

1384 762 1475 787 tum.
1489 752 1715 787 Declaratio:
1730 753 1910 801 Praecepta
1925 754 2002 790 haec
2016 756 2163 791 moralia
2182 756 2256 792 duo
2269 770 2333 805 po-

1383 801 1549 838 tiffimum
1568 801 1772 838 intendunt.
1790 804 1955 841 Alterum
1970 804 2018 840 est
2031 805 2199 844 ordinare
2212 808 2332 844 homi-

1384 864 1464 887 nem
1480 851 1524 887 ad
1538 853 1658 888 Deum
1674 876 1683 885 .
1702 851 1868 889 Alterum
1885 856 2072 901 quomodo
2089 867 2212 900 gerere
2227 858 2260 895 se
2271 860 2332 896 de-

1383 902 1465 937 beat
1476 913 1558 946 erga
1570 903 1775 949 proximum
1791 929 1800 938 .
1818 905 1975 940 Primum
1995 905 2152 952 speeiant
2164 920 2332 957 precepta

1383 953 1650 998 primaetabulae
1666 978 1674 987 .
1692 954 1760 988 His
1779 955 1870 990 enim
1888 954 2056 1001 dirigitur
2071 955 2181 992 homo
2197 960 2242 994 ad
2269 971 2332 994 co-

1384 1002 1528 1038 lendum
1542 1028 1557 1048 ,
1581 1002 1772 1040 amandum
1792 1031 1803 1046 ,
1829 1006 1863 1041 8<
1877 1005 2118 1042 venerandum
2135 1019 2250 1046 unum
2267 1021 2331 1045 ve-

1382 1063 1536 1099 rumque
1554 1055 1671 1089 Deum
1692 1066 1704 1092 3
1721 1056 1753 1092 8(
1767 1054 1980 1097 ostenditur,
1993 1056 2030 1092 id
2046 1059 2214 1106 precipue
2229 1060 2274 1097 ab
2287 1071 2331 1095 eo

1383 1102 1460 1138 fieri
1475 1113 1642 1150 oportere
1654 1103 1779 1141 diebus
1790 1108 1955 1142 omnibus
1968 1106 2243 1147 Sabbathorum.
2262 1108 2330 1146 Pet

1383 1165 1559 1202 praecepta
1571 1164 1689 1190 autem
1719 1155 1880 1191 secundae
1908 1156 2239 1197 tabulaeinstruitur
2262 1161 2331 1197 ho·

1384 1215 1442 1240 mo
1456 1231 1468 1246 ‚
1490 1205 1646 1249 qualiter
1660 1204 1816 1252 primum
1831 1206 1864 1242 se
1876 1219 1997 1252 gerere
2011 1209 2136 1244 debeat
2153 1223 2235 1257 erga
2265 1223 2329 1259 pa·

1385 1265 1526 1296 rentes,
1555 1255 1618 1302 qui
1636 1254 1667 1291 se
1679 1268 1878 1302 genuerunt
1910 1271 1920 1293 t
1953 1260 1995 1294 Et
2012 1259 2139 1295 deinde
2164 1261 2329 1308 respectu

1384 1305 1566 1351 proximi,
1592 1316 1667 1340 tum
1693 1306 1812 1352 quoad
1829 1308 1937 1343 vitam
1961 1310 2220 1356 temporalem,
2246 1321 2328 1347 tum

1384 1355 1506 1400 quoad
1520 1356 1600 1394 alia,
1614 1366 1693 1400 quae
1711 1356 1754 1390 ad
1767 1355 1882 1402 ipsum
1900 1360 2077 1406 pertinent
2095 1386 2104 1396 .
2120 1361 2158 1397 ln
2169 1362 2225 1397 his
2240 1373 2329 1397 vero

1385 1404 1606 1449 exequendis
1624 1405 1796 1441 mandatis
1812 1418 2027 1443 exercentur
2039 1410 2140 1446 aetus
2167 1414 2328 1446 omnium

1385 1455 1564 1490 vii-tntum
1579 1480 1590 1495 ,
1619 1464 1695 1489 tum
1710 1454 2016 1502 Theologicarum
2031 1459 2154 1501 Fidei,
2179 1461 2276 1507 Spei,
2288 1462 2326 1496 &

1385 1504 1614 1545 Charinum
1636 1514 1713 1538 tum
1727 1506 1915 1542 moralium
1930 1534 1939 1549 ‚
1963 1506 2108 1552 justitiae
2126 1537 2136 1551 ,
2152 1509 2330 1545 fortitudi.

1385 1556 1439 1590 nis
1454 1582 1463 1596 ,
1478 1555 1722 1601 temperantiae
1734 1581 1746 1597 ‚
1758 1555 1792 1591 8(
1806 1557 2000 1603 prudentiae
2018 1584 2028 1599 ‚
2059 1570 2078 1593 a
2091 1572 2162 1606 qua
2175 1559 2333 1606 pruden-

1385 1607 1434 1640 tia
1448 1604 1602 1652 pendent
1619 1604 1718 1639 aetus
1746 1616 1944 1652 ceterarum
1973 1609 2149 1646 virtutum
2168 1634 2180 1650 ,
2210 1610 2244 1645 3(
2261 1609 2334 1645 fine

1386 1666 1459 1701 qua
1470 1652 1539 1691 effe
1551 1667 1623 1690 non
1640 1655 1782 1702 poffunt
1800 1659 1947 1693 virtutes
1960 1683 1969 1692 .

1541 1753 2046 1796 ARTICVLVS
2097 1760 2168 1795 ΙΙΙ.

1413 1855 1548 1890 Utrum
1565 1855 1686 1892 omnia
1700 1867 1865 1904 precepta
1886 1859 2032 1894 moralia
2048 1861 2177 1895 veteris
2193 1860 2281 1907 legis
2296 1887 2308 1903 ,

1539 1905 1758 1942 reducantur
1788 1907 1830 1941 ad
1858 1909 1978 1944 decem
2007 1922 2186 1958 praecepta

1759 1958 1933 2003 Decalogi
1951 1988 1961 1996 .

1436 2053 1568 2092 Doffor
1579 2055 1660 2093 locis
1674 2059 1712 2094 in
1727 2060 1884 2102 margine
1897 2060 1947 2094 cic
1969 2085 1977 2094 .
1991 2062 2035 2096 S·
2059 2059 2180 2096 Thom.
2204 2073 2215 2095 r
2226 2085 2235 2095 .
2249 2072 2283 2097 2.

1736 2119 1769 2154 q.
1790 2117 1948 2144 100.art.
1967 2122 1999 2156 3.

1505 2204 1654 2242 identur
1668 2220 1738 2242 non
1750 2209 1868 2242 omnia
1884 2220 2058 2256 praecepta
2076 2212 2219 2249 moralia
2233 2221 2333 2246 vete-

1518 2256 1562 2289 ris
1582 2258 1670 2302 legis
1687 2257 1807 2293 reduci
1825 2257 1867 2291 ad
1881 2259 2003 2294 decem
2020 2272 2199 2310 praecepta
2218 2261 2336 2296 Deca-

1387 2305 1485 2348 logi.
1499 2307 1634 2342 Etenim
1655 2333 1664 2347 ,
1690 2307 1993 2353 quemadmodum
2026 2309 2191 2348 scribitur
2219 2313 2335 2347 &vlat-

1385 2354 1470 2390 thaei
1485 2365 1545 2389 22.
1574 2355 1731 2392 Primum
1760 2356 2032 2405 maximumque
2063 2363 2265 2397 mandatum
2284 2360 2334 2396 est.

1386 2404 1532 2440 dileetio
1549 2404 1614 2441 Dei
1633 2420 1644 2447 3
1671 2407 1769 2453 quod
1788 2408 1931 2453 quidem
1956 2410 2335 2448 rationabilissimum..

1387 2455 1436 2491 est
1449 2481 1460 2497 ‚
1491 2456 1696 2503 impendere
1711 2456 1843 2493 scilicet
1871 2458 2095 2496 dileffiorem
2127 2462 2205 2496 Deo
2219 2489 2230 2504 ,
2257 2474 2336 2498 tan-

1384 2518 1494 2552 quam
1512 2506 1574 2541 fini
1587 2508 1737 2550 ultim02
1748 2508 1849 2555 super
1860 2509 1978 2543 omnia
1991 2511 2174 2556 diligendo
2200 2515 2337 2549 Secun-

1385 2557 1471 2592 dum
1483 2568 1570 2591 vero
1583 2560 1786 2604 proximum
1803 2559 1850 2594 illi
1866 2585 1877 2600 ‚
1906 2557 1953 2594 est
1968 2560 2111 2596 dileffio
2126 2562 2334 2606 hominum,

1386 2608 1474 2643 ficut
1489 2607 1640 2652 diligens
1654 2620 1747 2643 amat
1765 2608 1930 2656 seipsum
1946 2637 1956 2652 ‚
1985 2611 2071 2647 idest
2094 2613 2136 2647 ad
2150 2614 2336 2649 eundem.»

1385 2658 1494 2693 finem
1512 2684 1524 2700 ,
1553 2670 1699 2704 propter
1717 2671 1824 2706 quem
1844 2671 1939 2696 amat
1960 2658 1991 2696 se
2008 2687 2017 2696 .
2030 2664 2230 2707 Exquibus
2245 2664 2338 2699 duo·

1386 2714 1454 2744 bus
1468 2711 1652 2755 praeceptis
1670 2718 1744 2745 tota
1756 2709 1814 2746 lex
1823 2711 1956 2757 pendet
1970 2738 1981 2752 ,
2010 2712 2055 2753 ὠ·
2071 2712 2260 2762 Prophetae
2272 2726 2284 2754 3
2297 2724 2336 2749 ut

1386 2759 1517 2795 ibidem
1533 2759 1685 2797 dicitur:
1702 2759 1772 2798 Sed
1791 2761 1864 2796 duo
1880 2760 1954 2797 haec
1967 2763 2132 2809 primaria
2158 2774 2336 2810 praecepta

1388 2822 1462 2846 non
1474 2810 1704 2846 continentur
1720 2812 1754 2846 in
1770 2811 1955 2856 Deculogo
1969 2831 1978 2842 ι
2003 2814 2091 2849 Non
2107 2825 2192 2859 ergo
2204 2813 2334 2850 cuneta

1387 2860 1531 2897 moralia
1546 2871 1723 2908 pracepta
1738 2863 1968 2897 continentur
1984 2862 2017 2897 in
2030 2862 2218 2910 Decalogo
2229 2889 2239 2899 .

1486 2907 1735 2947 Confirmatur
1748 2938 1758 2952 ‚
1787 2911 1947 2948 Matthaei
1961 2923 1996 2960 7.
2014 2914 2146 2950 Omnia
2164 2926 2258 2960 ergo,
2275 2914 2332 2950 in·

1387 2961 1467 3006 quit
1485 2959 1654 2997 Salvator
1670 2987 1682 3004 ,
1709 2973 1934 3009 quercumque
1958 2962 2071 2998 vultis
2087 2989 2097 3004 ‚
2123 2973 2165 2999 ut
2187 2964 2329 3009 saciant

1388 3011 1484 3046 vohis
1496 3008 1664 3054 hmines,
1676 3011 1719 3050 &
1735 3011 1912 3057 vos-facite
1923 3012 1994 3048 illis
2010 3026 2018 3048 :
2037 3015 2148 3060 Atqui
2164 3013 2234 3049 hoc
2247 3016 2329 3061 qui-

1386 3061 1466 3096 dem
1485 3071 1700 3108 praeceptum
1720 3063 1753 3097 in
1772 3064 2041 3107 Decalogonon
2059 3065 2214 3110 legitur3
2241 3076 2330 3109 ergo

1387 3111 1592 3157 Decalogus
1610 3124 1679 3147 non
1701 3113 1952 3161 complectitur
1981 3116 2097 3150 omnia
2123 3126 2329 3163 praecepta-³

1384 3161 1528 3197 moralia
1545 3183 1555 3193 .

1487 3212 1658 3247 Praeterea
1674 3237 1684 3252 ,
1701 3214 1741 3248 ln
1757 3216 1832 3259 lege
1843 3214 1893 3250 est
1906 3225 2118 3262 praeceptum
2137 3215 2179 3250 de
2195 3216 2331 3251 Sabba-

1387 3261 1438 3295 thi
1464 3261 1741 3297 sanetificatione
1772 3291 1782 3305 ‚
1823 3266 2000 3301 Memento
2031 3292 2042 3306 ,
2070 3266 2235 3310 inquiens
2252 3293 2262 3307 ‚
2289 3275 2330 3302 ut

1388 3311 1484 3346 diem
1498 3310 1895 3358 Sabbathisanffificex.
1910 3317 1990 3350 Hoc
2002 3325 2120 3350 autem
2138 3317 2247 3361 magis
2263 3327 2329 3352 cae·

1388 3362 1582 3397 remoniale
1600 3362 1767 3404 videtur;
1798 3364 2027 3411 prescribitur
2039 3368 2129 3401 enim
2149 3366 2263 3409 ritus,
2292 3368 2328 3403 8(

1390 3423 1531 3458 tempus
1544 3412 1681 3447 colendi
1699 3411 1815 3449 Deum
1832 3415 2065 3451 determinato
2079 3418 2329 3463 tempore2At·

1389 3462 1452 3507 qui
1468 3462 1611 3496 moralia
1628 3473 1800 3511 praecepta
1829 3477 1898 3500 non
1917 3466 2134 3502 reducunlur
2163 3467 2203 3502 ad
2220 3479 2329 3503 caere·

1390 3513 1553 3548 monialia
1572 3540 1581 3553 ,
1606 3512 1662 3548 sed
1681 3515 1826 3559 magisc
1840 3515 2012 3551 converso
2033 3529 2044 3556 ;
2074 3528 2159 3562 crgo
2183 3519 2327 3552 moralia

1390 3573 1554 3610 precepta
1571 3563 1664 3598 haud
1678 3563 1799 3600 reduci
1812 3566 1980 3603 videntur
1995 3567 2036 3602 ad
2051 3579 2188 3614 ca‚quae
2204 3579 2330 3603 noran-

1392 3614 1500 3649 turin
1517 3613 1702 3661 Deculogo
1716 3639 1724 3648 .

1490 3663 1626 3699 Contra
1643 3690 1653 3705 ‚
1683 3663 1742 3698 Ad
1774 3666 1878 3701 Rom.
1900 3677 1947 3712 ¹3·
1967 3669 2073 3716 Qon
2098 3667 2329 3704 adulterabis.

1394 3715 1501 3764 Qu
1512 3715 1641 3751 occides
1656 3741 1666 3755 ,
1694 3715 1784 3762 &⁶st
1793 3718 1883 3764 quod
1897 3719 1942 3761 eff}
1956 3718 2059 3753 aliud
2070 3719 2332 3760 mandatum,in

1395 3764 1455 3800 hoc
1471 3767 1572 3802 verbo
1589 3767 1809 3815 instauratur
1825 3779 1834 3802 :
1850 3769 1992 3814 Diliges
2003 3770 2204 3816 proximum
2227 3777 2330 3804 tuum

2193 3817 2286 3863 sicut

2369 668 2383 696 3
2391 679 2400 689 .
2411 661 2472 692 dist.
2487 668 2561 699 375.

2367 700 2421 728 «dd
2444 704 2565 738 quaest‘i'o-

2367 746 2432 765 mm
2463 741 2565 770 Viden.

2367 775 2418 805 dus
2430 785 2490 806 art.
2498 783 2564 807 nt?

2370 822 2400 849 3.
2409 824 2439 852 q.
2462 825 2513 852 94.
2536 818 2565 845 8c

2366 861 2425 882 art·
2440 862 2468 884 1·
2479 863 2510 892 q·
2517 863 2565 887 92·

2366 2212 2485 2253 prologi
2496 2224 2525 2252 q.
2536 2221 2565 2244 2.

2365 2257 2393 2287 §-
2405 2253 2449 2281 De
2457 2253 2566 2290 quinto.

2359 2914 2418 2945 Ubi
2428 2915 2511 2950 suPffl

2382 3239 2411 3265 3.
2438 3231 2501 3260 dist.
2524 3239 2553 3268 3·

2362 3278 2434 3302 Ω.7ο
