<?xml version="1.0" encoding="UTF-8"?>
<!DOCTYPE html PUBLIC "-//W3C//DTD XHTML 1.0 Transitional//EN"
    "http://www.w3.org/TR/xhtml1/DTD/xhtml1-transitional.dtd">
<html xmlns="http://www.w3.org/1999/xhtml" xml:lang="en" lang="en">
 <head>
  <title>
</title>
<meta http-equiv="Content-Type" content="text/html;charset=utf-8" />
  <meta name='ocr-system' content='tesseract 3.04.00' />
  <meta name='ocr-capabilities' content='ocr_page ocr_carea ocr_par ocr_line ocrx_word'/>
</head>
<body>
  <div class='ocr_page' id='page_1' title='image "./joannisdunsscoti03duns_0442.png"; bbox 0 0 2618 4026; ppageno 0'>
   <div class='ocr_carea' id='block_1_1' title="bbox 133 2963 341 3083">
    <p class='ocr_par' dir='ltr' id='par_1_1' title="bbox 133 2963 341 3083">
     <span class='ocr_line' id='line_1_1' title="bbox 133 2963 339 3007; baseline 0.015 -16"><span class='ocrx_word' id='word_1_1' title='bbox 133 2974 165 3000; x_wconf 79' lang='grc'>4.</span> <span class='ocrx_word' id='word_1_2' title='bbox 176 2963 237 2993; x_wconf 74' lang='lat' dir='ltr'>dist.</span> <span class='ocrx_word' id='word_1_3' title='bbox 253 2977 299 3004; x_wconf 78' lang='lat'>¹⁴·</span> <span class='ocrx_word' id='word_1_4' title='bbox 309 2979 339 3007; x_wconf 79' lang='lat' dir='ltr'>q.</span> 
     </span>
     <span class='ocr_line' id='line_1_2' title="bbox 135 3008 341 3046; baseline 0.019 -14"><span class='ocrx_word' id='word_1_5' title='bbox 135 3012 164 3046; x_wconf 54' lang='grc' dir='ltr'>ξ.</span> <span class='ocrx_word' id='word_1_6' title='bbox 175 3008 198 3032; x_wconf 80' lang='grc' dir='ltr'>ο.</span> <span class='ocrx_word' id='word_1_7' title='bbox 211 3008 251 3033; x_wconf 68' lang='lat' dir='ltr'>Ad</span> <span class='ocrx_word' id='word_1_8' title='bbox 259 3016 341 3045; x_wconf 67' lang='lat' dir='ltr'>nujus</span> 
     </span>
     <span class='ocr_line' id='line_1_3' title="bbox 136 3043 339 3083; baseline 0 -12"><span class='ocrx_word' id='word_1_9' title='bbox 136 3043 308 3074; x_wconf 65' lang='lat' dir='ltr'>wituella.</span> <span class='ocrx_word' id='word_1_10' title='bbox 328 3065 339 3083; x_wconf 61' lang='lat'>9</span> 
     </span>
    </p>
   </div>
   <div class='ocr_carea' id='block_1_2' title="bbox 348 149 1310 1704">
    <p class='ocr_par' dir='ltr' id='par_1_2' title="bbox 348 149 1310 1704">
     <span class='ocr_line' id='line_1_4' title="bbox 420 149 520 199; baseline -0.04 0"><span class='ocrx_word' id='word_1_11' title='bbox 420 149 520 199; x_wconf 75' lang='lat'>418</span> 
     </span>
     <span class='ocr_line' id='line_1_5' title="bbox 350 206 1300 255; baseline -0.002 -13"><span class='ocrx_word' id='word_1_12' title='bbox 350 206 558 245; x_wconf 64' lang='lat' dir='ltr'>exsolvatur</span> <span class='ocrx_word' id='word_1_13' title='bbox 582 219 643 254; x_wconf 83' lang='lat' dir='ltr'>per</span> <span class='ocrx_word' id='word_1_14' title='bbox 655 209 826 255; x_wconf 82' lang='lat' dir='ltr'>temporis</span> <span class='ocrx_word' id='word_1_15' title='bbox 843 207 1069 245; x_wconf 81' lang='lat' dir='ltr'>durationem</span> <span class='ocrx_word' id='word_1_16' title='bbox 1086 234 1097 249; x_wconf 92' lang='lat'><em>,</em></span> <span class='ocrx_word' id='word_1_17' title='bbox 1122 207 1157 243; x_wconf 87' lang='lat'>&amp;</span> <span class='ocrx_word' id='word_1_18' title='bbox 1178 216 1300 241; x_wconf 85' lang='lat' dir='ltr'>motus</span> 
     </span>
     <span class='ocr_line' id='line_1_6' title="bbox 351 257 1309 303; baseline 0 -10"><span class='ocrx_word' id='word_1_19' title='bbox 351 259 452 294; x_wconf 87' lang='lat' dir='ltr'>liberi</span> <span class='ocrx_word' id='word_1_20' title='bbox 470 259 606 296; x_wconf 78' lang='lat' dir='ltr'>arbitrii</span> <span class='ocrx_word' id='word_1_21' title='bbox 635 258 848 303; x_wconf 84' lang='lat' dir='ltr'>insurgentis</span> <span class='ocrx_word' id='word_1_22' title='bbox 878 260 913 293; x_wconf 91' lang='lat' dir='ltr'>in</span> <span class='ocrx_word' id='word_1_23' title='bbox 945 257 1124 299; x_wconf 80' lang='lat' dir='ltr'>commissa</span> <span class='ocrx_word' id='word_1_24' title='bbox 1155 266 1309 302; x_wconf 54' lang='lat' dir='ltr'>peccata*</span> 
     </span>
     <span class='ocr_line' id='line_1_7' title="bbox 351 305 1301 357; baseline -0.001 -13"><span class='ocrx_word' id='word_1_25' title='bbox 351 322 413 357; x_wconf 83' lang='lat' dir='ltr'>per</span> <span class='ocrx_word' id='word_1_26' title='bbox 426 322 548 346; x_wconf 82' lang='lat' dir='ltr'>eorum</span> <span class='ocrx_word' id='word_1_27' title='bbox 563 309 917 353; x_wconf 75' lang='lat' dir='ltr'>detestationem,non</span> <span class='ocrx_word' id='word_1_28' title='bbox 931 311 964 345; x_wconf 89' lang='lat' dir='ltr'>in</span> <span class='ocrx_word' id='word_1_29' title='bbox 983 308 1125 344; x_wconf 87' lang='lat' dir='ltr'>instanti</span> <span class='ocrx_word' id='word_1_30' title='bbox 1140 305 1301 352; x_wconf 77' lang='lat' dir='ltr'>perficia-</span> 
     </span>
     <span class='ocr_line' id='line_1_8' title="bbox 351 355 1302 407; baseline -0.003 -12"><span class='ocrx_word' id='word_1_31' title='bbox 351 370 411 395; x_wconf 82' lang='lat' dir='ltr'>tur</span> <span class='ocrx_word' id='word_1_32' title='bbox 425 385 434 400; x_wconf 91' lang='lat'>,</span> <span class='ocrx_word' id='word_1_33' title='bbox 458 370 673 407; x_wconf 83' lang='lat' dir='ltr'>argumento</span> <span class='ocrx_word' id='word_1_34' title='bbox 695 360 743 395; x_wconf 90' lang='lat' dir='ltr'>est</span> <span class='ocrx_word' id='word_1_35' title='bbox 760 360 941 406; x_wconf 72' lang='lat' dir='ltr'>processus</span> <span class='ocrx_word' id='word_1_36' title='bbox 967 362 1011 395; x_wconf 90' lang='lat' dir='ltr'>ab</span> <span class='ocrx_word' id='word_1_37' title='bbox 1025 355 1240 404; x_wconf 67' lang='lat' dir='ltr'>&#39;‘imperfeeto</span> <span class='ocrx_word' id='word_1_38' title='bbox 1257 356 1302 391; x_wconf 88' lang='lat' dir='ltr'>ad</span> 
     </span>
     <span class='ocr_line' id='line_1_9' title="bbox 348 407 1302 458; baseline -0.004 -14"><span class='ocrx_word' id='word_1_39' title='bbox 348 409 546 458; x_wconf 65' lang='lat' dir='ltr'>perfeflum</span> <span class='ocrx_word' id='word_1_40' title='bbox 569 407 681 457; x_wconf 86' lang='lat' dir='ltr'>usque</span> <span class='ocrx_word' id='word_1_41' title='bbox 707 411 749 445; x_wconf 90' lang='lat' dir='ltr'>ad</span> <span class='ocrx_word' id='word_1_42' title='bbox 775 410 907 446; x_wconf 82' lang='lat' dir='ltr'>instans</span> <span class='ocrx_word' id='word_1_43' title='bbox 938 411 1060 454; x_wconf 83' lang='lat' dir='ltr'>gratiae</span> <span class='ocrx_word' id='word_1_44' title='bbox 1083 408 1270 445; x_wconf 75' lang='lat' dir='ltr'>infusionis</span> <span class='ocrx_word' id='word_1_45' title='bbox 1291 431 1302 441; x_wconf 89' lang='lat'>.</span> 
     </span>
     <span class='ocr_line' id='line_1_10' title="bbox 351 458 1304 506; baseline -0.002 -12"><span class='ocrx_word' id='word_1_46' title='bbox 351 461 537 506; x_wconf 77' lang='lat' dir='ltr'>Siquidem</span> <span class='ocrx_word' id='word_1_47' title='bbox 555 459 624 506; x_wconf 82' lang='lat' dir='ltr'>(ut</span> <span class='ocrx_word' id='word_1_48' title='bbox 639 459 774 496; x_wconf 65' lang='lat' dir='ltr'>dietum</span> <span class='ocrx_word' id='word_1_49' title='bbox 792 460 839 496; x_wconf 88' lang='lat' dir='ltr'>est</span> <span class='ocrx_word' id='word_1_50' title='bbox 854 460 962 506; x_wconf 74' lang='lat' dir='ltr'>supra</span> <span class='ocrx_word' id='word_1_51' title='bbox 975 468 1052 495; x_wconf 83' lang='lat' dir='ltr'>art.</span> <span class='ocrx_word' id='word_1_52' title='bbox 1069 469 1101 503; x_wconf 81' lang='grc' dir='ltr'>ς.</span> <span class='ocrx_word' id='word_1_53' title='bbox 1118 458 1304 493; x_wconf 79' lang='lat' dir='ltr'>declaran-</span> 
     </span>
     <span class='ocr_line' id='line_1_11' title="bbox 353 508 1305 558; baseline -0.005 -13"><span class='ocrx_word' id='word_1_54' title='bbox 353 522 406 545; x_wconf 87' lang='lat' dir='ltr'>tes</span> <span class='ocrx_word' id='word_1_55' title='bbox 421 508 689 555; x_wconf 82' lang='lat' dir='ltr'>justificationis</span> <span class='ocrx_word' id='word_1_56' title='bbox 703 522 866 545; x_wconf 85' lang='lat' dir='ltr'>naturam</span> <span class='ocrx_word' id='word_1_57' title='bbox 885 512 905 558; x_wconf 80' lang='lat'>)</span> <span class='ocrx_word' id='word_1_58' title='bbox 931 511 1154 556; x_wconf 63' lang='lat' dir='ltr'>peccator&#39;in</span> <span class='ocrx_word' id='word_1_59' title='bbox 1179 518 1305 555; x_wconf 84' lang='lat' dir='ltr'>pecca-</span> 
     </span>
     <span class='ocr_line' id='line_1_12' title="bbox 353 555 1305 606; baseline -0.003 -11"><span class='ocrx_word' id='word_1_60' title='bbox 353 561 396 596; x_wconf 85' lang='lat' dir='ltr'>tis</span> <span class='ocrx_word' id='word_1_61' title='bbox 410 561 561 597; x_wconf 79' lang='lat' dir='ltr'>existens</span> <span class='ocrx_word' id='word_1_62' title='bbox 578 560 654 606; x_wconf 88' lang='lat' dir='ltr'>post</span> <span class='ocrx_word' id='word_1_63' title='bbox 673 562 772 595; x_wconf 66' lang='lat' dir='ltr'>aetus</span> <span class='ocrx_word' id='word_1_64' title='bbox 785 560 1006 601; x_wconf 71' lang='lat' dir='ltr'>transeuntes</span> <span class='ocrx_word' id='word_1_65' title='bbox 1036 572 1081 595; x_wconf 84' lang='lat' dir='ltr'>ex</span> <span class='ocrx_word' id='word_1_66' title='bbox 1112 559 1247 605; x_wconf 87' lang='lat' dir='ltr'>regulis</span> <span class='ocrx_word' id='word_1_67' title='bbox 1262 555 1305 590; x_wconf 83' lang='lat' dir='ltr'>fi-</span> 
     </span>
     <span class='ocr_line' id='line_1_13' title="bbox 353 608 1305 658; baseline -0.004 -12"><span class='ocrx_word' id='word_1_68' title='bbox 353 610 410 647; x_wconf 89' lang='lat' dir='ltr'>dei</span> <span class='ocrx_word' id='word_1_69' title='bbox 430 609 650 658; x_wconf 64' lang='lat' dir='ltr'>perspestum</span> <span class='ocrx_word' id='word_1_70' title='bbox 665 611 771 646; x_wconf 87' lang='lat' dir='ltr'>habet</span> <span class='ocrx_word' id='word_1_71' title='bbox 789 637 798 651; x_wconf 90' lang='lat'>‚</span> <span class='ocrx_word' id='word_1_72' title='bbox 816 613 860 645; x_wconf 87' lang='lat' dir='ltr'>ab</span> <span class='ocrx_word' id='word_1_73' title='bbox 875 610 907 646; x_wconf 91' lang='lat' dir='ltr'>se</span> <span class='ocrx_word' id='word_1_74' title='bbox 924 608 1146 645; x_wconf 76' lang='lat' dir='ltr'>commissum</span> <span class='ocrx_word' id='word_1_75' title='bbox 1176 618 1305 656; x_wconf 77' lang='lat' dir='ltr'>pecca·</span> 
     </span>
     <span class='ocr_line' id='line_1_14' title="bbox 354 657 1305 706; baseline -0.005 -10"><span class='ocrx_word' id='word_1_76' title='bbox 354 673 430 696; x_wconf 89' lang='lat' dir='ltr'>tum</span> <span class='ocrx_word' id='word_1_77' title='bbox 448 660 514 698; x_wconf 81' lang='lat' dir='ltr'>effe</span> <span class='ocrx_word' id='word_1_78' title='bbox 533 661 597 696; x_wconf 90' lang='lat' dir='ltr'>Dei</span> <span class='ocrx_word' id='word_1_79' title='bbox 610 659 819 697; x_wconf 82' lang='lat' dir='ltr'>offensivum</span> <span class='ocrx_word' id='word_1_80' title='bbox 839 687 849 701; x_wconf 93' lang='lat'>,</span> <span class='ocrx_word' id='word_1_81' title='bbox 881 662 913 696; x_wconf 84' lang='grc'>8(</span> <span class='ocrx_word' id='word_1_82' title='bbox 931 671 1054 695; x_wconf 91' lang='lat' dir='ltr'>contra</span> <span class='ocrx_word' id='word_1_83' title='bbox 1076 661 1193 706; x_wconf 88' lang='lat' dir='ltr'>legem</span> <span class='ocrx_word' id='word_1_84' title='bbox 1209 657 1305 699; x_wconf 79' lang='lat' dir='ltr'>divi-</span> 
     </span>
     <span class='ocr_line' id='line_1_15' title="bbox 354 710 1305 754; baseline -0.005 -7"><span class='ocrx_word' id='word_1_85' title='bbox 354 724 435 748; x_wconf 86' lang='lat' dir='ltr'>nam</span> <span class='ocrx_word' id='word_1_86' title='bbox 451 739 460 754; x_wconf 91' lang='lat'><em>‚</em></span> <span class='ocrx_word' id='word_1_87' title='bbox 478 713 511 747; x_wconf 78' lang='grc'>8(</span> <span class='ocrx_word' id='word_1_88' title='bbox 525 711 726 746; x_wconf 82' lang='lat' dir='ltr'>aversivum</span> <span class='ocrx_word' id='word_1_89' title='bbox 750 722 769 744; x_wconf 86' lang='lat' dir='ltr'>a</span> <span class='ocrx_word' id='word_1_90' title='bbox 791 713 868 745; x_wconf 83' lang='lat' dir='ltr'>Deo</span> <span class='ocrx_word' id='word_1_91' title='bbox 886 736 896 749; x_wconf 96' lang='lat'>‚</span> <span class='ocrx_word' id='word_1_92' title='bbox 925 710 1181 754; x_wconf 82' lang='lat' dir='ltr'>impeditivum</span> <span class='ocrx_word' id='word_1_93' title='bbox 1214 718 1305 753; x_wconf 71' lang='lat' dir='ltr'>prae⁴</span> 
     </span>
     <span class='ocr_line' id='line_1_16' title="bbox 354 757 1304 804; baseline -0.008 -5"><span class='ocrx_word' id='word_1_94' title='bbox 354 764 440 802; x_wconf 86' lang='lat' dir='ltr'>mii,</span> <span class='ocrx_word' id='word_1_95' title='bbox 455 763 489 797; x_wconf 88' lang='lat'>&amp;</span> <span class='ocrx_word' id='word_1_96' title='bbox 505 760 732 797; x_wconf 58' lang='lat' dir='ltr'>indui-&#39;tivum</span> <span class='ocrx_word' id='word_1_97' title='bbox 748 758 1045 804; x_wconf 85' lang='lat' dir='ltr'>aeternisupplicii</span> <span class='ocrx_word' id='word_1_98' title='bbox 1061 785 1071 793; x_wconf 88' lang='lat'>.</span> <span class='ocrx_word' id='word_1_99' title='bbox 1131 757 1304 794; x_wconf 79' lang='lat' dir='ltr'>efiderans</span> 
     </span>
     <span class='ocr_line' id='line_1_17' title="bbox 353 806 1304 856; baseline -0.007 -8"><span class='ocrx_word' id='word_1_100' title='bbox 353 824 476 848; x_wconf 64' lang='lat' dir='ltr'>autem</span> <span class='ocrx_word' id='word_1_101' title='bbox 492 813 536 845; x_wconf 82' lang='lat' dir='ltr'>ab</span> <span class='ocrx_word' id='word_1_102' title='bbox 552 811 605 845; x_wconf 83' lang='lat' dir='ltr'>his</span> <span class='ocrx_word' id='word_1_103' title='bbox 617 810 648 845; x_wconf 87' lang='lat' dir='ltr'>se</span> <span class='ocrx_word' id='word_1_104' title='bbox 664 808 874 849; x_wconf 88' lang='lat' dir='ltr'>emundari,</span> <span class='ocrx_word' id='word_1_105' title='bbox 886 808 1113 856; x_wconf 85' lang='lat' dir='ltr'>pristinaeque</span> <span class='ocrx_word' id='word_1_106' title='bbox 1129 806 1203 851; x_wconf 74' lang='lat' dir='ltr'>Dei</span> <span class='ocrx_word' id='word_1_107' title='bbox 1216 806 1304 843; x_wconf 87' lang='lat' dir='ltr'>ami-</span> 
     </span>
     <span class='ocr_line' id='line_1_18' title="bbox 354 856 1303 906; baseline -0.005 -8"><span class='ocrx_word' id='word_1_108' title='bbox 354 863 449 899; x_wconf 84' lang='lat' dir='ltr'>citiae</span> <span class='ocrx_word' id='word_1_109' title='bbox 469 860 564 896; x_wconf 77' lang='lat' dir='ltr'>reddi</span> <span class='ocrx_word' id='word_1_110' title='bbox 581 887 592 902; x_wconf 92' lang='lat'>‚</span> <span class='ocrx_word' id='word_1_111' title='bbox 609 860 737 906; x_wconf 84' lang='lat' dir='ltr'>incipit</span> <span class='ocrx_word' id='word_1_112' title='bbox 763 856 930 900; x_wconf 70' lang='lat' dir='ltr'>detestari</span> <span class='ocrx_word' id='word_1_113' title='bbox 948 883 961 900; x_wconf 84' lang='lat'>‚</span> <span class='ocrx_word' id='word_1_114' title='bbox 985 871 1025 893; x_wconf 89' lang='lat' dir='ltr'>ac</span> <span class='ocrx_word' id='word_1_115' title='bbox 1054 858 1217 896; x_wconf 84' lang='lat' dir='ltr'>execrari</span> <span class='ocrx_word' id='word_1_116' title='bbox 1240 860 1303 894; x_wconf 80' lang='lat' dir='ltr'>sua</span> 
     </span>
     <span class='ocr_line' id='line_1_19' title="bbox 354 909 1305 958; baseline -0.002 -12"><span class='ocrx_word' id='word_1_117' title='bbox 354 912 486 957; x_wconf 71' lang='lat' dir='ltr'>flagitia</span> <span class='ocrx_word' id='word_1_118' title='bbox 506 938 512 947; x_wconf 78' lang='grc'>,</span> <span class='ocrx_word' id='word_1_119' title='bbox 531 911 664 956; x_wconf 89' lang='lat' dir='ltr'>quibus</span> <span class='ocrx_word' id='word_1_120' title='bbox 682 920 781 945; x_wconf 87' lang='lat' dir='ltr'>tanta</span> <span class='ocrx_word' id='word_1_121' title='bbox 797 909 888 945; x_wconf 85' lang='lat' dir='ltr'>mala</span> <span class='ocrx_word' id='word_1_122' title='bbox 901 909 1181 958; x_wconf 56' lang='lat' dir='ltr'>fibiaccerfiviq</span> <span class='ocrx_word' id='word_1_123' title='bbox 1200 911 1305 946; x_wconf 86' lang='lat' dir='ltr'>exin·</span> 
     </span>
     <span class='ocr_line' id='line_1_20' title="bbox 354 958 1304 1007; baseline -0.005 -9"><span class='ocrx_word' id='word_1_124' title='bbox 354 963 396 999; x_wconf 92' lang='lat' dir='ltr'>de</span> <span class='ocrx_word' id='word_1_125' title='bbox 415 960 668 997; x_wconf 86' lang='lat' dir='ltr'>considerando</span> <span class='ocrx_word' id='word_1_126' title='bbox 683 958 751 996; x_wconf 82' lang='lat' dir='ltr'>Dei</span> <span class='ocrx_word' id='word_1_127' title='bbox 765 959 972 1002; x_wconf 77' lang='lat' dir='ltr'>immensam</span> <span class='ocrx_word' id='word_1_128' title='bbox 996 962 1162 1007; x_wconf 77' lang='lat' dir='ltr'>pietatem</span> <span class='ocrx_word' id='word_1_129' title='bbox 1181 986 1193 1002; x_wconf 92' lang='lat'>‚</span> <span class='ocrx_word' id='word_1_130' title='bbox 1215 971 1304 995; x_wconf 85' lang='lat' dir='ltr'>eon-</span> 
     </span>
     <span class='ocr_line' id='line_1_21' title="bbox 354 1009 1305 1059; baseline -0.004 -11"><span class='ocrx_word' id='word_1_131' title='bbox 354 1013 437 1059; x_wconf 85' lang='lat' dir='ltr'>cipit</span> <span class='ocrx_word' id='word_1_132' title='bbox 453 1010 546 1058; x_wconf 86' lang='lat' dir='ltr'>spem</span> <span class='ocrx_word' id='word_1_133' title='bbox 559 1010 769 1051; x_wconf 80' lang='lat' dir='ltr'><strong>deveniendi</strong></span> <span class='ocrx_word' id='word_1_134' title='bbox 782 1012 817 1046; x_wconf 74' lang='lat' dir='ltr'>in</span> <span class='ocrx_word' id='word_1_135' title='bbox 829 1022 1019 1049; x_wconf 83' lang='lat' dir='ltr'>numerum</span> <span class='ocrx_word' id='word_1_136' title='bbox 1043 1013 1202 1056; x_wconf 82' lang='lat' dir='ltr'>filiorum</span> <span class='ocrx_word' id='word_1_137' title='bbox 1217 1009 1305 1052; x_wconf 91' lang='lat' dir='ltr'>Dei,</span> 
     </span>
     <span class='ocr_line' id='line_1_22' title="bbox 352 1061 1304 1109; baseline -0.002 -11"><span class='ocrx_word' id='word_1_138' title='bbox 352 1063 472 1109; x_wconf 82' lang='lat' dir='ltr'>sicque</span> <span class='ocrx_word' id='word_1_139' title='bbox 485 1061 519 1096; x_wconf 90' lang='lat' dir='ltr'>in</span> <span class='ocrx_word' id='word_1_140' title='bbox 547 1063 664 1099; x_wconf 86' lang='lat' dir='ltr'>Deum</span> <span class='ocrx_word' id='word_1_141' title='bbox 694 1061 922 1097; x_wconf 89' lang='lat' dir='ltr'>convertitur</span> <span class='ocrx_word' id='word_1_142' title='bbox 960 1073 1021 1108; x_wconf 82' lang='lat' dir='ltr'>per</span> <span class='ocrx_word' id='word_1_143' title='bbox 1050 1063 1304 1103; x_wconf 58' lang='lat' dir='ltr'>dileetionem,</span> 
     </span>
     <span class='ocr_line' id='line_1_23' title="bbox 352 1110 1305 1158; baseline -0.002 -11"><span class='ocrx_word' id='word_1_144' title='bbox 352 1115 387 1150; x_wconf 68' lang='lat'>8&lt;</span> <span class='ocrx_word' id='word_1_145' title='bbox 401 1114 436 1148; x_wconf 89' lang='lat' dir='ltr'>in</span> <span class='ocrx_word' id='word_1_146' title='bbox 453 1112 581 1148; x_wconf 74' lang='lat' dir='ltr'>ultimo</span> <span class='ocrx_word' id='word_1_147' title='bbox 596 1110 834 1158; x_wconf 57' lang='lat' dir='ltr'>instint‘aejus</span> <span class='ocrx_word' id='word_1_148' title='bbox 847 1110 1305 1158; x_wconf 76' lang='lat' dir='ltr'>motusjustificattir,Deo</span> 
     </span>
     <span class='ocr_line' id='line_1_24' title="bbox 350 1160 1305 1208; baseline -0.002 -8"><span class='ocrx_word' id='word_1_149' title='bbox 350 1160 562 1200; x_wconf 75' lang='lat' dir='ltr'>infund‘ente</span> <span class='ocrx_word' id='word_1_150' title='bbox 577 1164 732 1208; x_wconf 82' lang='lat' dir='ltr'>gratiam</span> <span class='ocrx_word' id='word_1_151' title='bbox 745 1161 1041 1205; x_wconf 66' lang='lat' dir='ltr'>Sanstifieantem</span> <span class='ocrx_word' id='word_1_152' title='bbox 1056 1191 1068 1207; x_wconf 93' lang='lat'>‚</span> <span class='ocrx_word' id='word_1_153' title='bbox 1092 1162 1305 1200; x_wconf 80' lang='lat' dir='ltr'>sufficienter</span> 
     </span>
     <span class='ocr_line' id='line_1_25' title="bbox 352 1211 1306 1261; baseline -0.002 -11"><span class='ocrx_word' id='word_1_154' title='bbox 352 1213 523 1261; x_wconf 87' lang='lat' dir='ltr'>disposito</span> <span class='ocrx_word' id='word_1_155' title='bbox 539 1211 582 1249; x_wconf 90' lang='lat' dir='ltr'>de</span> <span class='ocrx_word' id='word_1_156' title='bbox 608 1224 796 1258; x_wconf 83' lang='lat' dir='ltr'>congru03</span> <span class='ocrx_word' id='word_1_157' title='bbox 823 1225 883 1249; x_wconf 85' lang='lat' dir='ltr'>aut</span> <span class='ocrx_word' id='word_1_158' title='bbox 912 1213 934 1248; x_wconf 88' lang='lat' dir='ltr'>fi</span> <span class='ocrx_word' id='word_1_159' title='bbox 963 1216 1082 1252; x_wconf 86' lang='lat' dir='ltr'>minus</span> <span class='ocrx_word' id='word_1_160' title='bbox 1112 1213 1306 1261; x_wconf 72' lang='lat' dir='ltr'>dispositus</span> 
     </span>
     <span class='ocr_line' id='line_1_26' title="bbox 352 1264 1307 1307; baseline -0.002 -7"><span class='ocrx_word' id='word_1_161' title='bbox 352 1264 558 1301; x_wconf 83' lang='lat' dir='ltr'>inveniatur</span> <span class='ocrx_word' id='word_1_162' title='bbox 572 1291 581 1305; x_wconf 88' lang='lat'>,</span> <span class='ocrx_word' id='word_1_163' title='bbox 602 1264 680 1300; x_wconf 84' lang='lat' dir='ltr'>licet</span> <span class='ocrx_word' id='word_1_164' title='bbox 704 1264 767 1299; x_wconf 89' lang='lat' dir='ltr'>fibi</span> <span class='ocrx_word' id='word_1_165' title='bbox 783 1264 825 1299; x_wconf 86' lang='lat' dir='ltr'>ad</span> <span class='ocrx_word' id='word_1_166' title='bbox 855 1265 1078 1302; x_wconf 80' lang='lat' dir='ltr'>Poenitentiae</span> <span class='ocrx_word' id='word_1_167' title='bbox 1099 1266 1307 1307; x_wconf 78' lang='lat' dir='ltr'>Sacramen-</span> 
     </span>
     <span class='ocr_line' id='line_1_27' title="bbox 354 1313 1306 1361; baseline -0.004 -10"><span class='ocrx_word' id='word_1_168' title='bbox 354 1325 430 1352; x_wconf 88' lang='lat' dir='ltr'>tum</span> <span class='ocrx_word' id='word_1_169' title='bbox 447 1313 615 1350; x_wconf 79' lang='lat' dir='ltr'>accedere</span> <span class='ocrx_word' id='word_1_170' title='bbox 632 1326 644 1355; x_wconf 80' lang='lat'>3</span> <span class='ocrx_word' id='word_1_171' title='bbox 669 1325 730 1361; x_wconf 84' lang='lat' dir='ltr'>per</span> <span class='ocrx_word' id='word_1_172' title='bbox 743 1314 843 1359; x_wconf 86' lang='lat' dir='ltr'>quod</span> <span class='ocrx_word' id='word_1_173' title='bbox 859 1315 997 1360; x_wconf 80' lang='lat' dir='ltr'>plenam</span> <span class='ocrx_word' id='word_1_174' title='bbox 1011 1315 1306 1360; x_wconf 73' lang='lat' dir='ltr'>consequuturus</span> 
     </span>
     <span class='ocr_line' id='line_1_28' title="bbox 353 1364 1306 1412; baseline -0.005 -13"><span class='ocrx_word' id='word_1_175' title='bbox 353 1364 403 1401; x_wconf 84' lang='lat' dir='ltr'>est</span> <span class='ocrx_word' id='word_1_176' title='bbox 416 1375 647 1412; x_wconf 88' lang='lat' dir='ltr'>peccatorum</span> <span class='ocrx_word' id='word_1_177' title='bbox 663 1364 801 1399; x_wconf 86' lang='lat' dir='ltr'>veniam</span> <span class='ocrx_word' id='word_1_178' title='bbox 830 1364 864 1399; x_wconf 88' lang='grc'>8(</span> <span class='ocrx_word' id='word_1_179' title='bbox 899 1365 1146 1401; x_wconf 76' lang='lat' dir='ltr'>remissionem.</span> <span class='ocrx_word' id='word_1_180' title='bbox 1163 1366 1306 1412; x_wconf 61' lang='lat' dir='ltr'>(jSm-¹</span> 
     </span>
     <span class='ocr_line' id='line_1_29' title="bbox 355 1412 1308 1462; baseline -0.003 -12"><span class='ocrx_word' id='word_1_181' title='bbox 355 1416 411 1451; x_wconf 89' lang='lat' dir='ltr'>vis</span> <span class='ocrx_word' id='word_1_182' title='bbox 425 1426 511 1462; x_wconf 85' lang='lat' dir='ltr'>ergo</span> <span class='ocrx_word' id='word_1_183' title='bbox 522 1416 638 1459; x_wconf 70' lang='lat' dir='ltr'>gratia</span> <span class='ocrx_word' id='word_1_184' title='bbox 655 1426 671 1448; x_wconf 87' lang='lat' dir='ltr'>a</span> <span class='ocrx_word' id='word_1_185' title='bbox 692 1412 821 1452; x_wconf 82' lang='lat' dir='ltr'>D:oin</span> <span class='ocrx_word' id='word_1_186' title='bbox 834 1413 975 1450; x_wconf 84' lang='lat' dir='ltr'>instanti</span> <span class='ocrx_word' id='word_1_187' title='bbox 987 1415 1198 1451; x_wconf 81' lang='lat' dir='ltr'>infundatur</span> <span class='ocrx_word' id='word_1_188' title='bbox 1212 1436 1224 1455; x_wconf 70' lang='lat' dir='ltr'><em>s</em></span> <span class='ocrx_word' id='word_1_189' title='bbox 1255 1424 1308 1448; x_wconf 88' lang='lat' dir='ltr'>re.</span> 
     </span>
     <span class='ocr_line' id='line_1_30' title="bbox 355 1464 1310 1512; baseline -0.005 -10"><span class='ocrx_word' id='word_1_190' title='bbox 355 1466 531 1512; x_wconf 86' lang='lat' dir='ltr'>gulariter</span> <span class='ocrx_word' id='word_1_191' title='bbox 546 1475 662 1502; x_wconf 84' lang='lat' dir='ltr'>tamen</span> <span class='ocrx_word' id='word_1_192' title='bbox 678 1476 798 1501; x_wconf 89' lang='lat' dir='ltr'>motus</span> <span class='ocrx_word' id='word_1_193' title='bbox 815 1465 871 1500; x_wconf 89' lang='lat' dir='ltr'>ille</span> <span class='ocrx_word' id='word_1_194' title='bbox 887 1465 985 1500; x_wconf 83' lang='lat' dir='ltr'>liberi</span> <span class='ocrx_word' id='word_1_195' title='bbox 1012 1466 1155 1503; x_wconf 83' lang='lat' dir='ltr'>arbitrii</span> <span class='ocrx_word' id='word_1_196' title='bbox 1172 1464 1310 1500; x_wconf 82' lang='lat' dir='ltr'>exeita-</span> 
     </span>
     <span class='ocr_line' id='line_1_31' title="bbox 355 1514 1309 1560; baseline -0.004 -8"><span class='ocrx_word' id='word_1_197' title='bbox 355 1519 383 1552; x_wconf 90' lang='lat' dir='ltr'>ti</span> <span class='ocrx_word' id='word_1_198' title='bbox 399 1517 442 1551; x_wconf 89' lang='lat' dir='ltr'>ab</span> <span class='ocrx_word' id='word_1_199' title='bbox 454 1516 589 1551; x_wconf 81' lang='lat' dir='ltr'>auxilio</span> <span class='ocrx_word' id='word_1_200' title='bbox 604 1514 733 1551; x_wconf 64' lang='lat' dir='ltr'>aetuaii</span> <span class='ocrx_word' id='word_1_201' title='bbox 763 1515 907 1552; x_wconf 67' lang='lat' dir='ltr'>Divinae</span> <span class='ocrx_word' id='word_1_202' title='bbox 937 1514 1184 1553; x_wconf 66' lang='lat' dir='ltr'>misericordiae</span> <span class='ocrx_word' id='word_1_203' title='bbox 1218 1525 1309 1560; x_wconf 77' lang='lat' dir='ltr'>prae·</span> 
     </span>
     <span class='ocr_line' id='line_1_32' title="bbox 357 1563 1310 1605; baseline -0.004 -3"><span class='ocrx_word' id='word_1_204' title='bbox 357 1566 555 1605; x_wconf 85' lang='lat' dir='ltr'>venientis,</span> <span class='ocrx_word' id='word_1_205' title='bbox 584 1564 632 1600; x_wconf 83' lang='lat' dir='ltr'>est</span> <span class='ocrx_word' id='word_1_206' title='bbox 659 1563 896 1605; x_wconf 60' lang='lat' dir='ltr'>successivus,</span> <span class='ocrx_word' id='word_1_207' title='bbox 917 1577 980 1601; x_wconf 86' lang='lat' dir='ltr'>nec</span> <span class='ocrx_word' id='word_1_208' title='bbox 1007 1567 1042 1601; x_wconf 84' lang='lat' dir='ltr'>in</span> <span class='ocrx_word' id='word_1_209' title='bbox 1079 1565 1221 1603; x_wconf 85' lang='lat' dir='ltr'>instanti</span> <span class='ocrx_word' id='word_1_210' title='bbox 1248 1577 1310 1600; x_wconf 85' lang='lat' dir='ltr'>ne-</span> 
     </span>
     <span class='ocr_line' id='line_1_33' title="bbox 356 1613 1310 1666; baseline -0.002 -13"><span class='ocrx_word' id='word_1_211' title='bbox 356 1613 786 1666; x_wconf 80' lang='lat' dir='ltr'>ceffariam&#39;consequitur</span> <span class='ocrx_word' id='word_1_212' title='bbox 802 1615 1056 1665; x_wconf 69' lang='lat' dir='ltr'>perfefflonem</span> <span class='ocrx_word' id='word_1_213' title='bbox 1072 1644 1085 1661; x_wconf 89' lang='lat'><em>,</em></span> <span class='ocrx_word' id='word_1_214' title='bbox 1116 1615 1218 1663; x_wconf 89' lang='lat' dir='ltr'>quod</span> <span class='ocrx_word' id='word_1_215' title='bbox 1233 1626 1310 1653; x_wconf 88' lang='lat' dir='ltr'>erat</span> 
     </span>
     <span class='ocr_line' id='line_1_34' title="bbox 361 1665 648 1704; baseline -0.003 -1"><span class='ocrx_word' id='word_1_216' title='bbox 361 1665 617 1703; x_wconf 82' lang='lat' dir='ltr'>declarandum</span> <span class='ocrx_word' id='word_1_217' title='bbox 635 1691 648 1704; x_wconf 88' lang='lat'>.</span> 
     </span>
    </p>
   </div>
   <div class='ocr_carea' id='block_1_3' title="bbox 494 1765 1180 1809">
    <p class='ocr_par' dir='ltr' id='par_1_3' title="bbox 494 1765 1180 1809">
     <span class='ocr_line' id='line_1_35' title="bbox 494 1765 1180 1809; baseline -0.001 -5"><span class='ocrx_word' id='word_1_218' title='bbox 494 1765 1003 1809; x_wconf 80' lang='lat' dir='ltr'>ARTicVLvs</span> <span class='ocrx_word' id='word_1_219' title='bbox 1064 1767 1180 1806; x_wconf 64' lang='lat' dir='ltr'>vnn</span> 
     </span>
    </p>
   </div>
   <div class='ocr_carea' id='block_1_4' title="bbox 385 1866 1284 2019">
    <p class='ocr_par' dir='ltr' id='par_1_4' title="bbox 385 1866 1284 2019">
     <span class='ocr_line' id='line_1_36' title="bbox 385 1866 1284 1913; baseline 0.006 -10"><span class='ocrx_word' id='word_1_220' title='bbox 385 1866 518 1903; x_wconf 78' lang='lat' dir='ltr'>Vtrum</span> <span class='ocrx_word' id='word_1_221' title='bbox 535 1868 655 1912; x_wconf 84' lang='lat' dir='ltr'>gratiae</span> <span class='ocrx_word' id='word_1_222' title='bbox 667 1868 796 1905; x_wconf 86' lang='lat' dir='ltr'>infusio</span> <span class='ocrx_word' id='word_1_223' title='bbox 808 1868 845 1910; x_wconf 75' lang='lat' dir='ltr'>sit</span> <span class='ocrx_word' id='word_1_224' title='bbox 857 1870 970 1913; x_wconf 84' lang='lat' dir='ltr'>prima</span> <span class='ocrx_word' id='word_1_225' title='bbox 982 1868 1108 1904; x_wconf 82' lang='lat' dir='ltr'>ordine</span> <span class='ocrx_word' id='word_1_226' title='bbox 1123 1871 1284 1908; x_wconf 80' lang='lat' dir='ltr'>Naturae.</span> 
     </span>
     <span class='ocr_line' id='line_1_37' title="bbox 536 1919 1140 1966; baseline 0.003 -12"><span class='ocrx_word' id='word_1_227' title='bbox 536 1919 631 1954; x_wconf 88' lang='lat' dir='ltr'>inter</span> <span class='ocrx_word' id='word_1_228' title='bbox 647 1932 684 1955; x_wconf 85' lang='lat' dir='ltr'>ea</span> <span class='ocrx_word' id='word_1_229' title='bbox 703 1945 715 1958; x_wconf 91' lang='grc'>,</span> <span class='ocrx_word' id='word_1_230' title='bbox 735 1932 807 1966; x_wconf 69' lang='lat' dir='ltr'>que</span> <span class='ocrx_word' id='word_1_231' title='bbox 833 1921 1070 1965; x_wconf 83' lang='lat' dir='ltr'>requiruntur</span> <span class='ocrx_word' id='word_1_232' title='bbox 1095 1919 1140 1956; x_wconf 84' lang='lat' dir='ltr'>ad</span> 
     </span>
     <span class='ocr_line' id='line_1_38' title="bbox 611 1968 1064 2019; baseline -0.002 -13"><span class='ocrx_word' id='word_1_233' title='bbox 611 1968 908 2017; x_wconf 76' lang='lat' dir='ltr'>justificationem</span> <span class='ocrx_word' id='word_1_234' title='bbox 938 1971 1064 2019; x_wconf 82' lang='lat' dir='ltr'>impii.</span> 
     </span>
    </p>
   </div>
   <div class='ocr_carea' id='block_1_5' title="bbox 413 2069 1264 2318">
    <p class='ocr_par' dir='ltr' id='par_1_5' title="bbox 413 2069 1264 2267">
     <span class='ocr_line' id='line_1_39' title="bbox 413 2069 1264 2118; baseline 0 -11"><span class='ocrx_word' id='word_1_235' title='bbox 413 2069 550 2107; x_wconf 53' lang='lat' dir='ltr'>&amp;Durior</span> <span class='ocrx_word' id='word_1_236' title='bbox 565 2069 696 2116; x_wconf 56' lang='grc' dir='ltr'>φάψ.</span> <span class='ocrx_word' id='word_1_237' title='bbox 712 2071 765 2108; x_wconf 87' lang='lat'>16.</span> <span class='ocrx_word' id='word_1_238' title='bbox 796 2070 923 2118; x_wconf 63' lang='lat' dir='ltr'>quaeff.</span> <span class='ocrx_word' id='word_1_239' title='bbox 948 2082 980 2106; x_wconf 84' lang='lat'>2.</span> <span class='ocrx_word' id='word_1_240' title='bbox 1007 2072 1044 2105; x_wconf 78' lang='lat' dir='ltr'>in</span> <span class='ocrx_word' id='word_1_241' title='bbox 1057 2081 1264 2117; x_wconf 76' lang='lat' dir='ltr'>argumente</span> 
     </span>
     <span class='ocr_line' id='line_1_40' title="bbox 456 2119 1214 2169; baseline 0 -14"><span class='ocrx_word' id='word_1_242' title='bbox 456 2119 681 2169; x_wconf 68' lang='lat' dir='ltr'>principal1&#39;3</span> <span class='ocrx_word' id='word_1_243' title='bbox 710 2120 753 2159; x_wconf 69' lang='grc' dir='ltr'>ὠ·</span> <span class='ocrx_word' id='word_1_244' title='bbox 770 2120 801 2160; x_wconf 84' lang='lat'>§.</span> <span class='ocrx_word' id='word_1_245' title='bbox 822 2121 866 2154; x_wconf 85' lang='lat' dir='ltr'>ad</span> <span class='ocrx_word' id='word_1_246' title='bbox 889 2121 1088 2162; x_wconf 70' lang='lat' dir='ltr'>rationesin</span> <span class='ocrx_word' id='word_1_247' title='bbox 1099 2131 1214 2168; x_wconf 87' lang='lat' dir='ltr'>oppo-</span> 
     </span>
     <span class='ocr_line' id='line_1_41' title="bbox 515 2169 1166 2217; baseline -0.009 -10"><span class='ocrx_word' id='word_1_248' title='bbox 515 2171 643 2207; x_wconf 84' lang='lat' dir='ltr'>situm.</span> <span class='ocrx_word' id='word_1_249' title='bbox 683 2173 776 2207; x_wconf 84' lang='lat' dir='ltr'>Ver.</span> <span class='ocrx_word' id='word_1_250' title='bbox 812 2169 1024 2207; x_wconf 89' lang='lat' dir='ltr'>Secundum</span> <span class='ocrx_word' id='word_1_251' title='bbox 1055 2182 1166 2217; x_wconf 84' lang='lat' dir='ltr'>argu.</span> 
     </span>
     <span class='ocr_line' id='line_1_42' title="bbox 567 2220 1114 2267; baseline 0.004 -11"><span class='ocrx_word' id='word_1_252' title='bbox 567 2231 726 2257; x_wconf 87' lang='lat' dir='ltr'>mentum</span> <span class='ocrx_word' id='word_1_253' title='bbox 743 2246 750 2254; x_wconf 92' lang='lat'>.</span> <span class='ocrx_word' id='word_1_254' title='bbox 767 2220 808 2255; x_wconf 89' lang='lat' dir='ltr'>In</span> <span class='ocrx_word' id='word_1_255' title='bbox 819 2229 949 2267; x_wconf 80' lang='lat' dir='ltr'>reporc.</span> <span class='ocrx_word' id='word_1_256' title='bbox 966 2222 1114 2258; x_wconf 85' lang='lat' dir='ltr'>ibidem.</span> 
     </span>
    </p>

    <p class='ocr_par' dir='ltr' id='par_1_6' title="bbox 614 2270 1063 2318">
     <span class='ocr_line' id='line_1_43' title="bbox 614 2270 1063 2318; baseline -0.007 -12"><span class='ocrx_word' id='word_1_257' title='bbox 614 2272 657 2309; x_wconf 88' lang='lat' dir='ltr'>S.</span> <span class='ocrx_word' id='word_1_258' title='bbox 680 2270 799 2307; x_wconf 82' lang='lat' dir='ltr'>Thom.</span> <span class='ocrx_word' id='word_1_259' title='bbox 822 2282 850 2304; x_wconf 89' lang='grc' dir='ltr'>ι.</span> <span class='ocrx_word' id='word_1_260' title='bbox 885 2281 1063 2318; x_wconf 56' lang='lat' dir='ltr'>2,·q.113·</span> 
     </span>
    </p>
   </div>
   <div class='ocr_carea' id='block_1_6' title="bbox 778 2319 900 2355">
    <p class='ocr_par' dir='ltr' id='par_1_7' title="bbox 778 2319 900 2355">
     <span class='ocr_line' id='line_1_44' title="bbox 778 2319 900 2355; baseline 0 0"><span class='ocrx_word' id='word_1_261' title='bbox 778 2327 852 2355; x_wconf 84' lang='lat' dir='ltr'>art.</span> <span class='ocrx_word' id='word_1_262' title='bbox 866 2319 900 2355; x_wconf 88' lang='lat'>8.</span> 
     </span>
    </p>
   </div>
   <div class='ocr_carea' id='block_1_7' title="bbox 329 2418 1338 3828">
    <p class='ocr_par' dir='ltr' id='par_1_8' title="bbox 486 2418 1316 2467">
     <span class='ocr_line' id='line_1_45' title="bbox 486 2418 1316 2467; baseline -0.002 -11"><span class='ocrx_word' id='word_1_263' title='bbox 486 2421 495 2456; x_wconf 97' lang='lat' dir='ltr'>l</span> <span class='ocrx_word' id='word_1_264' title='bbox 513 2418 616 2455; x_wconf 89' lang='lat' dir='ltr'>detur</span> <span class='ocrx_word' id='word_1_265' title='bbox 635 2446 644 2461; x_wconf 91' lang='lat'>‚</span> <span class='ocrx_word' id='word_1_266' title='bbox 661 2423 740 2457; x_wconf 92' lang='lat' dir='ltr'>Deo</span> <span class='ocrx_word' id='word_1_267' title='bbox 756 2419 974 2467; x_wconf 85' lang='lat' dir='ltr'>justificante</span> <span class='ocrx_word' id='word_1_268' title='bbox 991 2420 1138 2463; x_wconf 81' lang='lat' dir='ltr'>impium</span> <span class='ocrx_word' id='word_1_269' title='bbox 1157 2444 1168 2460; x_wconf 90' lang='lat'><strong>,</strong></span> <span class='ocrx_word' id='word_1_270' title='bbox 1182 2418 1316 2464; x_wconf 78' lang='lat' dir='ltr'>expul-</span> 
     </span>
    </p>

    <p class='ocr_par' dir='ltr' id='par_1_9' title="bbox 329 2469 1318 2921">
     <span class='ocr_line' id='line_1_46' title="bbox 497 2469 1313 2519; baseline -0.002 -14"><span class='ocrx_word' id='word_1_271' title='bbox 497 2471 543 2505; x_wconf 82' lang='lat' dir='ltr'>fio</span> <span class='ocrx_word' id='word_1_272' title='bbox 559 2471 671 2517; x_wconf 84' lang='lat' dir='ltr'>culpae</span> <span class='ocrx_word' id='word_1_273' title='bbox 683 2470 807 2507; x_wconf 80' lang='lat' dir='ltr'>ordine</span> <span class='ocrx_word' id='word_1_274' title='bbox 820 2483 956 2507; x_wconf 80' lang='lat' dir='ltr'>natnrae</span> <span class='ocrx_word' id='word_1_275' title='bbox 974 2471 1174 2519; x_wconf 68' lang='lat' dir='ltr'>praecedere</span> <span class='ocrx_word' id='word_1_276' title='bbox 1188 2469 1313 2514; x_wconf 65' lang='lat' dir='ltr'>grati-x</span> 
     </span>
     <span class='ocr_line' id='line_1_47' title="bbox 365 2518 1313 2569; baseline -0.003 -12"><span class='ocrx_word' id='word_1_277' title='bbox 365 2521 578 2557; x_wconf 68' lang='lat' dir='ltr'>infusionem</span> <span class='ocrx_word' id='word_1_278' title='bbox 597 2546 606 2556; x_wconf 90' lang='lat'><strong>.</strong></span> <span class='ocrx_word' id='word_1_279' title='bbox 625 2522 765 2558; x_wconf 81' lang='lat' dir='ltr'>Etenim</span> <span class='ocrx_word' id='word_1_280' title='bbox 786 2519 968 2568; x_wconf 74' lang='lat' dir='ltr'>dispositio</span> <span class='ocrx_word' id='word_1_281' title='bbox 984 2532 1214 2569; x_wconf 67' lang='lat' dir='ltr'>quaecunque</span> <span class='ocrx_word' id='word_1_282' title='bbox 1230 2546 1242 2562; x_wconf 90' lang='lat'><em>‚</em></span> <span class='ocrx_word' id='word_1_283' title='bbox 1259 2518 1313 2555; x_wconf 89' lang='lat' dir='ltr'>se·</span> 
     </span>
     <span class='ocr_line' id='line_1_48' title="bbox 329 2568 1314 2616; baseline -0.002 -10"><span class='ocrx_word' id='word_1_284' title='bbox 329 2609 331 2611; x_wconf 57' lang='grc'>,</span> <span class='ocrx_word' id='word_1_285' title='bbox 367 2573 526 2607; x_wconf 90' lang='lat' dir='ltr'>cundum</span> <span class='ocrx_word' id='word_1_286' title='bbox 546 2582 679 2607; x_wconf 64' lang='lat' dir='ltr'>natura:</span> <span class='ocrx_word' id='word_1_287' title='bbox 697 2572 857 2614; x_wconf 83' lang='lat' dir='ltr'>ordinem</span> <span class='ocrx_word' id='word_1_288' title='bbox 877 2599 887 2613; x_wconf 94' lang='lat'>,</span> <span class='ocrx_word' id='word_1_289' title='bbox 909 2573 1007 2616; x_wconf 87' lang='lat' dir='ltr'>prior</span> <span class='ocrx_word' id='word_1_290' title='bbox 1031 2571 1078 2607; x_wconf 80' lang='lat' dir='ltr'>est</span> <span class='ocrx_word' id='word_1_291' title='bbox 1104 2571 1243 2612; x_wconf 82' lang='lat' dir='ltr'>forma,</span> <span class='ocrx_word' id='word_1_292' title='bbox 1269 2568 1314 2604; x_wconf 85' lang='lat' dir='ltr'>ad</span> 
     </span>
     <span class='ocr_line' id='line_1_49' title="bbox 368 2620 1315 2670; baseline -0.001 -14"><span class='ocrx_word' id='word_1_293' title='bbox 368 2633 477 2668; x_wconf 78' lang='lat' dir='ltr'>quam</span> <span class='ocrx_word' id='word_1_294' title='bbox 495 2620 648 2668; x_wconf 85' lang='lat' dir='ltr'>disponit</span> <span class='ocrx_word' id='word_1_295' title='bbox 667 2635 676 2657; x_wconf 91' lang='lat'>:</span> <span class='ocrx_word' id='word_1_296' title='bbox 695 2623 813 2669; x_wconf 82' lang='lat' dir='ltr'>A·qui</span> <span class='ocrx_word' id='word_1_297' title='bbox 830 2624 943 2670; x_wconf 80' lang='lat' dir='ltr'>culpae</span> <span class='ocrx_word' id='word_1_298' title='bbox 970 2622 1130 2668; x_wconf 76' lang='lat' dir='ltr'>depulsio</span> <span class='ocrx_word' id='word_1_299' title='bbox 1148 2647 1160 2663; x_wconf 86' lang='lat'>,</span> <span class='ocrx_word' id='word_1_300' title='bbox 1187 2621 1315 2666; x_wconf 81' lang='lat' dir='ltr'>gratiae</span> 
     </span>
     <span class='ocr_line' id='line_1_50' title="bbox 368 2670 1314 2723; baseline -0.003 -17"><span class='ocrx_word' id='word_1_301' title='bbox 368 2671 619 2708; x_wconf 59' lang='lat' dir='ltr'>sanetificamis</span> <span class='ocrx_word' id='word_1_302' title='bbox 636 2671 816 2719; x_wconf 74' lang='lat' dir='ltr'>dispositio</span> <span class='ocrx_word' id='word_1_303' title='bbox 831 2672 879 2708; x_wconf 84' lang='lat' dir='ltr'>est</span> <span class='ocrx_word' id='word_1_304' title='bbox 896 2698 905 2707; x_wconf 91' lang='lat'><strong>.</strong></span> <span class='ocrx_word' id='word_1_305' title='bbox 933 2672 1120 2723; x_wconf 78' lang='lat' dir='ltr'>Siquidem</span> <span class='ocrx_word' id='word_1_306' title='bbox 1150 2670 1314 2717; x_wconf 80' lang='lat' dir='ltr'>quandiu</span> 
     </span>
     <span class='ocr_line' id='line_1_51' title="bbox 367 2721 1318 2770; baseline -0.001 -12"><span class='ocrx_word' id='word_1_307' title='bbox 367 2724 483 2758; x_wconf 85' lang='lat' dir='ltr'>anima</span> <span class='ocrx_word' id='word_1_308' title='bbox 501 2722 548 2758; x_wconf 80' lang='lat' dir='ltr'>est</span> <span class='ocrx_word' id='word_1_309' title='bbox 563 2725 674 2769; x_wconf 82' lang='lat' dir='ltr'>culpae</span> <span class='ocrx_word' id='word_1_310' title='bbox 690 2722 848 2770; x_wconf 68' lang='lat' dir='ltr'>subjeeia</span> <span class='ocrx_word' id='word_1_311' title='bbox 867 2749 878 2765; x_wconf 93' lang='lat'><strong><em>,</em></strong></span> <span class='ocrx_word' id='word_1_312' title='bbox 903 2736 974 2759; x_wconf 86' lang='lat' dir='ltr'>non</span> <span class='ocrx_word' id='word_1_313' title='bbox 992 2725 1094 2770; x_wconf 64' lang='lat' dir='ltr'>&#39;patet</span> <span class='ocrx_word' id='word_1_314' title='bbox 1112 2721 1230 2763; x_wconf 80' lang='lat' dir='ltr'>aditus</span> <span class='ocrx_word' id='word_1_315' title='bbox 1246 2721 1318 2757; x_wconf 84' lang='lat' dir='ltr'>for·</span> 
     </span>
     <span class='ocr_line' id='line_1_52' title="bbox 369 2772 1315 2818; baseline -0.003 -9"><span class='ocrx_word' id='word_1_316' title='bbox 369 2785 433 2809; x_wconf 84' lang='lat' dir='ltr'>rnae</span> <span class='ocrx_word' id='word_1_317' title='bbox 447 2783 585 2818; x_wconf 80' lang='lat' dir='ltr'>gratum</span> <span class='ocrx_word' id='word_1_318' title='bbox 605 2773 746 2809; x_wconf 78' lang='lat' dir='ltr'>facienti</span> <span class='ocrx_word' id='word_1_319' title='bbox 766 2774 800 2809; x_wconf 85' lang='grc'>8(</span> <span class='ocrx_word' id='word_1_320' title='bbox 815 2772 1045 2809; x_wconf 70' lang='grc' dir='ltr'>Γειηᾶὶίἥεεηῐί</span> <span class='ocrx_word' id='word_1_321' title='bbox 1060 2774 1213 2811; x_wconf 88' lang='lat' dir='ltr'>animam</span> <span class='ocrx_word' id='word_1_322' title='bbox 1232 2784 1243 2811; x_wconf 91' lang='lat'>;</span> <span class='ocrx_word' id='word_1_323' title='bbox 1260 2783 1315 2807; x_wconf 88' lang='lat' dir='ltr'>er-</span> 
     </span>
     <span class='ocr_line' id='line_1_53' title="bbox 368 2821 1317 2874; baseline -0.001 -16"><span class='ocrx_word' id='word_1_324' title='bbox 368 2836 415 2871; x_wconf 84' lang='lat' dir='ltr'>go</span> <span class='ocrx_word' id='word_1_325' title='bbox 431 2836 488 2870; x_wconf 75' lang='lat' dir='ltr'>per</span> <span class='ocrx_word' id='word_1_326' title='bbox 505 2825 599 2869; x_wconf 85' lang='lat' dir='ltr'>prius</span> <span class='ocrx_word' id='word_1_327' title='bbox 612 2836 757 2871; x_wconf 81' lang='lat' dir='ltr'>oportet</span> <span class='ocrx_word' id='word_1_328' title='bbox 775 2851 788 2868; x_wconf 93' lang='lat'>‚</span> <span class='ocrx_word' id='word_1_329' title='bbox 803 2825 948 2874; x_wconf 88' lang='lat' dir='ltr'>culpam</span> <span class='ocrx_word' id='word_1_330' title='bbox 965 2825 1119 2873; x_wconf 82' lang='lat' dir='ltr'>expelli,</span> <span class='ocrx_word' id='word_1_331' title='bbox 1133 2825 1168 2860; x_wconf 84' lang='grc'>8(</span> <span class='ocrx_word' id='word_1_332' title='bbox 1186 2821 1317 2867; x_wconf 77' lang='lat' dir='ltr'>exinde</span> 
     </span>
     <span class='ocr_line' id='line_1_54' title="bbox 369 2874 681 2921; baseline 0.006 -12"><span class='ocrx_word' id='word_1_333' title='bbox 369 2875 518 2921; x_wconf 78' lang='lat' dir='ltr'>gratiam</span> <span class='ocrx_word' id='word_1_334' title='bbox 539 2874 681 2911; x_wconf 81' lang='lat' dir='ltr'>induci.</span> 
     </span>
    </p>

    <p class='ocr_par' dir='ltr' id='par_1_10' title="bbox 372 2921 1330 3524">
     <span class='ocr_line' id='line_1_55' title="bbox 473 2921 1319 2970; baseline -0.001 -10"><span class='ocrx_word' id='word_1_335' title='bbox 473 2926 645 2960; x_wconf 87' lang='lat' dir='ltr'>Praeterea</span> <span class='ocrx_word' id='word_1_336' title='bbox 660 2951 669 2966; x_wconf 91' lang='lat'>‚</span> <span class='ocrx_word' id='word_1_337' title='bbox 686 2924 886 2960; x_wconf 71' lang='lat' dir='ltr'>Verisimile</span> <span class='ocrx_word' id='word_1_338' title='bbox 901 2935 971 2959; x_wconf 92' lang='lat' dir='ltr'>non</span> <span class='ocrx_word' id='word_1_339' title='bbox 989 2924 1037 2960; x_wconf 85' lang='lat' dir='ltr'>est</span> <span class='ocrx_word' id='word_1_340' title='bbox 1054 2952 1064 2966; x_wconf 95' lang='lat'><em>‚</em></span> <span class='ocrx_word' id='word_1_341' title='bbox 1079 2927 1197 2960; x_wconf 90' lang='lat' dir='ltr'>Deum</span> <span class='ocrx_word' id='word_1_342' title='bbox 1209 2921 1319 2970; x_wconf 80' lang='lat' dir='ltr'>justi-.-</span> 
     </span>
     <span class='ocr_line' id='line_1_56' title="bbox 373 2973 1318 3021; baseline -0.002 -11"><span class='ocrx_word' id='word_1_343' title='bbox 373 2973 478 3011; x_wconf 88' lang='lat' dir='ltr'>ficare</span> <span class='ocrx_word' id='word_1_344' title='bbox 496 2986 717 3021; x_wconf 89' lang='lat' dir='ltr'>peccatorem</span> <span class='ocrx_word' id='word_1_345' title='bbox 748 2975 910 3011; x_wconf 89' lang='lat' dir='ltr'>adultum</span> <span class='ocrx_word' id='word_1_346' title='bbox 930 3001 940 3015; x_wconf 80' lang='lat'>‚</span> <span class='ocrx_word' id='word_1_347' title='bbox 967 2974 1091 3020; x_wconf 89' lang='lat' dir='ltr'>suique</span> <span class='ocrx_word' id='word_1_348' title='bbox 1112 2985 1318 3021; x_wconf 87' lang='lat' dir='ltr'>compotem</span> 
     </span>
     <span class='ocr_line' id='line_1_57' title="bbox 372 3023 1322 3072; baseline 0 -13"><span class='ocrx_word' id='word_1_349' title='bbox 372 3024 506 3071; x_wconf 85' lang='lat' dir='ltr'>absque</span> <span class='ocrx_word' id='word_1_350' title='bbox 520 3026 589 3061; x_wconf 87' lang='lat' dir='ltr'>ulla</span> <span class='ocrx_word' id='word_1_351' title='bbox 606 3024 834 3072; x_wconf 65' lang='lat' dir='ltr'>dispositione</span> <span class='ocrx_word' id='word_1_352' title='bbox 866 3024 1087 3070; x_wconf 85' lang='lat' dir='ltr'>praecedente</span> <span class='ocrx_word' id='word_1_353' title='bbox 1101 3047 1108 3056; x_wconf 88' lang='lat'><strong>·</strong></span> <span class='ocrx_word' id='word_1_354' title='bbox 1140 3024 1208 3060; x_wconf 88' lang='lat' dir='ltr'>Sed</span> <span class='ocrx_word' id='word_1_355' title='bbox 1223 3025 1245 3060; x_wconf 87' lang='lat' dir='ltr'>si</span> <span class='ocrx_word' id='word_1_356' title='bbox 1261 3023 1322 3060; x_wconf 85' lang='lat' dir='ltr'>ali.</span> 
     </span>
     <span class='ocr_line' id='line_1_58' title="bbox 372 3073 1321 3122; baseline -0.003 -13"><span class='ocrx_word' id='word_1_357' title='bbox 372 3087 443 3120; x_wconf 85' lang='lat' dir='ltr'>qua</span> <span class='ocrx_word' id='word_1_358' title='bbox 467 3074 650 3121; x_wconf 78' lang='lat' dir='ltr'>dispositio</span> <span class='ocrx_word' id='word_1_359' title='bbox 679 3075 796 3119; x_wconf 82' lang='lat' dir='ltr'>adest,</span> <span class='ocrx_word' id='word_1_360' title='bbox 819 3074 1108 3122; x_wconf 68' lang='lat' dir='ltr'>justificationem</span> <span class='ocrx_word' id='word_1_361' title='bbox 1137 3073 1321 3121; x_wconf 70' lang='lat' dir='ltr'>praecedit,</span> 
     </span>
     <span class='ocr_line' id='line_1_59' title="bbox 373 3123 1321 3171; baseline -0.002 -11"><span class='ocrx_word' id='word_1_362' title='bbox 373 3124 460 3161; x_wconf 80' lang='lat' dir='ltr'>idest</span> <span class='ocrx_word' id='word_1_363' title='bbox 475 3127 594 3170; x_wconf 74' lang='lat' dir='ltr'>gratia:</span> <span class='ocrx_word' id='word_1_364' title='bbox 613 3127 665 3161; x_wconf 85' lang='lat' dir='ltr'>vel</span> <span class='ocrx_word' id='word_1_365' title='bbox 680 3124 1065 3171; x_wconf 83' lang='lat' dir='ltr'>justitiaeinfusionem,</span> <span class='ocrx_word' id='word_1_366' title='bbox 1081 3125 1151 3166; x_wconf 74' lang='lat' dir='ltr'>alia</span> <span class='ocrx_word' id='word_1_367' title='bbox 1168 3123 1235 3160; x_wconf 83' lang='lat' dir='ltr'>ell&#39;e</span> <span class='ocrx_word' id='word_1_368' title='bbox 1251 3135 1321 3158; x_wconf 92' lang='lat' dir='ltr'>non</span> 
     </span>
     <span class='ocr_line' id='line_1_60' title="bbox 375 3173 1322 3223; baseline -0.002 -13"><span class='ocrx_word' id='word_1_369' title='bbox 375 3174 488 3223; x_wconf 85' lang='lat' dir='ltr'>potest</span> <span class='ocrx_word' id='word_1_370' title='bbox 507 3175 681 3222; x_wconf 90' lang='lat' dir='ltr'>ejusmodi</span> <span class='ocrx_word' id='word_1_371' title='bbox 698 3179 831 3223; x_wconf 76' lang='lat' dir='ltr'>praevia</span> <span class='ocrx_word' id='word_1_372' title='bbox 854 3174 1033 3221; x_wconf 88' lang='lat' dir='ltr'>dispositio</span> <span class='ocrx_word' id='word_1_373' title='bbox 1049 3202 1059 3217; x_wconf 91' lang='lat'>‚</span> <span class='ocrx_word' id='word_1_374' title='bbox 1083 3187 1194 3222; x_wconf 86' lang='lat' dir='ltr'>quam</span> <span class='ocrx_word' id='word_1_375' title='bbox 1219 3173 1322 3208; x_wconf 57' lang='lat' dir='ltr'>aelus</span> 
     </span>
     <span class='ocr_line' id='line_1_61' title="bbox 375 3223 1321 3272; baseline -0.004 -10"><span class='ocrx_word' id='word_1_376' title='bbox 375 3227 411 3262; x_wconf 90' lang='lat' dir='ltr'>in</span> <span class='ocrx_word' id='word_1_377' title='bbox 424 3237 552 3271; x_wconf 83' lang='lat' dir='ltr'>genere</span> <span class='ocrx_word' id='word_1_378' title='bbox 576 3238 708 3262; x_wconf 80' lang='lat' dir='ltr'>naturae</span> <span class='ocrx_word' id='word_1_379' title='bbox 724 3254 733 3269; x_wconf 91' lang='lat'>‚</span> <span class='ocrx_word' id='word_1_380' title='bbox 749 3227 783 3262; x_wconf 89' lang='lat'>&amp;</span> <span class='ocrx_word' id='word_1_381' title='bbox 802 3225 912 3270; x_wconf 76' lang='lat' dir='ltr'>moris</span> <span class='ocrx_word' id='word_1_382' title='bbox 924 3226 1078 3272; x_wconf 74' lang='lat' dir='ltr'>perfeEle</span> <span class='ocrx_word' id='word_1_383' title='bbox 1091 3223 1321 3268; x_wconf 63' lang='lat' dir='ltr'>circumstan-</span> 
     </span>
     <span class='ocr_line' id='line_1_62' title="bbox 375 3274 1323 3327; baseline 0 -17"><span class='ocrx_word' id='word_1_384' title='bbox 375 3278 533 3311; x_wconf 84' lang='lat' dir='ltr'>tionatus</span> <span class='ocrx_word' id='word_1_385' title='bbox 548 3302 558 3318; x_wconf 91' lang='lat'><strong><em>,</em></strong></span> <span class='ocrx_word' id='word_1_386' title='bbox 583 3288 657 3327; x_wconf 86' lang='lat' dir='ltr'>quo</span> <span class='ocrx_word' id='word_1_387' title='bbox 670 3288 834 3322; x_wconf 65' lang='lat' dir='ltr'>peccator</span> <span class='ocrx_word' id='word_1_388' title='bbox 852 3287 1020 3312; x_wconf 86' lang='lat' dir='ltr'>atteritur</span> <span class='ocrx_word' id='word_1_389' title='bbox 1038 3276 1071 3311; x_wconf 74' lang='lat'>3&lt;</span> <span class='ocrx_word' id='word_1_390' title='bbox 1097 3275 1192 3314; x_wconf 85' lang='lat' dir='ltr'>dolet</span> <span class='ocrx_word' id='word_1_391' title='bbox 1209 3301 1219 3315; x_wconf 82' lang='grc'><em>,</em></span> <span class='ocrx_word' id='word_1_392' title='bbox 1238 3274 1272 3310; x_wconf 88' lang='lat' dir='ltr'>se</span> <span class='ocrx_word' id='word_1_393' title='bbox 1289 3275 1323 3310; x_wconf 86' lang='lat' dir='ltr'>in</span> 
     </span>
     <span class='ocr_line' id='line_1_63' title="bbox 375 3323 1323 3373; baseline -0.002 -11"><span class='ocrx_word' id='word_1_394' title='bbox 375 3329 494 3362; x_wconf 89' lang='lat' dir='ltr'>Deum</span> <span class='ocrx_word' id='word_1_395' title='bbox 513 3325 727 3373; x_wconf 77' lang='lat' dir='ltr'>peccavisse3</span> <span class='ocrx_word' id='word_1_396' title='bbox 740 3340 782 3362; x_wconf 91' lang='lat' dir='ltr'>eo</span> <span class='ocrx_word' id='word_1_397' title='bbox 797 3339 931 3368; x_wconf 83' lang='lat' dir='ltr'>autem,</span> <span class='ocrx_word' id='word_1_398' title='bbox 944 3338 982 3362; x_wconf 90' lang='lat' dir='ltr'>ut</span> <span class='ocrx_word' id='word_1_399' title='bbox 998 3326 1162 3373; x_wconf 58' lang='lat' dir='ltr'>proxima</span> <span class='ocrx_word' id='word_1_400' title='bbox 1177 3323 1323 3372; x_wconf 79' lang='lat' dir='ltr'>disposi-</span> 
     </span>
     <span class='ocr_line' id='line_1_64' title="bbox 376 3376 1329 3424; baseline -0.003 -11"><span class='ocrx_word' id='word_1_401' title='bbox 376 3378 522 3413; x_wconf 80' lang='lat' dir='ltr'>tione&amp;</span> <span class='ocrx_word' id='word_1_402' title='bbox 548 3376 740 3412; x_wconf 80' lang='lat' dir='ltr'>admodum</span> <span class='ocrx_word' id='word_1_403' title='bbox 767 3389 950 3422; x_wconf 83' lang='lat' dir='ltr'>congrua‚</span> <span class='ocrx_word' id='word_1_404' title='bbox 977 3387 1162 3424; x_wconf 82' lang='lat' dir='ltr'>peccatum</span> <span class='ocrx_word' id='word_1_405' title='bbox 1191 3377 1235 3412; x_wconf 86' lang='lat' dir='ltr'>ab</span> <span class='ocrx_word' id='word_1_406' title='bbox 1252 3378 1329 3410; x_wconf 87' lang='lat' dir='ltr'>ani·</span> 
     </span>
     <span class='ocr_line' id='line_1_65' title="bbox 376 3425 1330 3474; baseline 0 -11"><span class='ocrx_word' id='word_1_407' title='bbox 376 3440 431 3463; x_wconf 86' lang='lat' dir='ltr'>ma</span> <span class='ocrx_word' id='word_1_408' title='bbox 448 3427 619 3467; x_wconf 83' lang='lat' dir='ltr'>deletur‚·</span> <span class='ocrx_word' id='word_1_409' title='bbox 644 3439 729 3474; x_wconf 87' lang='lat' dir='ltr'>ergo</span> <span class='ocrx_word' id='word_1_410' title='bbox 760 3426 955 3468; x_wconf 78' lang='lat' dir='ltr'>necessario</span> <span class='ocrx_word' id='word_1_411' title='bbox 978 3428 1096 3474; x_wconf 71' lang='lat' dir='ltr'>gratiae</span> <span class='ocrx_word' id='word_1_412' title='bbox 1123 3426 1253 3463; x_wconf 82' lang='lat' dir='ltr'>infusio</span> <span class='ocrx_word' id='word_1_413' title='bbox 1279 3425 1330 3466; x_wconf 84' lang='lat' dir='ltr'>se.</span> 
     </span>
     <span class='ocr_line' id='line_1_66' title="bbox 378 3477 886 3524; baseline 0.002 -12"><span class='ocrx_word' id='word_1_414' title='bbox 378 3477 505 3524; x_wconf 83' lang='lat' dir='ltr'>quitur</span> <span class='ocrx_word' id='word_1_415' title='bbox 519 3478 633 3524; x_wconf 83' lang='lat' dir='ltr'>culpae</span> <span class='ocrx_word' id='word_1_416' title='bbox 649 3477 860 3514; x_wconf 75' lang='lat' dir='ltr'>deletionem</span> <span class='ocrx_word' id='word_1_417' title='bbox 876 3503 886 3513; x_wconf 88' lang='lat'><em>.</em></span> 
     </span>
    </p>

    <p class='ocr_par' dir='ltr' id='par_1_11' title="bbox 381 3525 1338 3777">
     <span class='ocr_line' id='line_1_67' title="bbox 485 3525 1329 3576; baseline -0.001 -13"><span class='ocrx_word' id='word_1_418' title='bbox 485 3528 656 3564; x_wconf 71' lang='lat' dir='ltr'>Piaeterea</span> <span class='ocrx_word' id='word_1_419' title='bbox 677 3555 689 3571; x_wconf 92' lang='lat'>‚</span> <span class='ocrx_word' id='word_1_420' title='bbox 725 3528 782 3563; x_wconf 83' lang='lat' dir='ltr'>Ad</span> <span class='ocrx_word' id='word_1_421' title='bbox 817 3537 910 3576; x_wconf 86' lang='lat' dir='ltr'>opus</span> <span class='ocrx_word' id='word_1_422' title='bbox 938 3525 1207 3573; x_wconf 77' lang='lat' dir='ltr'>justificationis</span> <span class='ocrx_word' id='word_1_423' title='bbox 1229 3527 1329 3575; x_wconf 85' lang='lat' dir='ltr'>impii</span> 
     </span>
     <span class='ocr_line' id='line_1_68' title="bbox 381 3577 1332 3621; baseline -0.002 -7"><span class='ocrx_word' id='word_1_424' title='bbox 381 3577 653 3615; x_wconf 84' lang='lat' dir='ltr'>concurrunt&amp;</span> <span class='ocrx_word' id='word_1_425' title='bbox 682 3579 838 3621; x_wconf 84' lang='lat' dir='ltr'>influunt</span> <span class='ocrx_word' id='word_1_426' title='bbox 866 3577 977 3613; x_wconf 79' lang='lat' dir='ltr'>causoe</span> <span class='ocrx_word' id='word_1_427' title='bbox 994 3578 1133 3621; x_wconf 80' lang='lat' dir='ltr'>finalis,</span> <span class='ocrx_word' id='word_1_428' title='bbox 1159 3577 1332 3617; x_wconf 86' lang='lat' dir='ltr'>efficiens,</span> 
     </span>
     <span class='ocr_line' id='line_1_69' title="bbox 381 3628 1333 3676; baseline -0.001 -11"><span class='ocrx_word' id='word_1_429' title='bbox 381 3629 543 3666; x_wconf 81' lang='lat' dir='ltr'>formalis</span> <span class='ocrx_word' id='word_1_430' title='bbox 564 3655 573 3671; x_wconf 94' lang='lat'><strong>,</strong></span> <span class='ocrx_word' id='word_1_431' title='bbox 606 3630 639 3664; x_wconf 65' lang='grc' dir='ltr'>ἃ</span> <span class='ocrx_word' id='word_1_432' title='bbox 665 3630 857 3665; x_wconf 79' lang='lat' dir='ltr'>materialis</span> <span class='ocrx_word' id='word_1_433' title='bbox 875 3654 884 3663; x_wconf 88' lang='lat'>.</span> <span class='ocrx_word' id='word_1_434' title='bbox 919 3630 959 3664; x_wconf 82' lang='lat' dir='ltr'>Et</span> <span class='ocrx_word' id='word_1_435' title='bbox 982 3630 1089 3676; x_wconf 85' lang='lat' dir='ltr'>prima</span> <span class='ocrx_word' id='word_1_436' title='bbox 1107 3629 1253 3674; x_wconf 73' lang='lat' dir='ltr'>quidem</span> <span class='ocrx_word' id='word_1_437' title='bbox 1283 3628 1333 3664; x_wconf 87' lang='lat' dir='ltr'>est</span> 
     </span>
     <span class='ocr_line' id='line_1_70' title="bbox 383 3677 1335 3726; baseline 0.001 -12"><span class='ocrx_word' id='word_1_438' title='bbox 383 3679 602 3725; x_wconf 63' lang='lat' dir='ltr'>glorificitio</span> <span class='ocrx_word' id='word_1_439' title='bbox 621 3678 687 3714; x_wconf 88' lang='lat' dir='ltr'>Dei</span> <span class='ocrx_word' id='word_1_440' title='bbox 717 3682 901 3726; x_wconf 83' lang='lat' dir='ltr'>operantis</span> <span class='ocrx_word' id='word_1_441' title='bbox 926 3677 1016 3715; x_wconf 77' lang='lat' dir='ltr'>adeo</span> <span class='ocrx_word' id='word_1_442' title='bbox 1042 3680 1203 3715; x_wconf 81' lang='lat' dir='ltr'>mirabile</span> <span class='ocrx_word' id='word_1_443' title='bbox 1227 3690 1335 3726; x_wconf 86' lang='lat' dir='ltr'>opus,</span> 
     </span>
     <span class='ocr_line' id='line_1_71' title="bbox 386 3729 1338 3777; baseline -0.001 -13"><span class='ocrx_word' id='word_1_444' title='bbox 386 3730 557 3777; x_wconf 83' lang='lat' dir='ltr'>idemque</span> <span class='ocrx_word' id='word_1_445' title='bbox 577 3731 608 3766; x_wconf 72' lang='lat'>8&lt;</span> <span class='ocrx_word' id='word_1_446' title='bbox 627 3729 781 3766; x_wconf 81' lang='lat' dir='ltr'>efficiens</span> <span class='ocrx_word' id='word_1_447' title='bbox 812 3731 962 3774; x_wconf 81' lang='lat' dir='ltr'>largiens</span> <span class='ocrx_word' id='word_1_448' title='bbox 979 3731 1126 3776; x_wconf 82' lang='lat' dir='ltr'>gratiam</span> <span class='ocrx_word' id='word_1_449' title='bbox 1145 3755 1156 3771; x_wconf 92' lang='lat'><em>‚</em></span> <span class='ocrx_word' id='word_1_450' title='bbox 1177 3741 1249 3776; x_wconf 88' lang='lat' dir='ltr'>qua</span> <span class='ocrx_word' id='word_1_451' title='bbox 1266 3729 1338 3764; x_wconf 84' lang='lat' dir='ltr'>for-</span> 
     </span>
    </p>

    <p class='ocr_par' dir='ltr' id='par_1_12' title="bbox 398 3779 1338 3828">
     <span class='ocr_line' id='line_1_72' title="bbox 398 3779 1338 3828; baseline 0 -12"><span class='ocrx_word' id='word_1_452' title='bbox 398 3793 519 3816; x_wconf 84' lang='lat' dir='ltr'>matur</span> <span class='ocrx_word' id='word_1_453' title='bbox 551 3780 786 3828; x_wconf 76' lang='lat' dir='ltr'>redditurque</span> <span class='ocrx_word' id='word_1_454' title='bbox 803 3779 896 3826; x_wconf 79' lang='lat' dir='ltr'>justa</span> <span class='ocrx_word' id='word_1_455' title='bbox 924 3782 1038 3816; x_wconf 79' lang='lat' dir='ltr'>anima</span> <span class='ocrx_word' id='word_1_456' title='bbox 1053 3806 1064 3823; x_wconf 87' lang='lat'><em>,</em></span> <span class='ocrx_word' id='word_1_457' title='bbox 1078 3791 1158 3827; x_wconf 61' lang='lat' dir='ltr'>quat</span> <span class='ocrx_word' id='word_1_458' title='bbox 1173 3779 1338 3828; x_wconf 77' lang='lat' dir='ltr'>priusin—</span> 
     </span>
    </p>
   </div>
   <div class='ocr_carea' id='block_1_8' title="bbox 962 135 1655 206">
    <p class='ocr_par' dir='ltr' id='par_1_13' title="bbox 962 135 1655 206">
     <span class='ocr_line' id='line_1_73' title="bbox 962 135 1655 206; baseline -0.007 -17"><span class='ocrx_word' id='word_1_459' title='bbox 962 145 1143 190; x_wconf 83' lang='lat' dir='ltr'>Summae</span> <span class='ocrx_word' id='word_1_460' title='bbox 1169 135 1357 206; x_wconf 75' lang='lat' dir='ltr'>Joannis</span> <span class='ocrx_word' id='word_1_461' title='bbox 1382 139 1510 190; x_wconf 77' lang='lat' dir='ltr'>Duris</span> <span class='ocrx_word' id='word_1_462' title='bbox 1540 137 1655 184; x_wconf 86' lang='lat' dir='ltr'>Scoti</span> 
     </span>
    </p>
   </div>
   <div class='ocr_carea' id='block_1_9' title="bbox 1374 203 2350 3513">
    <p class='ocr_par' dir='ltr' id='par_1_14' title="bbox 1374 203 2326 504">
     <span class='ocr_line' id='line_1_74' title="bbox 1377 203 2326 253; baseline 0 -14"><span class='ocrx_word' id='word_1_463' title='bbox 1377 204 1470 252; x_wconf 86' lang='lat' dir='ltr'>justa</span> <span class='ocrx_word' id='word_1_464' title='bbox 1488 217 1562 241; x_wconf 77' lang='lat' dir='ltr'>erat</span> <span class='ocrx_word' id='word_1_465' title='bbox 1582 233 1592 247; x_wconf 91' lang='lat'><em>‚</em></span> <span class='ocrx_word' id='word_1_466' title='bbox 1619 203 1920 253; x_wconf 52' lang='lat' dir='ltr'>Deoqueinvisu</span> <span class='ocrx_word' id='word_1_467' title='bbox 1948 203 2146 241; x_wconf 86' lang='lat' dir='ltr'>Materialis</span> <span class='ocrx_word' id='word_1_468' title='bbox 2173 204 2326 253; x_wconf 80' lang='lat' dir='ltr'>deniqne</span> 
     </span>
     <span class='ocr_line' id='line_1_75' title="bbox 1379 252 2326 301; baseline 0.002 -10"><span class='ocrx_word' id='word_1_469' title='bbox 1379 254 1428 295; x_wconf 85' lang='lat' dir='ltr'>est</span> <span class='ocrx_word' id='word_1_470' title='bbox 1442 257 1559 291; x_wconf 87' lang='lat' dir='ltr'>anima</span> <span class='ocrx_word' id='word_1_471' title='bbox 1574 254 1734 300; x_wconf 74' lang='lat' dir='ltr'>subjeeia</span> <span class='ocrx_word' id='word_1_472' title='bbox 1751 256 1910 301; x_wconf 82' lang='lat' dir='ltr'>peccatis</span> <span class='ocrx_word' id='word_1_473' title='bbox 1924 283 1932 291; x_wconf 90' lang='lat'><strong><em>.</em></strong></span> <span class='ocrx_word' id='word_1_474' title='bbox 1957 252 2024 289; x_wconf 90' lang='lat' dir='ltr'>Sed</span> <span class='ocrx_word' id='word_1_475' title='bbox 2038 257 2228 292; x_wconf 81' lang='lat' dir='ltr'>materialis</span> <span class='ocrx_word' id='word_1_476' title='bbox 2241 269 2326 293; x_wconf 87' lang='lat' dir='ltr'>cau-</span> 
     </span>
     <span class='ocr_line' id='line_1_76' title="bbox 1375 304 2326 353; baseline 0.001 -11"><span class='ocrx_word' id='word_1_477' title='bbox 1375 306 1408 342; x_wconf 82' lang='lat' dir='ltr'>sa</span> <span class='ocrx_word' id='word_1_478' title='bbox 1427 306 1564 343; x_wconf 82' lang='lat' dir='ltr'>caeteris</span> <span class='ocrx_word' id='word_1_479' title='bbox 1587 306 1756 340; x_wconf 86' lang='lat' dir='ltr'>omnibus</span> <span class='ocrx_word' id='word_1_480' title='bbox 1774 304 2053 353; x_wconf 63' lang='lat' dir='ltr'>presupponitur</span> <span class='ocrx_word' id='word_1_481' title='bbox 2067 333 2076 348; x_wconf 89' lang='lat'>,</span> <span class='ocrx_word' id='word_1_482' title='bbox 2094 308 2326 353; x_wconf 75' lang='lat' dir='ltr'>preceditque</span> 
     </span>
     <span class='ocr_line' id='line_1_77' title="bbox 1374 356 2326 403; baseline 0 -10"><span class='ocrx_word' id='word_1_483' title='bbox 1374 358 1529 402; x_wconf 85' lang='lat' dir='ltr'>reliquas</span> <span class='ocrx_word' id='word_1_484' title='bbox 1545 356 1670 390; x_wconf 77' lang='lat' dir='ltr'>ordine</span> <span class='ocrx_word' id='word_1_485' title='bbox 1683 364 1819 391; x_wconf 89' lang='lat' dir='ltr'>naturae</span> <span class='ocrx_word' id='word_1_486' title='bbox 1838 368 1849 395; x_wconf 84' lang='lat'>3</span> <span class='ocrx_word' id='word_1_487' title='bbox 1881 357 1993 401; x_wconf 85' lang='lat' dir='ltr'>igitur</span> <span class='ocrx_word' id='word_1_488' title='bbox 2013 359 2186 402; x_wconf 87' lang='lat' dir='ltr'>quoniam</span> <span class='ocrx_word' id='word_1_489' title='bbox 2211 363 2326 403; x_wconf 78' lang='lat' dir='ltr'>cu’pae</span> 
     </span>
     <span class='ocr_line' id='line_1_78' title="bbox 1375 404 2326 455; baseline 0.003 -15"><span class='ocrx_word' id='word_1_490' title='bbox 1375 406 1538 454; x_wconf 82' lang='lat' dir='ltr'>depulfio</span> <span class='ocrx_word' id='word_1_491' title='bbox 1555 404 1598 439; x_wconf 88' lang='lat' dir='ltr'>ad</span> <span class='ocrx_word' id='word_1_492' title='bbox 1618 406 1708 440; x_wconf 86' lang='lat' dir='ltr'>idem</span> <span class='ocrx_word' id='word_1_493' title='bbox 1725 416 1840 449; x_wconf 86' lang='lat' dir='ltr'>genus</span> <span class='ocrx_word' id='word_1_494' title='bbox 1860 407 2053 444; x_wconf 83' lang='lat' dir='ltr'>materialis</span> <span class='ocrx_word' id='word_1_495' title='bbox 2071 407 2176 454; x_wconf 70' lang='lat' dir='ltr'>cause</span> <span class='ocrx_word' id='word_1_496' title='bbox 2193 407 2326 455; x_wconf 58' lang='lat' dir='ltr'>speRat</span> 
     </span>
     <span class='ocr_line' id='line_1_79' title="bbox 1374 455 2298 504; baseline 0.004 -14"><span class='ocrx_word' id='word_1_497' title='bbox 1374 457 1442 504; x_wconf 69' lang='lat' dir='ltr'>hec</span> <span class='ocrx_word' id='word_1_498' title='bbox 1455 455 1581 493; x_wconf 90' lang='lat' dir='ltr'>ordine</span> <span class='ocrx_word' id='word_1_499' title='bbox 1595 464 1720 498; x_wconf 63' lang='lat' dir='ltr'>nature</span> <span class='ocrx_word' id='word_1_500' title='bbox 1735 455 1894 500; x_wconf 71' lang='lat' dir='ltr'>precedit</span> <span class='ocrx_word' id='word_1_501' title='bbox 1911 457 2022 503; x_wconf 69' lang='lat' dir='ltr'>gratie</span> <span class='ocrx_word' id='word_1_502' title='bbox 2038 460 2268 499; x_wconf 84' lang='lat' dir='ltr'>collationem</span> <span class='ocrx_word' id='word_1_503' title='bbox 2288 483 2298 493; x_wconf 85' lang='lat'><strong>.</strong></span> 
     </span>
    </p>

    <p class='ocr_par' dir='ltr' id='par_1_15' title="bbox 1375 503 2326 999">
     <span class='ocr_line' id='line_1_80' title="bbox 1474 503 2322 551; baseline 0.005 -13"><span class='ocrx_word' id='word_1_504' title='bbox 1474 506 1611 543; x_wconf 82' lang='lat' dir='ltr'>Contra</span> <span class='ocrx_word' id='word_1_505' title='bbox 1627 530 1638 545; x_wconf 89' lang='lat'>,</span> <span class='ocrx_word' id='word_1_506' title='bbox 1655 503 1716 538; x_wconf 88' lang='lat' dir='ltr'>etsi</span> <span class='ocrx_word' id='word_1_507' title='bbox 1731 506 1846 547; x_wconf 80' lang='lat' dir='ltr'>gratia</span> <span class='ocrx_word' id='word_1_508' title='bbox 1859 530 1872 545; x_wconf 91' lang='lat'>,</span> <span class='ocrx_word' id='word_1_509' title='bbox 1885 505 1918 539; x_wconf 85' lang='grc'>8(</span> <span class='ocrx_word' id='word_1_510' title='bbox 1934 517 2119 551; x_wconf 81' lang='lat' dir='ltr'>peccatum</span> <span class='ocrx_word' id='word_1_511' title='bbox 2136 521 2178 543; x_wconf 83' lang='lat' dir='ltr'>ex</span> <span class='ocrx_word' id='word_1_512' title='bbox 2192 518 2322 543; x_wconf 84' lang='lat' dir='ltr'>natura</span> 
     </span>
     <span class='ocr_line' id='line_1_81' title="bbox 1375 553 2324 599; baseline 0 -10"><span class='ocrx_word' id='word_1_513' title='bbox 1375 556 1425 592; x_wconf 87' lang='lat' dir='ltr'>rei</span> <span class='ocrx_word' id='word_1_514' title='bbox 1439 566 1508 590; x_wconf 92' lang='lat' dir='ltr'>non</span> <span class='ocrx_word' id='word_1_515' title='bbox 1528 555 1590 589; x_wconf 80' lang='lat' dir='ltr'>sint</span> <span class='ocrx_word' id='word_1_516' title='bbox 1606 553 1812 591; x_wconf 86' lang='lat' dir='ltr'>immediate</span> <span class='ocrx_word' id='word_1_517' title='bbox 1823 554 1984 599; x_wconf 87' lang='lat' dir='ltr'>opposita</span> <span class='ocrx_word' id='word_1_518' title='bbox 1998 583 2010 598; x_wconf 89' lang='lat'>,</span> <span class='ocrx_word' id='word_1_519' title='bbox 2037 557 2092 594; x_wconf 75' lang='lat' dir='ltr'>sed</span> <span class='ocrx_word' id='word_1_520' title='bbox 2122 570 2261 593; x_wconf 79' lang='lat' dir='ltr'>tamum</span> <span class='ocrx_word' id='word_1_521' title='bbox 2280 559 2324 593; x_wconf 84' lang='lat' dir='ltr'>de</span> 
     </span>
     <span class='ocr_line' id='line_1_82' title="bbox 1375 603 2325 654; baseline 0.006 -16"><span class='ocrx_word' id='word_1_522' title='bbox 1375 605 1576 652; x_wconf 68' lang='lat' dir='ltr'>prescripto</span> <span class='ocrx_word' id='word_1_523' title='bbox 1592 605 1712 648; x_wconf 83' lang='lat' dir='ltr'>legum</span> <span class='ocrx_word' id='word_1_524' title='bbox 1729 603 1852 650; x_wconf 69' lang='lat' dir='ltr'>divine</span> <span class='ocrx_word' id='word_1_525' title='bbox 1872 603 2039 654; x_wconf 68' lang='lat' dir='ltr'>sapientie</span> <span class='ocrx_word' id='word_1_526' title='bbox 2055 622 2067 650; x_wconf 81' lang='lat'>3</span> <span class='ocrx_word' id='word_1_527' title='bbox 2085 612 2132 644; x_wconf 90' lang='lat' dir='ltr'>ita</span> <span class='ocrx_word' id='word_1_528' title='bbox 2149 621 2268 644; x_wconf 85' lang='lat' dir='ltr'>tamen</span> <span class='ocrx_word' id='word_1_529' title='bbox 2281 608 2325 643; x_wconf 86' lang='lat' dir='ltr'>de</span> 
     </span>
     <span class='ocr_line' id='line_1_83' title="bbox 1375 653 2323 700; baseline 0.003 -10"><span class='ocrx_word' id='word_1_530' title='bbox 1375 654 1472 690; x_wconf 63' lang='lat' dir='ltr'>faffto</span> <span class='ocrx_word' id='word_1_531' title='bbox 1490 653 1521 689; x_wconf 88' lang='lat' dir='ltr'>se</span> <span class='ocrx_word' id='word_1_532' title='bbox 1534 653 1667 690; x_wconf 86' lang='lat' dir='ltr'>habent</span> <span class='ocrx_word' id='word_1_533' title='bbox 1682 680 1695 697; x_wconf 93' lang='lat'><em>‚</em></span> <span class='ocrx_word' id='word_1_534' title='bbox 1723 664 1760 689; x_wconf 86' lang='lat' dir='ltr'>ut</span> <span class='ocrx_word' id='word_1_535' title='bbox 1775 666 1959 700; x_wconf 83' lang='lat' dir='ltr'>nunquam</span> <span class='ocrx_word' id='word_1_536' title='bbox 1984 668 2054 693; x_wconf 86' lang='lat' dir='ltr'>una</span> <span class='ocrx_word' id='word_1_537' title='bbox 2080 660 2323 700; x_wconf 86' lang='lat' dir='ltr'>inveniantur,</span> 
     </span>
     <span class='ocr_line' id='line_1_84' title="bbox 1376 704 2324 757; baseline 0.001 -16"><span class='ocrx_word' id='word_1_538' title='bbox 1376 705 1436 741; x_wconf 78' lang='lat' dir='ltr'>sed</span> <span class='ocrx_word' id='word_1_539' title='bbox 1453 705 1496 757; x_wconf 76' lang='lat' dir='ltr'>ad</span> <span class='ocrx_word' id='word_1_540' title='bbox 1507 704 1701 741; x_wconf 90' lang='lat' dir='ltr'>adventum</span> <span class='ocrx_word' id='word_1_541' title='bbox 1714 706 1821 740; x_wconf 87' lang='lat' dir='ltr'>unius</span> <span class='ocrx_word' id='word_1_542' title='bbox 1837 704 1990 752; x_wconf 90' lang='lat' dir='ltr'>pellatur</span> <span class='ocrx_word' id='word_1_543' title='bbox 2017 707 2129 748; x_wconf 81' lang='lat' dir='ltr'>altera</span> <span class='ocrx_word' id='word_1_544' title='bbox 2148 736 2158 750; x_wconf 95' lang='lat'>,</span> <span class='ocrx_word' id='word_1_545' title='bbox 2176 709 2324 756; x_wconf 81' lang='lat' dir='ltr'>perinde</span> 
     </span>
     <span class='ocr_line' id='line_1_85' title="bbox 1377 756 2321 796; baseline 0.001 -4"><span class='ocrx_word' id='word_1_546' title='bbox 1377 767 1418 791; x_wconf 85' lang='lat' dir='ltr'>ac</span> <span class='ocrx_word' id='word_1_547' title='bbox 1435 756 1457 792; x_wconf 91' lang='lat' dir='ltr'>si</span> <span class='ocrx_word' id='word_1_548' title='bbox 1470 767 1593 791; x_wconf 89' lang='lat' dir='ltr'>eorum</span> <span class='ocrx_word' id='word_1_549' title='bbox 1611 767 1856 791; x_wconf 87' lang='lat' dir='ltr'>extremorum</span> <span class='ocrx_word' id='word_1_550' title='bbox 1891 767 2017 791; x_wconf 83' lang='lat' dir='ltr'>natura</span> <span class='ocrx_word' id='word_1_551' title='bbox 2033 757 2079 792; x_wconf 78' lang='lat' dir='ltr'>fic</span> <span class='ocrx_word' id='word_1_552' title='bbox 2106 758 2321 796; x_wconf 80' lang='lat' dir='ltr'>postularet.</span> 
     </span>
     <span class='ocr_line' id='line_1_86' title="bbox 1378 805 2322 855; baseline 0.003 -13"><span class='ocrx_word' id='word_1_553' title='bbox 1378 807 1497 844; x_wconf 90' lang='lat' dir='ltr'>Sedin</span> <span class='ocrx_word' id='word_1_554' title='bbox 1511 805 1668 853; x_wconf 70' lang='lat' dir='ltr'>physicis</span> <span class='ocrx_word' id='word_1_555' title='bbox 1685 832 1697 847; x_wconf 93' lang='lat'><strong><em>,</em></strong></span> <span class='ocrx_word' id='word_1_556' title='bbox 1725 807 1786 841; x_wconf 88' lang='lat' dir='ltr'>ubi</span> <span class='ocrx_word' id='word_1_557' title='bbox 1814 806 1996 854; x_wconf 82' lang='lat' dir='ltr'>privatio,</span> <span class='ocrx_word' id='word_1_558' title='bbox 2028 808 2063 843; x_wconf 88' lang='grc'>8(</span> <span class='ocrx_word' id='word_1_559' title='bbox 2093 808 2202 844; x_wconf 87' lang='lat' dir='ltr'>forma</span> <span class='ocrx_word' id='word_1_560' title='bbox 2227 808 2322 855; x_wconf 84' lang='lat' dir='ltr'>ejus,</span> 
     </span>
     <span class='ocr_line' id='line_1_87' title="bbox 1378 856 2326 904; baseline 0.002 -11"><span class='ocrx_word' id='word_1_561' title='bbox 1378 856 1583 899; x_wconf 77' lang='lat' dir='ltr'>immediate</span> <span class='ocrx_word' id='word_1_562' title='bbox 1595 867 1828 904; x_wconf 89' lang='lat' dir='ltr'>opponuntur</span> <span class='ocrx_word' id='word_1_563' title='bbox 1845 882 1854 897; x_wconf 90' lang='lat'><em>‚</em></span> <span class='ocrx_word' id='word_1_564' title='bbox 1887 856 2057 903; x_wconf 81' lang='lat' dir='ltr'>perprius</span> <span class='ocrx_word' id='word_1_565' title='bbox 2070 858 2118 895; x_wconf 86' lang='lat' dir='ltr'>est</span> <span class='ocrx_word' id='word_1_566' title='bbox 2150 859 2262 897; x_wconf 86' lang='lat' dir='ltr'>forme</span> <span class='ocrx_word' id='word_1_567' title='bbox 2275 862 2326 895; x_wconf 79' lang='lat' dir='ltr'>in-</span> 
     </span>
     <span class='ocr_line' id='line_1_88' title="bbox 1378 901 2326 961; baseline 0.005 -19"><span class='ocrx_word' id='word_1_568' title='bbox 1378 907 1529 949; x_wconf 73' lang='lat' dir='ltr'>duffio,</span> <span class='ocrx_word' id='word_1_569' title='bbox 1550 908 1584 943; x_wconf 70' lang='lat'>8&lt;</span> <span class='ocrx_word' id='word_1_570' title='bbox 1615 907 1744 949; x_wconf 81' lang='lat' dir='ltr'>exinde</span> <span class='ocrx_word' id='word_1_571' title='bbox 1772 907 1988 952; x_wconf 80' lang='lat' dir='ltr'>privationis</span> <span class='ocrx_word' id='word_1_572' title='bbox 2014 910 2175 961; x_wconf 83' lang='lat' dir='ltr'>expulsio</span> <span class='ocrx_word' id='word_1_573' title='bbox 2204 922 2217 950; x_wconf 92' lang='lat'>;</span> <span class='ocrx_word' id='word_1_574' title='bbox 2240 901 2326 957; x_wconf 73' lang='lat' dir='ltr'>ergo</span> 
     </span>
     <span class='ocr_line' id='line_1_89' title="bbox 1379 956 1651 999; baseline -0.004 -6"><span class='ocrx_word' id='word_1_575' title='bbox 1379 959 1532 999; x_wconf 80' lang='lat' dir='ltr'>etiamin</span> <span class='ocrx_word' id='word_1_576' title='bbox 1545 956 1627 993; x_wconf 91' lang='lat' dir='ltr'>casu</span> <span class='ocrx_word' id='word_1_577' title='bbox 1642 984 1651 992; x_wconf 93' lang='lat'><strong>.</strong></span> 
     </span>
    </p>

    <p class='ocr_par' dir='ltr' id='par_1_16' title="bbox 1380 1006 2337 2769">
     <span class='ocr_line' id='line_1_90' title="bbox 1483 1006 2328 1057; baseline 0 -12"><span class='ocrx_word' id='word_1_578' title='bbox 1483 1007 1704 1055; x_wconf 70' lang='lat' dir='ltr'>Respondeo</span> <span class='ocrx_word' id='word_1_579' title='bbox 1722 1006 1944 1051; x_wconf 86' lang='lat' dir='ltr'>dicendum,</span> <span class='ocrx_word' id='word_1_580' title='bbox 1967 1011 2082 1057; x_wconf 69' lang='lat' dir='ltr'>gratie</span> <span class='ocrx_word' id='word_1_581' title='bbox 2111 1009 2328 1046; x_wconf 82' lang='lat' dir='ltr'>infusionem</span> 
     </span>
     <span class='ocr_line' id='line_1_91' title="bbox 1380 1058 2328 1105; baseline -0.003 -9"><span class='ocrx_word' id='word_1_582' title='bbox 1380 1059 1448 1103; x_wconf 81' lang='lat' dir='ltr'>else</span> <span class='ocrx_word' id='word_1_583' title='bbox 1460 1070 1587 1096; x_wconf 86' lang='lat' dir='ltr'>natura</span> <span class='ocrx_word' id='word_1_584' title='bbox 1601 1059 1754 1105; x_wconf 85' lang='lat' dir='ltr'>priorem</span> <span class='ocrx_word' id='word_1_585' title='bbox 1768 1058 1894 1094; x_wconf 89' lang='lat' dir='ltr'>ordine</span> <span class='ocrx_word' id='word_1_586' title='bbox 1911 1060 2118 1095; x_wconf 87' lang='lat' dir='ltr'>intentionis</span> <span class='ocrx_word' id='word_1_587' title='bbox 2135 1084 2147 1102; x_wconf 87' lang='lat'>‚</span> <span class='ocrx_word' id='word_1_588' title='bbox 2176 1059 2234 1095; x_wconf 90' lang='lat' dir='ltr'>sed</span> <span class='ocrx_word' id='word_1_589' title='bbox 2252 1059 2328 1094; x_wconf 91' lang='lat' dir='ltr'>cul-</span> 
     </span>
     <span class='ocr_line' id='line_1_92' title="bbox 1380 1109 2331 1159; baseline -0.007 -13"><span class='ocrx_word' id='word_1_590' title='bbox 1380 1124 1461 1159; x_wconf 85' lang='lat' dir='ltr'>pam</span> <span class='ocrx_word' id='word_1_591' title='bbox 1475 1110 1575 1157; x_wconf 85' lang='lat' dir='ltr'>prius</span> <span class='ocrx_word' id='word_1_592' title='bbox 1593 1109 1727 1144; x_wconf 87' lang='lat' dir='ltr'>aboleri</span> <span class='ocrx_word' id='word_1_593' title='bbox 1743 1110 1788 1144; x_wconf 82' lang='lat' dir='ltr'>ab</span> <span class='ocrx_word' id='word_1_594' title='bbox 1814 1110 1931 1146; x_wconf 83' lang='lat' dir='ltr'>anima</span> <span class='ocrx_word' id='word_1_595' title='bbox 1961 1110 2087 1146; x_wconf 87' lang='lat' dir='ltr'>ordine</span> <span class='ocrx_word' id='word_1_596' title='bbox 2111 1111 2331 1156; x_wconf 84' lang='lat' dir='ltr'>exequutio.</span> 
     </span>
     <span class='ocr_line' id='line_1_93' title="bbox 1380 1157 2331 1208; baseline -0.004 -11"><span class='ocrx_word' id='word_1_597' title='bbox 1380 1163 1453 1200; x_wconf 79' lang='lat' dir='ltr'>nis.</span> <span class='ocrx_word' id='word_1_598' title='bbox 1476 1170 1656 1208; x_wconf 86' lang='lat' dir='ltr'>quatenus</span> <span class='ocrx_word' id='word_1_599' title='bbox 1674 1157 1740 1206; x_wconf 67' lang='lat' dir='ltr'>hec</span> <span class='ocrx_word' id='word_1_600' title='bbox 1751 1159 1828 1194; x_wconf 88' lang='lat' dir='ltr'>duo</span> <span class='ocrx_word' id='word_1_601' title='bbox 1846 1159 1926 1195; x_wconf 90' lang='lat' dir='ltr'>sunt</span> <span class='ocrx_word' id='word_1_602' title='bbox 1945 1159 2089 1207; x_wconf 71' lang='lat' dir='ltr'>objee&#39;ta</span> <span class='ocrx_word' id='word_1_603' title='bbox 2118 1159 2331 1196; x_wconf 83' lang='lat' dir='ltr'>secundaria</span> 
     </span>
     <span class='ocr_line' id='line_1_94' title="bbox 1381 1210 2331 1259; baseline -0.003 -12"><span class='ocrx_word' id='word_1_604' title='bbox 1381 1213 1506 1258; x_wconf 73' lang='lat' dir='ltr'>divine</span> <span class='ocrx_word' id='word_1_605' title='bbox 1521 1211 1720 1247; x_wconf 85' lang='lat' dir='ltr'>voluntatis</span> <span class='ocrx_word' id='word_1_606' title='bbox 1737 1236 1747 1248; x_wconf 90' lang='lat'><em>‚</em></span> <span class='ocrx_word' id='word_1_607' title='bbox 1770 1221 1833 1258; x_wconf 86' lang='lat' dir='ltr'>per</span> <span class='ocrx_word' id='word_1_608' title='bbox 1851 1210 1882 1248; x_wconf 88' lang='lat' dir='ltr'>se</span> <span class='ocrx_word' id='word_1_609' title='bbox 1899 1212 2017 1259; x_wconf 88' lang='lat' dir='ltr'>primo</span> <span class='ocrx_word' id='word_1_610' title='bbox 2040 1211 2147 1247; x_wconf 83' lang='lat' dir='ltr'>finem</span> <span class='ocrx_word' id='word_1_611' title='bbox 2166 1238 2176 1254; x_wconf 88' lang='lat'>‚</span> <span class='ocrx_word' id='word_1_612' title='bbox 2204 1213 2238 1247; x_wconf 86' lang='grc'>8(</span> <span class='ocrx_word' id='word_1_613' title='bbox 2268 1221 2331 1257; x_wconf 86' lang='lat' dir='ltr'>po-</span> 
     </span>
     <span class='ocr_line' id='line_1_95' title="bbox 1382 1259 2334 1309; baseline -0.003 -10"><span class='ocrx_word' id='word_1_614' title='bbox 1382 1263 1511 1300; x_wconf 86' lang='lat' dir='ltr'>sterius</span> <span class='ocrx_word' id='word_1_615' title='bbox 1523 1274 1561 1300; x_wconf 86' lang='lat' dir='ltr'>ea</span> <span class='ocrx_word' id='word_1_616' title='bbox 1576 1289 1587 1304; x_wconf 92' lang='lat'>‚</span> <span class='ocrx_word' id='word_1_617' title='bbox 1602 1273 1674 1309; x_wconf 61' lang='lat' dir='ltr'>qu?</span> <span class='ocrx_word' id='word_1_618' title='bbox 1687 1259 1766 1301; x_wconf 85' lang='lat' dir='ltr'>sunt</span> <span class='ocrx_word' id='word_1_619' title='bbox 1791 1260 1833 1295; x_wconf 89' lang='lat' dir='ltr'>ad</span> <span class='ocrx_word' id='word_1_620' title='bbox 1865 1262 1972 1298; x_wconf 88' lang='lat' dir='ltr'>finem</span> <span class='ocrx_word' id='word_1_621' title='bbox 1988 1289 1999 1305; x_wconf 95' lang='lat'>‚</span> <span class='ocrx_word' id='word_1_622' title='bbox 2023 1262 2189 1298; x_wconf 86' lang='lat' dir='ltr'>ordinate</span> <span class='ocrx_word' id='word_1_623' title='bbox 2215 1263 2334 1297; x_wconf 81' lang='lat' dir='ltr'>inten-</span> 
     </span>
     <span class='ocr_line' id='line_1_96' title="bbox 1382 1310 2332 1353; baseline -0.003 -4"><span class='ocrx_word' id='word_1_624' title='bbox 1382 1313 1498 1353; x_wconf 60' lang='lat' dir='ltr'>dentis</span> <span class='ocrx_word' id='word_1_625' title='bbox 1516 1338 1525 1349; x_wconf 80' lang='grc'>,</span> <span class='ocrx_word' id='word_1_626' title='bbox 1553 1313 1607 1351; x_wconf 84' lang='lat' dir='ltr'>Ut</span> <span class='ocrx_word' id='word_1_627' title='bbox 1626 1323 1712 1350; x_wconf 86' lang='lat' dir='ltr'>vero</span> <span class='ocrx_word' id='word_1_628' title='bbox 1724 1310 1828 1346; x_wconf 86' lang='lat' dir='ltr'>causa</span> <span class='ocrx_word' id='word_1_629' title='bbox 1845 1311 2002 1348; x_wconf 85' lang='lat' dir='ltr'>formalis</span> <span class='ocrx_word' id='word_1_630' title='bbox 2027 1311 2078 1348; x_wconf 88' lang='lat' dir='ltr'>est</span> <span class='ocrx_word' id='word_1_631' title='bbox 2095 1313 2137 1348; x_wconf 86' lang='lat' dir='ltr'>de</span> <span class='ocrx_word' id='word_1_632' title='bbox 2160 1310 2236 1349; x_wconf 73' lang='lat' dir='ltr'>ipso</span> <span class='ocrx_word' id='word_1_633' title='bbox 2268 1311 2332 1346; x_wconf 92' lang='lat' dir='ltr'>suo</span> 
     </span>
     <span class='ocr_line' id='line_1_97' title="bbox 1383 1361 2331 1410; baseline -0.004 -10"><span class='ocrx_word' id='word_1_634' title='bbox 1383 1362 1512 1400; x_wconf 65' lang='lat' dir='ltr'>effeflu</span> <span class='ocrx_word' id='word_1_635' title='bbox 1526 1364 1621 1408; x_wconf 90' lang='lat' dir='ltr'>prior</span> <span class='ocrx_word' id='word_1_636' title='bbox 1634 1387 1645 1401; x_wconf 83' lang='lat'>,</span> <span class='ocrx_word' id='word_1_637' title='bbox 1658 1362 1762 1408; x_wconf 55' lang='lat' dir='ltr'>culpe¹</span> <span class='ocrx_word' id='word_1_638' title='bbox 1776 1363 1937 1410; x_wconf 85' lang='lat' dir='ltr'>expulsio</span> <span class='ocrx_word' id='word_1_639' title='bbox 1954 1363 1998 1401; x_wconf 87' lang='lat' dir='ltr'>de</span> <span class='ocrx_word' id='word_1_640' title='bbox 2013 1364 2125 1410; x_wconf 71' lang='lat' dir='ltr'>gratie</span> <span class='ocrx_word' id='word_1_641' title='bbox 2151 1361 2331 1402; x_wconf 85' lang='lat' dir='ltr'>infusione</span> 
     </span>
     <span class='ocr_line' id='line_1_98' title="bbox 1383 1411 2331 1462; baseline -0.002 -14"><span class='ocrx_word' id='word_1_642' title='bbox 1383 1413 1547 1462; x_wconf 87' lang='lat' dir='ltr'>procedit</span> <span class='ocrx_word' id='word_1_643' title='bbox 1567 1437 1576 1446; x_wconf 92' lang='lat'><strong>.</strong></span> <span class='ocrx_word' id='word_1_644' title='bbox 1604 1411 1661 1451; x_wconf 78' lang='lat' dir='ltr'>Ad</span> <span class='ocrx_word' id='word_1_645' title='bbox 1682 1423 1837 1459; x_wconf 88' lang='lat' dir='ltr'>quorum</span> <span class='ocrx_word' id='word_1_646' title='bbox 1861 1413 2079 1458; x_wconf 79' lang='lat' dir='ltr'>evidentiam</span> <span class='ocrx_word' id='word_1_647' title='bbox 2096 1439 2106 1453; x_wconf 94' lang='lat'>‚</span> <span class='ocrx_word' id='word_1_648' title='bbox 2130 1411 2331 1453; x_wconf 83' lang='lat' dir='ltr'>sciendum,</span> 
     </span>
     <span class='ocr_line' id='line_1_99' title="bbox 1382 1460 2327 1513; baseline -0.007 -11"><span class='ocrx_word' id='word_1_649' title='bbox 1382 1465 1491 1512; x_wconf 81' lang='lat' dir='ltr'>juxta</span> <span class='ocrx_word' id='word_1_650' title='bbox 1511 1460 1786 1508; x_wconf 78' lang='lat' dir='ltr'>phylosophum</span> <span class='ocrx_word' id='word_1_651' title='bbox 1804 1473 1842 1508; x_wconf 88' lang='lat'>5.</span> <span class='ocrx_word' id='word_1_652' title='bbox 1858 1463 2076 1513; x_wconf 54' lang='lat' dir='ltr'>&amp;letaphysl</span> <span class='ocrx_word' id='word_1_653' title='bbox 2090 1470 2164 1509; x_wconf 86' lang='lat' dir='ltr'>cap.</span> <span class='ocrx_word' id='word_1_654' title='bbox 2184 1461 2327 1507; x_wconf 79' lang='lat' dir='ltr'>deprio-</span> 
     </span>
     <span class='ocr_line' id='line_1_100' title="bbox 1385 1511 2330 1562; baseline -0.004 -13"><span class='ocrx_word' id='word_1_655' title='bbox 1385 1519 1418 1556; x_wconf 67' lang='lat' dir='ltr'>ri</span> <span class='ocrx_word' id='word_1_656' title='bbox 1430 1515 1474 1556; x_wconf 69' lang='grc' dir='ltr'>(ἰν</span> <span class='ocrx_word' id='word_1_657' title='bbox 1493 1524 1528 1559; x_wconf 90' lang='lat'>7.</span> <span class='ocrx_word' id='word_1_658' title='bbox 1543 1511 2020 1562; x_wconf 61' lang='lat' dir='ltr'>Metaphyfcap.7.quqdam</span> <span class='ocrx_word' id='word_1_659' title='bbox 2033 1512 2100 1549; x_wconf 83' lang='lat' dir='ltr'>effe</span> <span class='ocrx_word' id='word_1_660' title='bbox 2115 1514 2193 1550; x_wconf 83' lang='lat' dir='ltr'>aliis</span> <span class='ocrx_word' id='word_1_661' title='bbox 2209 1514 2330 1559; x_wconf 83' lang='lat' dir='ltr'>priora</span> 
     </span>
     <span class='ocr_line' id='line_1_101' title="bbox 1383 1563 2331 1612; baseline -0.005 -11"><span class='ocrx_word' id='word_1_662' title='bbox 1383 1565 1511 1605; x_wconf 85' lang='lat' dir='ltr'>ordine</span> <span class='ocrx_word' id='word_1_663' title='bbox 1527 1565 1765 1608; x_wconf 82' lang='lat' dir='ltr'>generationis</span> <span class='ocrx_word' id='word_1_664' title='bbox 1778 1591 1790 1607; x_wconf 94' lang='lat'>‚</span> <span class='ocrx_word' id='word_1_665' title='bbox 1820 1565 1974 1612; x_wconf 67' lang='lat' dir='ltr'>quedam</span> <span class='ocrx_word' id='word_1_666' title='bbox 1997 1575 2084 1600; x_wconf 84' lang='lat' dir='ltr'>vero</span> <span class='ocrx_word' id='word_1_667' title='bbox 2101 1563 2226 1599; x_wconf 81' lang='lat' dir='ltr'>ordine</span> <span class='ocrx_word' id='word_1_668' title='bbox 2254 1572 2331 1608; x_wconf 88' lang='lat' dir='ltr'>per-</span> 
     </span>
     <span class='ocr_line' id='line_1_102' title="bbox 1384 1612 2332 1661; baseline -0.005 -10"><span class='ocrx_word' id='word_1_669' title='bbox 1384 1615 1574 1656; x_wconf 66' lang='lat' dir='ltr'>feelionist</span> <span class='ocrx_word' id='word_1_670' title='bbox 1605 1612 1718 1659; x_wconf 83' lang='lat' dir='ltr'>eaque</span> <span class='ocrx_word' id='word_1_671' title='bbox 1736 1615 1808 1650; x_wconf 92' lang='lat' dir='ltr'>duo</span> <span class='ocrx_word' id='word_1_672' title='bbox 1822 1626 1951 1660; x_wconf 85' lang='lat' dir='ltr'>genera</span> <span class='ocrx_word' id='word_1_673' title='bbox 1969 1615 2168 1661; x_wconf 84' lang='lat' dir='ltr'>prioritatis</span> <span class='ocrx_word' id='word_1_674' title='bbox 2192 1615 2264 1649; x_wconf 69' lang='lat' dir='ltr'>fere</span> <span class='ocrx_word' id='word_1_675' title='bbox 2282 1625 2332 1647; x_wconf 40' lang='lat' dir='ltr'>ed·</span> 
     </span>
     <span class='ocr_line' id='line_1_103' title="bbox 1384 1662 2332 1710; baseline -0.004 -10"><span class='ocrx_word' id='word_1_676' title='bbox 1384 1663 1560 1702; x_wconf 88' lang='lat' dir='ltr'>converso</span> <span class='ocrx_word' id='word_1_677' title='bbox 1575 1663 1606 1698; x_wconf 91' lang='lat' dir='ltr'>se</span> <span class='ocrx_word' id='word_1_678' title='bbox 1628 1662 1760 1701; x_wconf 76' lang='lat' dir='ltr'>habere</span> <span class='ocrx_word' id='word_1_679' title='bbox 1777 1685 1785 1698; x_wconf 86' lang='lat'><strong>·</strong></span> <span class='ocrx_word' id='word_1_680' title='bbox 1811 1668 1905 1703; x_wconf 72' lang='lat' dir='ltr'>Nam</span> <span class='ocrx_word' id='word_1_681' title='bbox 1934 1664 2057 1700; x_wconf 87' lang='lat' dir='ltr'>ordine</span> <span class='ocrx_word' id='word_1_682' title='bbox 2086 1664 2332 1710; x_wconf 83' lang='lat' dir='ltr'>generationis</span> 
     </span>
     <span class='ocr_line' id='line_1_104' title="bbox 1386 1713 2333 1763; baseline -0.005 -11"><span class='ocrx_word' id='word_1_683' title='bbox 1386 1714 1652 1763; x_wconf 67' lang='lat' dir='ltr'>imperfefiiora</span> <span class='ocrx_word' id='word_1_684' title='bbox 1666 1726 1820 1761; x_wconf 56' lang='lat' dir='ltr'>quaeque</span> <span class='ocrx_word' id='word_1_685' title='bbox 1836 1716 1954 1761; x_wconf 79' lang='lat' dir='ltr'>priora</span> <span class='ocrx_word' id='word_1_686' title='bbox 1966 1713 2046 1750; x_wconf 91' lang='lat' dir='ltr'>sunt</span> <span class='ocrx_word' id='word_1_687' title='bbox 2062 1740 2072 1751; x_wconf 89' lang='lat'><strong>.</strong></span> <span class='ocrx_word' id='word_1_688' title='bbox 2088 1715 2217 1762; x_wconf 89' lang='lat' dir='ltr'>ltaque</span> <span class='ocrx_word' id='word_1_689' title='bbox 2234 1713 2256 1748; x_wconf 80' lang='lat' dir='ltr'>fl</span> <span class='ocrx_word' id='word_1_690' title='bbox 2271 1724 2333 1748; x_wconf 84' lang='lat' dir='ltr'>ex·</span> 
     </span>
     <span class='ocr_line' id='line_1_105' title="bbox 1385 1763 2333 1814; baseline -0.004 -12"><span class='ocrx_word' id='word_1_691' title='bbox 1385 1766 1501 1814; x_wconf 88' lang='lat' dir='ltr'>pulsio</span> <span class='ocrx_word' id='word_1_692' title='bbox 1512 1766 1618 1811; x_wconf 71' lang='lat' dir='ltr'>culpe</span> <span class='ocrx_word' id='word_1_693' title='bbox 1634 1763 1725 1802; x_wconf 47' lang='lat' dir='ltr'>foret</span> <span class='ocrx_word' id='word_1_694' title='bbox 1737 1765 1885 1812; x_wconf 82' lang='lat' dir='ltr'>aliquod</span> <span class='ocrx_word' id='word_1_695' title='bbox 1900 1777 1961 1800; x_wconf 88' lang='lat' dir='ltr'>ens</span> <span class='ocrx_word' id='word_1_696' title='bbox 1975 1790 1986 1805; x_wconf 91' lang='lat'>,</span> <span class='ocrx_word' id='word_1_697' title='bbox 2006 1765 2047 1800; x_wconf 82' lang='lat' dir='ltr'>ad</span> <span class='ocrx_word' id='word_1_698' title='bbox 2060 1767 2172 1812; x_wconf 72' lang='lat' dir='ltr'>gratie</span> <span class='ocrx_word' id='word_1_699' title='bbox 2186 1763 2333 1801; x_wconf 88' lang='lat' dir='ltr'>infusio·</span> 
     </span>
     <span class='ocr_line' id='line_1_106' title="bbox 1386 1813 2327 1866; baseline -0.002 -17"><span class='ocrx_word' id='word_1_700' title='bbox 1386 1828 1467 1857; x_wconf 82' lang='lat' dir='ltr'>nem</span> <span class='ocrx_word' id='word_1_701' title='bbox 1481 1825 1686 1866; x_wconf 79' lang='lat' dir='ltr'>comparata</span> <span class='ocrx_word' id='word_1_702' title='bbox 1700 1842 1709 1856; x_wconf 92' lang='lat'><strong>‚</strong></span> <span class='ocrx_word' id='word_1_703' title='bbox 1723 1816 1780 1850; x_wconf 87' lang='lat' dir='ltr'>via</span> <span class='ocrx_word' id='word_1_704' title='bbox 1797 1816 2038 1860; x_wconf 75' lang='lat' dir='ltr'>generationis</span> <span class='ocrx_word' id='word_1_705' title='bbox 2053 1816 2151 1862; x_wconf 88' lang='lat' dir='ltr'>prior</span> <span class='ocrx_word' id='word_1_706' title='bbox 2168 1813 2248 1850; x_wconf 80' lang='lat' dir='ltr'>effet</span> <span class='ocrx_word' id='word_1_707' title='bbox 2263 1813 2327 1848; x_wconf 90' lang='lat' dir='ltr'>de-</span> 
     </span>
     <span class='ocr_line' id='line_1_107' title="bbox 1385 1862 2329 1914; baseline -0.004 -11"><span class='ocrx_word' id='word_1_708' title='bbox 1385 1867 1500 1914; x_wconf 85' lang='lat' dir='ltr'>pulsio</span> <span class='ocrx_word' id='word_1_709' title='bbox 1511 1868 1616 1913; x_wconf 68' lang='lat' dir='ltr'>culpe</span> <span class='ocrx_word' id='word_1_710' title='bbox 1634 1877 1645 1909; x_wconf 75' lang='lat'><em>3</em></span> <span class='ocrx_word' id='word_1_711' title='bbox 1662 1863 1720 1900; x_wconf 85' lang='lat' dir='ltr'>sed</span> <span class='ocrx_word' id='word_1_712' title='bbox 1742 1864 2077 1906; x_wconf 76' lang='lat' dir='ltr'>econversoordine</span> <span class='ocrx_word' id='word_1_713' title='bbox 2097 1862 2329 1911; x_wconf 61' lang='lat' dir='ltr'>perfeffonis</span> 
     </span>
     <span class='ocr_line' id='line_1_108' title="bbox 1385 1915 2328 1965; baseline -0.006 -12"><span class='ocrx_word' id='word_1_714' title='bbox 1385 1919 1484 1965; x_wconf 88' lang='lat' dir='ltr'>prior</span> <span class='ocrx_word' id='word_1_715' title='bbox 1499 1915 1648 1957; x_wconf 86' lang='lat' dir='ltr'>dicenda</span> <span class='ocrx_word' id='word_1_716' title='bbox 1667 1915 1756 1957; x_wconf 87' lang='lat' dir='ltr'>foret</span> <span class='ocrx_word' id='word_1_717' title='bbox 1773 1916 1904 1951; x_wconf 85' lang='lat' dir='ltr'>infusio</span> <span class='ocrx_word' id='word_1_718' title='bbox 1921 1916 2037 1962; x_wconf 74' lang='lat' dir='ltr'>gratie</span> <span class='ocrx_word' id='word_1_719' title='bbox 2059 1928 2069 1955; x_wconf 91' lang='lat'>;</span> <span class='ocrx_word' id='word_1_720' title='bbox 2102 1917 2328 1962; x_wconf 75' lang='lat' dir='ltr'>quiaimme-</span> 
     </span>
     <span class='ocr_line' id='line_1_109' title="bbox 1386 1964 2330 2014; baseline -0.004 -11"><span class='ocrx_word' id='word_1_721' title='bbox 1386 1966 1588 2014; x_wconf 78' lang='lat' dir='ltr'>diatim-ipsi</span> <span class='ocrx_word' id='word_1_722' title='bbox 1617 1964 1706 2008; x_wconf 83' lang='lat' dir='ltr'>fini,</span> <span class='ocrx_word' id='word_1_723' title='bbox 1730 1967 1796 2011; x_wconf 85' lang='lat' dir='ltr'>qui</span> <span class='ocrx_word' id='word_1_724' title='bbox 1819 1965 1868 2002; x_wconf 82' lang='lat' dir='ltr'>est</span> <span class='ocrx_word' id='word_1_725' title='bbox 1896 1965 2098 2013; x_wconf 81' lang='lat' dir='ltr'>{impliciter</span> <span class='ocrx_word' id='word_1_726' title='bbox 2129 1965 2330 2012; x_wconf 67' lang='lat' dir='ltr'>perfeetus.</span> 
     </span>
     <span class='ocr_line' id='line_1_110' title="bbox 1387 2015 2323 2064; baseline -0.006 -10"><span class='ocrx_word' id='word_1_727' title='bbox 1387 2017 1555 2059; x_wconf 84' lang='lat' dir='ltr'>Similiter</span> <span class='ocrx_word' id='word_1_728' title='bbox 1568 2016 1612 2052; x_wconf 90' lang='lat' dir='ltr'>de</span> <span class='ocrx_word' id='word_1_729' title='bbox 1625 2017 1813 2064; x_wconf 79' lang='lat' dir='ltr'>prioritate</span> <span class='ocrx_word' id='word_1_730' title='bbox 1831 2015 2085 2064; x_wconf 73' lang='lat' dir='ltr'>consequentie</span> <span class='ocrx_word' id='word_1_731' title='bbox 2111 2028 2206 2059; x_wconf 84' lang='lat' dir='ltr'>pater</span> <span class='ocrx_word' id='word_1_732' title='bbox 2225 2042 2234 2056; x_wconf 93' lang='lat'><em>,</em></span> <span class='ocrx_word' id='word_1_733' title='bbox 2265 2016 2323 2049; x_wconf 80' lang='lat' dir='ltr'>im-</span> 
     </span>
     <span class='ocr_line' id='line_1_111' title="bbox 1388 2065 2330 2116; baseline -0.005 -12"><span class='ocrx_word' id='word_1_734' title='bbox 1388 2067 1601 2116; x_wconf 71' lang='lat' dir='ltr'>perfcftiora</span> <span class='ocrx_word' id='word_1_735' title='bbox 1618 2066 1686 2103; x_wconf 86' lang='lat' dir='ltr'>esse</span> <span class='ocrx_word' id='word_1_736' title='bbox 1705 2068 1820 2113; x_wconf 81' lang='lat' dir='ltr'>priora</span> <span class='ocrx_word' id='word_1_737' title='bbox 1843 2092 1853 2107; x_wconf 89' lang='lat'>‚</span> <span class='ocrx_word' id='word_1_738' title='bbox 1885 2066 1972 2101; x_wconf 82' lang='lat' dir='ltr'>ficut</span> <span class='ocrx_word' id='word_1_739' title='bbox 2001 2068 2129 2103; x_wconf 82' lang='lat' dir='ltr'>animal</span> <span class='ocrx_word' id='word_1_740' title='bbox 2151 2066 2199 2102; x_wconf 86' lang='lat' dir='ltr'>est</span> <span class='ocrx_word' id='word_1_741' title='bbox 2232 2065 2330 2111; x_wconf 75' lang='lat' dir='ltr'>p-ius</span> 
     </span>
     <span class='ocr_line' id='line_1_112' title="bbox 1388 2114 2332 2162; baseline -0.017 -6"><span class='ocrx_word' id='word_1_742' title='bbox 1388 2120 1533 2156; x_wconf 84' lang='lat' dir='ltr'>homine</span> <span class='ocrx_word' id='word_1_743' title='bbox 1558 2116 1750 2154; x_wconf 83' lang='lat' dir='ltr'>secundum</span> <span class='ocrx_word' id='word_1_744' title='bbox 1779 2114 2101 2162; x_wconf 74' lang='lat' dir='ltr'>consequentiam;</span> <span class='ocrx_word' id='word_1_745' title='bbox 2127 2118 2160 2152; x_wconf 65' lang='grc'>3(</span> <span class='ocrx_word' id='word_1_746' title='bbox 2191 2118 2228 2151; x_wconf 75' lang='lat' dir='ltr'>in</span> <span class='ocrx_word' id='word_1_747' title='bbox 2254 2117 2332 2150; x_wconf 73' lang='grc' dir='ltr'>υῃῑ-</span> 
     </span>
     <span class='ocr_line' id='line_1_113' title="bbox 1389 2166 2333 2214; baseline -0.007 -9"><span class='ocrx_word' id='word_1_748' title='bbox 1389 2167 1532 2206; x_wconf 81' lang='lat' dir='ltr'>versum</span> <span class='ocrx_word' id='word_1_749' title='bbox 1545 2167 1770 2214; x_wconf 84' lang='lat' dir='ltr'>consequens</span> <span class='ocrx_word' id='word_1_750' title='bbox 1785 2166 1831 2201; x_wconf 84' lang='lat' dir='ltr'>est</span> <span class='ocrx_word' id='word_1_751' title='bbox 1845 2166 2089 2213; x_wconf 65' lang='lat' dir='ltr'>imperfeflius</span> <span class='ocrx_word' id='word_1_752' title='bbox 2103 2194 2112 2208; x_wconf 90' lang='lat'>‚</span> <span class='ocrx_word' id='word_1_753' title='bbox 2143 2179 2251 2211; x_wconf 86' lang='lat' dir='ltr'>quarn</span> <span class='ocrx_word' id='word_1_754' title='bbox 2269 2176 2333 2198; x_wconf 88' lang='lat' dir='ltr'>an-</span> 
     </span>
     <span class='ocr_line' id='line_1_114' title="bbox 1389 2216 2334 2263; baseline -0.006 -6"><span class='ocrx_word' id='word_1_755' title='bbox 1389 2218 1581 2257; x_wconf 68' lang='lat' dir='ltr'>recedens.</span> <span class='ocrx_word' id='word_1_756' title='bbox 1604 2220 1648 2254; x_wconf 81' lang='lat' dir='ltr'>Ea</span> <span class='ocrx_word' id='word_1_757' title='bbox 1664 2219 1769 2263; x_wconf 76' lang='lat' dir='ltr'>igitur</span> <span class='ocrx_word' id='word_1_758' title='bbox 1786 2217 1921 2251; x_wconf 80' lang='lat' dir='ltr'>ratione</span> <span class='ocrx_word' id='word_1_759' title='bbox 1940 2243 1948 2257; x_wconf 87' lang='lat'>,</span> <span class='ocrx_word' id='word_1_760' title='bbox 1978 2228 2051 2263; x_wconf 88' lang='lat' dir='ltr'>qua</span> <span class='ocrx_word' id='word_1_761' title='bbox 2073 2217 2121 2257; x_wconf 87' lang='lat' dir='ltr'>est</span> <span class='ocrx_word' id='word_1_762' title='bbox 2151 2216 2334 2256; x_wconf 84' lang='lat' dir='ltr'>illatioin-</span> 
     </span>
     <span class='ocr_line' id='line_1_115' title="bbox 1389 2265 2333 2314; baseline -0.002 -11"><span class='ocrx_word' id='word_1_763' title='bbox 1389 2282 1443 2306; x_wconf 79' lang='lat' dir='ltr'>ter</span> <span class='ocrx_word' id='word_1_764' title='bbox 1457 2268 1534 2308; x_wconf 78' lang='lat' dir='ltr'>ista,</span> <span class='ocrx_word' id='word_1_765' title='bbox 1550 2267 1708 2313; x_wconf 73' lang='lat' dir='ltr'>expulsio</span> <span class='ocrx_word' id='word_1_766' title='bbox 1725 2266 1884 2312; x_wconf 71' lang='lat' dir='ltr'>sequitur</span> <span class='ocrx_word' id='word_1_767' title='bbox 1896 2266 1938 2301; x_wconf 82' lang='lat' dir='ltr'>ad</span> <span class='ocrx_word' id='word_1_768' title='bbox 1954 2269 2069 2314; x_wconf 69' lang='lat' dir='ltr'>gratie</span> <span class='ocrx_word' id='word_1_769' title='bbox 2086 2265 2333 2307; x_wconf 82' lang='lat' dir='ltr'>collationem,</span> 
     </span>
     <span class='ocr_line' id='line_1_116' title="bbox 1389 2315 2334 2366; baseline -0.002 -13"><span class='ocrx_word' id='word_1_770' title='bbox 1389 2331 1459 2357; x_wconf 89' lang='lat' dir='ltr'>non</span> <span class='ocrx_word' id='word_1_771' title='bbox 1475 2331 1492 2358; x_wconf 86' lang='lat' dir='ltr'>e</span> <span class='ocrx_word' id='word_1_772' title='bbox 1504 2316 1678 2353; x_wconf 87' lang='lat' dir='ltr'>converso</span> <span class='ocrx_word' id='word_1_773' title='bbox 1693 2340 1702 2350; x_wconf 86' lang='lat'>.</span> <span class='ocrx_word' id='word_1_774' title='bbox 1718 2319 1803 2353; x_wconf 83' lang='lat' dir='ltr'>Non</span> <span class='ocrx_word' id='word_1_775' title='bbox 1816 2318 1908 2352; x_wconf 86' lang='lat' dir='ltr'>enim</span> <span class='ocrx_word' id='word_1_776' title='bbox 1926 2315 2003 2352; x_wconf 89' lang='lat' dir='ltr'>sunt</span> <span class='ocrx_word' id='word_1_777' title='bbox 2021 2318 2183 2366; x_wconf 79' lang='lat' dir='ltr'>opposita</span> <span class='ocrx_word' id='word_1_778' title='bbox 2198 2317 2334 2358; x_wconf 33' lang='lat' dir='ltr'>gimme-</span> 
     </span>
     <span class='ocr_line' id='line_1_117' title="bbox 1388 2366 2335 2408; baseline -0.004 -4"><span class='ocrx_word' id='word_1_779' title='bbox 1388 2371 1485 2408; x_wconf 81' lang='lat' dir='ltr'>diata</span> <span class='ocrx_word' id='word_1_780' title='bbox 1502 2379 1546 2404; x_wconf 81' lang='lat' dir='ltr'>ex</span> <span class='ocrx_word' id='word_1_781' title='bbox 1559 2378 1685 2403; x_wconf 81' lang='lat' dir='ltr'>natura</span> <span class='ocrx_word' id='word_1_782' title='bbox 1698 2378 1944 2402; x_wconf 88' lang='lat' dir='ltr'>extremorum</span> <span class='ocrx_word' id='word_1_783' title='bbox 1963 2393 1973 2407; x_wconf 88' lang='lat'><strong>,</strong></span> <span class='ocrx_word' id='word_1_784' title='bbox 2000 2366 2056 2404; x_wconf 87' lang='lat' dir='ltr'>sed</span> <span class='ocrx_word' id='word_1_785' title='bbox 2074 2380 2119 2403; x_wconf 73' lang='lat' dir='ltr'>ex</span> <span class='ocrx_word' id='word_1_786' title='bbox 2138 2366 2335 2402; x_wconf 85' lang='lat' dir='ltr'>institutio-</span> 
     </span>
     <span class='ocr_line' id='line_1_118' title="bbox 1389 2416 2336 2464; baseline -0.005 -8"><span class='ocrx_word' id='word_1_787' title='bbox 1389 2419 1593 2460; x_wconf 78' lang='lat' dir='ltr'>nedivina3</span> <span class='ocrx_word' id='word_1_788' title='bbox 1625 2419 1658 2458; x_wconf 79' lang='grc'>8(</span> <span class='ocrx_word' id='word_1_789' title='bbox 1678 2429 1748 2454; x_wconf 91' lang='lat' dir='ltr'>non</span> <span class='ocrx_word' id='word_1_790' title='bbox 1779 2416 1943 2464; x_wconf 81' lang='lat' dir='ltr'>sequitur</span> <span class='ocrx_word' id='word_1_791' title='bbox 1969 2417 2133 2457; x_wconf 72' lang='lat' dir='ltr'>induftio</span> <span class='ocrx_word' id='word_1_792' title='bbox 2157 2418 2264 2456; x_wconf 89' lang='lat' dir='ltr'>unius</span> <span class='ocrx_word' id='word_1_793' title='bbox 2292 2416 2336 2452; x_wconf 88' lang='lat' dir='ltr'>ad</span> 
     </span>
     <span class='ocr_line' id='line_1_119' title="bbox 1388 2466 2335 2515; baseline -0.003 -9"><span class='ocrx_word' id='word_1_794' title='bbox 1388 2470 1609 2506; x_wconf 82' lang='lat' dir='ltr'>amotionem</span> <span class='ocrx_word' id='word_1_795' title='bbox 1624 2468 1773 2505; x_wconf 85' lang='lat' dir='ltr'>alterius</span> <span class='ocrx_word' id='word_1_796' title='bbox 1787 2494 1797 2508; x_wconf 85' lang='lat'>,</span> <span class='ocrx_word' id='word_1_797' title='bbox 1808 2467 1868 2503; x_wconf 80' lang='lat' dir='ltr'>nili</span> <span class='ocrx_word' id='word_1_798' title='bbox 1885 2469 1919 2503; x_wconf 92' lang='lat' dir='ltr'>in</span> <span class='ocrx_word' id='word_1_799' title='bbox 1932 2467 2106 2515; x_wconf 85' lang='lat' dir='ltr'>oppositis</span> <span class='ocrx_word' id='word_1_800' title='bbox 2119 2466 2335 2506; x_wconf 80' lang='lat' dir='ltr'>immmedia.</span> 
     </span>
     <span class='ocr_line' id='line_1_120' title="bbox 1391 2517 2333 2566; baseline -0.002 -10"><span class='ocrx_word' id='word_1_801' title='bbox 1391 2522 1438 2556; x_wconf 90' lang='lat' dir='ltr'>tis</span> <span class='ocrx_word' id='word_1_802' title='bbox 1465 2518 1660 2555; x_wconf 88' lang='lat' dir='ltr'>secundum</span> <span class='ocrx_word' id='word_1_803' title='bbox 1686 2517 1718 2554; x_wconf 82' lang='lat' dir='ltr'>se</span> <span class='ocrx_word' id='word_1_804' title='bbox 1734 2547 1744 2553; x_wconf 86' lang='lat'><strong>.</strong></span> <span class='ocrx_word' id='word_1_805' title='bbox 1778 2518 1846 2555; x_wconf 76' lang='lat' dir='ltr'>Sed</span> <span class='ocrx_word' id='word_1_806' title='bbox 1864 2519 2164 2566; x_wconf 77' lang='lat' dir='ltr'>qualitercunque</span> <span class='ocrx_word' id='word_1_807' title='bbox 2187 2517 2276 2561; x_wconf 88' lang='lat' dir='ltr'>sint,</span> <span class='ocrx_word' id='word_1_808' title='bbox 2299 2518 2333 2554; x_wconf 75' lang='grc'>8(</span> 
     </span>
     <span class='ocr_line' id='line_1_121' title="bbox 1390 2568 2337 2617; baseline -0.002 -11"><span class='ocrx_word' id='word_1_809' title='bbox 1390 2571 1558 2607; x_wconf 84' lang='lat' dir='ltr'>dicantur</span> <span class='ocrx_word' id='word_1_810' title='bbox 1573 2568 1733 2617; x_wconf 81' lang='lat' dir='ltr'>opposita</span> <span class='ocrx_word' id='word_1_811' title='bbox 1746 2595 1757 2611; x_wconf 96' lang='lat'><strong><em>,</em></strong></span> <span class='ocrx_word' id='word_1_812' title='bbox 1775 2570 1886 2614; x_wconf 86' lang='lat' dir='ltr'>magis</span> <span class='ocrx_word' id='word_1_813' title='bbox 1900 2569 2042 2606; x_wconf 88' lang='lat' dir='ltr'>videtur</span> <span class='ocrx_word' id='word_1_814' title='bbox 2075 2568 2232 2605; x_wconf 86' lang='lat' dir='ltr'>formalis</span> <span class='ocrx_word' id='word_1_815' title='bbox 2249 2580 2337 2604; x_wconf 82' lang='lat' dir='ltr'>con·</span> 
     </span>
     <span class='ocr_line' id='line_1_122' title="bbox 1391 2617 2335 2668; baseline -0.003 -11"><span class='ocrx_word' id='word_1_816' title='bbox 1391 2621 1574 2668; x_wconf 82' lang='lat' dir='ltr'>sequentia</span> <span class='ocrx_word' id='word_1_817' title='bbox 1599 2621 1641 2655; x_wconf 89' lang='lat' dir='ltr'>ad</span> <span class='ocrx_word' id='word_1_818' title='bbox 1665 2618 1873 2667; x_wconf 66' lang='lat' dir='ltr'>presentiam</span> <span class='ocrx_word' id='word_1_819' title='bbox 1896 2620 2011 2666; x_wconf 72' lang='lat' dir='ltr'>gratie</span> <span class='ocrx_word' id='word_1_820' title='bbox 2034 2633 2105 2657; x_wconf 87' lang='lat' dir='ltr'>non</span> <span class='ocrx_word' id='word_1_821' title='bbox 2134 2617 2241 2655; x_wconf 85' lang='lat' dir='ltr'>inesse</span> <span class='ocrx_word' id='word_1_822' title='bbox 2262 2620 2335 2655; x_wconf 85' lang='lat' dir='ltr'>cul.</span> 
     </span>
     <span class='ocr_line' id='line_1_123' title="bbox 1391 2670 2337 2719; baseline -0.001 -12"><span class='ocrx_word' id='word_1_823' title='bbox 1391 2685 1473 2719; x_wconf 84' lang='lat' dir='ltr'>pam</span> <span class='ocrx_word' id='word_1_824' title='bbox 1494 2699 1504 2714; x_wconf 91' lang='lat'><em>,</em></span> <span class='ocrx_word' id='word_1_825' title='bbox 1519 2683 1628 2717; x_wconf 86' lang='lat' dir='ltr'>quam</span> <span class='ocrx_word' id='word_1_826' title='bbox 1647 2682 1665 2706; x_wconf 93' lang='lat' dir='ltr'>e</span> <span class='ocrx_word' id='word_1_827' title='bbox 1679 2670 1850 2706; x_wconf 88' lang='lat' dir='ltr'>converso</span> <span class='ocrx_word' id='word_1_828' title='bbox 1869 2682 1882 2710; x_wconf 82' lang='lat'>3</span> <span class='ocrx_word' id='word_1_829' title='bbox 1912 2671 2001 2717; x_wconf 81' lang='lat' dir='ltr'>quia</span> <span class='ocrx_word' id='word_1_830' title='bbox 2017 2671 2052 2707; x_wconf 91' lang='lat' dir='ltr'>in</span> <span class='ocrx_word' id='word_1_831' title='bbox 2065 2670 2220 2706; x_wconf 87' lang='lat' dir='ltr'>secundo</span> <span class='ocrx_word' id='word_1_832' title='bbox 2240 2681 2337 2706; x_wconf 85' lang='lat' dir='ltr'>ante·</span> 
     </span>
     <span class='ocr_line' id='line_1_124' title="bbox 1394 2719 2160 2769; baseline -0.001 -11"><span class='ocrx_word' id='word_1_833' title='bbox 1394 2722 1523 2758; x_wconf 87' lang='lat' dir='ltr'>cedens</span> <span class='ocrx_word' id='word_1_834' title='bbox 1535 2722 1635 2757; x_wconf 91' lang='lat' dir='ltr'>nullo</span> <span class='ocrx_word' id='word_1_835' title='bbox 1650 2721 1757 2756; x_wconf 89' lang='lat' dir='ltr'>modo</span> <span class='ocrx_word' id='word_1_836' title='bbox 1787 2722 1889 2766; x_wconf 89' lang='lat' dir='ltr'>ponit</span> <span class='ocrx_word' id='word_1_837' title='bbox 1918 2719 2160 2769; x_wconf 85' lang='lat' dir='ltr'>consequens.</span> 
     </span>
    </p>

    <p class='ocr_par' dir='ltr' id='par_1_17' title="bbox 1393 2768 2345 3212">
     <span class='ocr_line' id='line_1_125' title="bbox 1493 2768 2335 2819; baseline -0.001 -12"><span class='ocrx_word' id='word_1_838' title='bbox 1493 2771 1562 2815; x_wconf 86' lang='lat' dir='ltr'>Sed</span> <span class='ocrx_word' id='word_1_839' title='bbox 1585 2771 1750 2819; x_wconf 88' lang='lat' dir='ltr'>nunquid</span> <span class='ocrx_word' id='word_1_840' title='bbox 1774 2768 1968 2806; x_wconf 83' lang='lat' dir='ltr'>secundum</span> <span class='ocrx_word' id='word_1_841' title='bbox 2005 2771 2246 2808; x_wconf 84' lang='lat' dir='ltr'>causalitatem</span> <span class='ocrx_word' id='word_1_842' title='bbox 2271 2781 2335 2806; x_wconf 83' lang='lat' dir='ltr'>ex-</span> 
     </span>
     <span class='ocr_line' id='line_1_126' title="bbox 1395 2820 2337 2870; baseline 0 -12"><span class='ocrx_word' id='word_1_843' title='bbox 1395 2821 1510 2870; x_wconf 84' lang='lat' dir='ltr'>pulsio</span> <span class='ocrx_word' id='word_1_844' title='bbox 1535 2822 1641 2868; x_wconf 72' lang='lat' dir='ltr'>culpe</span> <span class='ocrx_word' id='word_1_845' title='bbox 1667 2821 1714 2857; x_wconf 91' lang='lat' dir='ltr'>est</span> <span class='ocrx_word' id='word_1_846' title='bbox 1735 2822 1848 2868; x_wconf 73' lang='lat' dir='ltr'>gratie</span> <span class='ocrx_word' id='word_1_847' title='bbox 1878 2820 2055 2858; x_wconf 76' lang='lat' dir='ltr'>infusione</span> <span class='ocrx_word' id='word_1_848' title='bbox 2083 2822 2204 2868; x_wconf 87' lang='lat' dir='ltr'>prior,</span> <span class='ocrx_word' id='word_1_849' title='bbox 2231 2831 2293 2856; x_wconf 88' lang='lat' dir='ltr'>aut</span> <span class='ocrx_word' id='word_1_850' title='bbox 2318 2834 2337 2858; x_wconf 88' lang='lat' dir='ltr'>e</span> 
     </span>
     <span class='ocr_line' id='line_1_127' title="bbox 1393 2870 2338 2919; baseline -0.002 -11"><span class='ocrx_word' id='word_1_851' title='bbox 1393 2871 1596 2915; x_wconf 51' lang='lat' dir='ltr'>converso!&gt;</span> <span class='ocrx_word' id='word_1_852' title='bbox 1626 2871 1863 2919; x_wconf 72' lang='lat' dir='ltr'>Respondeo,</span> <span class='ocrx_word' id='word_1_853' title='bbox 1896 2872 1961 2918; x_wconf 59' lang='lat' dir='ltr'>hec</span> <span class='ocrx_word' id='word_1_854' title='bbox 1989 2872 2141 2919; x_wconf 85' lang='lat' dir='ltr'>quaestio</span> <span class='ocrx_word' id='word_1_855' title='bbox 2166 2870 2214 2906; x_wconf 83' lang='lat' dir='ltr'>est</span> <span class='ocrx_word' id='word_1_856' title='bbox 2241 2871 2338 2907; x_wconf 83' lang='lat' dir='ltr'>nulla</span> 
     </span>
     <span class='ocr_line' id='line_1_128' title="bbox 1393 2921 2340 2970; baseline -0.001 -11"><span class='ocrx_word' id='word_1_857' title='bbox 1393 2926 1491 2962; x_wconf 77' lang='lat' dir='ltr'>Nam</span> <span class='ocrx_word' id='word_1_858' title='bbox 1503 2924 1650 2968; x_wconf 65' lang='lat' dir='ltr'>negatio</span> <span class='ocrx_word' id='word_1_859' title='bbox 1664 2922 1728 2970; x_wconf 63' lang='lat'>¹³90</span> <span class='ocrx_word' id='word_1_860' title='bbox 1757 2922 1989 2970; x_wconf 83' lang='lat' dir='ltr'>obligationis</span> <span class='ocrx_word' id='word_1_861' title='bbox 2013 2950 2024 2966; x_wconf 90' lang='lat'><strong>,</strong></span> <span class='ocrx_word' id='word_1_862' title='bbox 2051 2933 2124 2968; x_wconf 64' lang='lat' dir='ltr'>que</span> <span class='ocrx_word' id='word_1_863' title='bbox 2144 2921 2238 2956; x_wconf 86' lang='lat' dir='ltr'>aliud</span> <span class='ocrx_word' id='word_1_864' title='bbox 2268 2934 2340 2958; x_wconf 92' lang='lat' dir='ltr'>non</span> 
     </span>
     <span class='ocr_line' id='line_1_129' title="bbox 1394 2971 2338 3020; baseline -0.002 -10"><span class='ocrx_word' id='word_1_865' title='bbox 1394 2973 1442 3010; x_wconf 84' lang='lat' dir='ltr'>est</span> <span class='ocrx_word' id='word_1_866' title='bbox 1456 3001 1468 3017; x_wconf 91' lang='lat'>,</span> <span class='ocrx_word' id='word_1_867' title='bbox 1485 2985 1594 3020; x_wconf 86' lang='lat' dir='ltr'>quam</span> <span class='ocrx_word' id='word_1_868' title='bbox 1614 2975 1814 3019; x_wconf 82' lang='lat' dir='ltr'>negationis</span> <span class='ocrx_word' id='word_1_869' title='bbox 1829 2974 1977 3011; x_wconf 87' lang='lat' dir='ltr'>rationis</span> <span class='ocrx_word' id='word_1_870' title='bbox 1991 2998 2001 3013; x_wconf 92' lang='lat'>‚</span> <span class='ocrx_word' id='word_1_871' title='bbox 2026 2972 2121 3008; x_wconf 83' lang='lat' dir='ltr'>haud</span> <span class='ocrx_word' id='word_1_872' title='bbox 2150 2971 2254 3007; x_wconf 85' lang='lat' dir='ltr'>causa</span> <span class='ocrx_word' id='word_1_873' title='bbox 2269 2972 2338 3008; x_wconf 82' lang='lat' dir='ltr'>esse</span> 
     </span>
     <span class='ocr_line' id='line_1_130' title="bbox 1394 3020 2341 3072; baseline -0.002 -13"><span class='ocrx_word' id='word_1_874' title='bbox 1394 3025 1508 3072; x_wconf 86' lang='lat' dir='ltr'>potest</span> <span class='ocrx_word' id='word_1_875' title='bbox 1528 3026 1643 3070; x_wconf 68' lang='lat' dir='ltr'>gratie</span> <span class='ocrx_word' id='word_1_876' title='bbox 1655 3051 1666 3067; x_wconf 90' lang='lat'><em>,</em></span> <span class='ocrx_word' id='word_1_877' title='bbox 1681 3034 1742 3059; x_wconf 89' lang='lat' dir='ltr'>aut</span> <span class='ocrx_word' id='word_1_878' title='bbox 1755 3037 1773 3059; x_wconf 90' lang='lat' dir='ltr'>e</span> <span class='ocrx_word' id='word_1_879' title='bbox 1788 3020 1961 3059; x_wconf 85' lang='lat' dir='ltr'>converso</span> <span class='ocrx_word' id='word_1_880' title='bbox 1974 3047 1984 3058; x_wconf 84' lang='lat'><strong>.</strong></span> <span class='ocrx_word' id='word_1_881' title='bbox 2012 3023 2065 3058; x_wconf 90' lang='lat' dir='ltr'>Ut</span> <span class='ocrx_word' id='word_1_882' title='bbox 2081 3023 2173 3058; x_wconf 85' lang='lat' dir='ltr'>enim</span> <span class='ocrx_word' id='word_1_883' title='bbox 2188 3021 2257 3058; x_wconf 89' lang='lat' dir='ltr'>sola</span> <span class='ocrx_word' id='word_1_884' title='bbox 2274 3034 2341 3058; x_wconf 84' lang='lat' dir='ltr'>vo-</span> 
     </span>
     <span class='ocr_line' id='line_1_131' title="bbox 1395 3067 2345 3119; baseline -0.002 -9"><span class='ocrx_word' id='word_1_885' title='bbox 1395 3076 1516 3114; x_wconf 81' lang='lat' dir='ltr'>luntas</span> <span class='ocrx_word' id='word_1_886' title='bbox 1530 3074 1647 3109; x_wconf 76' lang='lat' dir='ltr'>divina</span> <span class='ocrx_word' id='word_1_887' title='bbox 1661 3087 1705 3109; x_wconf 76' lang='lat' dir='ltr'>eit</span> <span class='ocrx_word' id='word_1_888' title='bbox 1722 3072 1858 3119; x_wconf 85' lang='lat' dir='ltr'>justitia</span> <span class='ocrx_word' id='word_1_889' title='bbox 1884 3073 1983 3110; x_wconf 85' lang='lat' dir='ltr'>illam</span> <span class='ocrx_word' id='word_1_890' title='bbox 2007 3067 2218 3108; x_wconf 83' lang='lat' dir='ltr'>determinat</span> <span class='ocrx_word' id='word_1_891' title='bbox 2249 3075 2345 3110; x_wconf 87' lang='lat' dir='ltr'>obli-</span> 
     </span>
     <span class='ocr_line' id='line_1_132' title="bbox 1395 3123 2345 3171; baseline 0 -12"><span class='ocrx_word' id='word_1_892' title='bbox 1395 3126 1581 3171; x_wconf 82' lang='lat' dir='ltr'>gationem</span> <span class='ocrx_word' id='word_1_893' title='bbox 1611 3137 1622 3165; x_wconf 86' lang='lat'>3</span> <span class='ocrx_word' id='word_1_894' title='bbox 1659 3126 1706 3160; x_wconf 89' lang='lat' dir='ltr'>ita</span> <span class='ocrx_word' id='word_1_895' title='bbox 1735 3137 1779 3162; x_wconf 84' lang='lat' dir='ltr'>ex</span> <span class='ocrx_word' id='word_1_896' title='bbox 1804 3123 2044 3165; x_wconf 79' lang='lat' dir='ltr'>misericordia</span> <span class='ocrx_word' id='word_1_897' title='bbox 2065 3134 2136 3159; x_wconf 90' lang='lat' dir='ltr'>non</span> <span class='ocrx_word' id='word_1_898' title='bbox 2151 3124 2345 3171; x_wconf 85' lang='lat' dir='ltr'>obligatio·</span> 
     </span>
     <span class='ocr_line' id='line_1_133' title="bbox 1396 3187 1500 3212; baseline -0.01 0"><span class='ocrx_word' id='word_1_899' title='bbox 1396 3187 1475 3212; x_wconf 89' lang='lat' dir='ltr'>nem</span> <span class='ocrx_word' id='word_1_900' title='bbox 1492 3200 1500 3211; x_wconf 86' lang='lat'>.</span> 
     </span>
    </p>

    <p class='ocr_par' dir='ltr' id='par_1_18' title="bbox 1396 3224 2350 3473">
     <span class='ocr_line' id='line_1_134' title="bbox 1498 3224 2340 3270; baseline 0.001 -11"><span class='ocrx_word' id='word_1_901' title='bbox 1498 3225 1743 3260; x_wconf 85' lang='lat' dir='ltr'>Veruntamen</span> <span class='ocrx_word' id='word_1_902' title='bbox 1758 3225 1870 3270; x_wconf 86' lang='lat' dir='ltr'>gratia</span> <span class='ocrx_word' id='word_1_903' title='bbox 1889 3250 1901 3266; x_wconf 95' lang='lat'>‚</span> <span class='ocrx_word' id='word_1_904' title='bbox 1921 3224 1952 3258; x_wconf 81' lang='grc'>3(</span> <span class='ocrx_word' id='word_1_905' title='bbox 1971 3235 2042 3259; x_wconf 89' lang='lat' dir='ltr'>non</span> <span class='ocrx_word' id='word_1_906' title='bbox 2055 3224 2160 3269; x_wconf 82' lang='lat' dir='ltr'>culpa</span> <span class='ocrx_word' id='word_1_907' title='bbox 2176 3250 2189 3268; x_wconf 83' lang='lat'><em>‚</em></span> <span class='ocrx_word' id='word_1_908' title='bbox 2204 3235 2243 3260; x_wconf 88' lang='lat' dir='ltr'>ut</span> <span class='ocrx_word' id='word_1_909' title='bbox 2258 3225 2340 3261; x_wconf 87' lang='lat' dir='ltr'>sunt</span> 
     </span>
     <span class='ocr_line' id='line_1_135' title="bbox 1396 3272 2346 3323; baseline 0 -13"><span class='ocrx_word' id='word_1_910' title='bbox 1396 3273 1539 3320; x_wconf 65' lang='lat' dir='ltr'>objeela</span> <span class='ocrx_word' id='word_1_911' title='bbox 1559 3272 1766 3310; x_wconf 84' lang='lat' dir='ltr'>secundaria</span> <span class='ocrx_word' id='word_1_912' title='bbox 1783 3276 1906 3320; x_wconf 69' lang='lat' dir='ltr'>divine</span> <span class='ocrx_word' id='word_1_913' title='bbox 1923 3275 2122 3309; x_wconf 82' lang='lat' dir='ltr'>voluntatis</span> <span class='ocrx_word' id='word_1_914' title='bbox 2139 3300 2148 3315; x_wconf 94' lang='lat'><em>‚</em></span> <span class='ocrx_word' id='word_1_915' title='bbox 2165 3287 2272 3323; x_wconf 88' lang='lat' dir='ltr'>quem</span> <span class='ocrx_word' id='word_1_916' title='bbox 2286 3287 2346 3310; x_wconf 86' lang='lat' dir='ltr'>or·</span> 
     </span>
     <span class='ocr_line' id='line_1_136' title="bbox 1397 3322 2347 3370; baseline -0.001 -10"><span class='ocrx_word' id='word_1_917' title='bbox 1397 3326 1514 3360; x_wconf 89' lang='lat' dir='ltr'>dinem</span> <span class='ocrx_word' id='word_1_918' title='bbox 1539 3324 1668 3358; x_wconf 82' lang='lat' dir='ltr'>habent</span> <span class='ocrx_word' id='word_1_919' title='bbox 1697 3324 1740 3359; x_wconf 86' lang='lat' dir='ltr'>ad</span> <span class='ocrx_word' id='word_1_920' title='bbox 1768 3327 1921 3361; x_wconf 72' lang='lat' dir='ltr'>invicem</span> <span class='ocrx_word' id='word_1_921' title='bbox 1946 3325 1960 3363; x_wconf 70' lang='grc' dir='ltr'><strong><em>ἒ</em></strong></span> <span class='ocrx_word' id='word_1_922' title='bbox 2001 3322 2219 3370; x_wconf 85' lang='lat' dir='ltr'>Responsio:</span> <span class='ocrx_word' id='word_1_923' title='bbox 2244 3325 2347 3363; x_wconf 88' lang='lat' dir='ltr'>Ordo</span> 
     </span>
     <span class='ocr_line' id='line_1_137' title="bbox 1399 3373 2350 3421; baseline -0.002 -13"><span class='ocrx_word' id='word_1_924' title='bbox 1399 3387 1506 3421; x_wconf 73' lang='lat' dir='ltr'>quem</span> <span class='ocrx_word' id='word_1_925' title='bbox 1521 3373 1738 3420; x_wconf 76' lang='lat' dir='ltr'>presefetunt</span> <span class='ocrx_word' id='word_1_926' title='bbox 1757 3373 1902 3420; x_wconf 57' lang='lat' dir='ltr'>objeffta</span> <span class='ocrx_word' id='word_1_927' title='bbox 1922 3373 2128 3410; x_wconf 70' lang='lat' dir='ltr'>secundaria</span> <span class='ocrx_word' id='word_1_928' title='bbox 2146 3402 2156 3417; x_wconf 89' lang='lat'>‚</span> <span class='ocrx_word' id='word_1_929' title='bbox 2173 3386 2212 3412; x_wconf 92' lang='lat' dir='ltr'>ut</span> <span class='ocrx_word' id='word_1_930' title='bbox 2230 3377 2273 3411; x_wconf 85' lang='lat' dir='ltr'>ad</span> <span class='ocrx_word' id='word_1_931' title='bbox 2289 3377 2350 3411; x_wconf 90' lang='lat' dir='ltr'>di-</span> 
     </span>
     <span class='ocr_line' id='line_1_138' title="bbox 1402 3423 2348 3473; baseline 0.003 -13"><span class='ocrx_word' id='word_1_932' title='bbox 1402 3428 1519 3466; x_wconf 85' lang='lat' dir='ltr'>vinam</span> <span class='ocrx_word' id='word_1_933' title='bbox 1534 3435 1786 3473; x_wconf 74' lang='lat' dir='ltr'>comparantur</span> <span class='ocrx_word' id='word_1_934' title='bbox 1804 3426 2030 3462; x_wconf 71' lang='lat' dir='ltr'>voluntatem</span> <span class='ocrx_word' id='word_1_935' title='bbox 2045 3448 2058 3467; x_wconf 92' lang='lat'>,</span> <span class='ocrx_word' id='word_1_936' title='bbox 2074 3423 2123 3461; x_wconf 87' lang='lat' dir='ltr'>est</span> <span class='ocrx_word' id='word_1_937' title='bbox 2139 3426 2201 3463; x_wconf 85' lang='lat' dir='ltr'>iste</span> <span class='ocrx_word' id='word_1_938' title='bbox 2218 3455 2226 3463; x_wconf 92' lang='lat'><strong>.</strong></span> <span class='ocrx_word' id='word_1_939' title='bbox 2246 3428 2348 3466; x_wconf 82' lang='lat' dir='ltr'>Prius</span> 
     </span>
    </p>

    <p class='ocr_par' dir='ltr' id='par_1_19' title="bbox 2170 3478 2301 3513">
     <span class='ocr_line' id='line_1_139' title="bbox 2170 3478 2301 3513; baseline 0 -1"><span class='ocrx_word' id='word_1_940' title='bbox 2170 3478 2301 3513; x_wconf 82' lang='lat' dir='ltr'>volun·</span> 
     </span>
    </p>
   </div>
   <div class='ocr_carea' id='block_1_10' title="bbox 1404 3594 2354 3828">
    <p class='ocr_par' dir='ltr' id='par_1_20' title="bbox 1404 3594 2354 3754">
     <span class='ocr_line' id='line_1_140' title="bbox 1440 3594 2352 3633; baseline 0.003 -9"><span class='ocrx_word' id='word_1_941' title='bbox 1440 3596 1484 3629; x_wconf 83' lang='lat' dir='ltr'>(a)</span> <span class='ocrx_word' id='word_1_942' title='bbox 1527 3594 1620 3632; x_wconf 66' lang='lat' dir='ltr'>Negat</span> <span class='ocrx_word' id='word_1_943' title='bbox 1634 3595 1741 3624; x_wconf 61' lang='lat' dir='ltr'>Doum-</span> <span class='ocrx_word' id='word_1_944' title='bbox 1753 3594 1891 3633; x_wconf 72' lang='lat' dir='ltr'>physicam</span> <span class='ocrx_word' id='word_1_945' title='bbox 1906 3594 2097 3624; x_wconf 70' lang='lat' dir='ltr'>causalitatem</span> <span class='ocrx_word' id='word_1_946' title='bbox 2119 3595 2188 3626; x_wconf 83' lang='lat' dir='ltr'>inter</span> <span class='ocrx_word' id='word_1_947' title='bbox 2204 3596 2259 3626; x_wconf 73' lang='lat' dir='ltr'>hoec</span> <span class='ocrx_word' id='word_1_948' title='bbox 2271 3615 2282 3631; x_wconf 89' lang='lat'>‚</span> <span class='ocrx_word' id='word_1_949' title='bbox 2295 3607 2352 3628; x_wconf 79' lang='lat' dir='ltr'>nou</span> 
     </span>
     <span class='ocr_line' id='line_1_141' title="bbox 1404 3632 2352 3672; baseline 0.003 -10"><span class='ocrx_word' id='word_1_950' title='bbox 1404 3643 1475 3662; x_wconf 77' lang='lat' dir='ltr'>vero</span> <span class='ocrx_word' id='word_1_951' title='bbox 1489 3635 1625 3664; x_wconf 66' lang='lat' dir='ltr'>moralem</span> <span class='ocrx_word' id='word_1_952' title='bbox 1638 3653 1648 3664; x_wconf 88' lang='lat'>.</span> <span class='ocrx_word' id='word_1_953' title='bbox 1670 3634 1761 3672; x_wconf 70' lang='lat' dir='ltr'>Negat</span> <span class='ocrx_word' id='word_1_954' title='bbox 1784 3643 1851 3662; x_wconf 87' lang='lat' dir='ltr'>itetn</span> <span class='ocrx_word' id='word_1_955' title='bbox 1864 3632 2060 3663; x_wconf 74' lang='lat' dir='ltr'>causalitatem</span> <span class='ocrx_word' id='word_1_956' title='bbox 2081 3633 2252 3664; x_wconf 79' lang='lat' dir='ltr'>efficientem</span> <span class='ocrx_word' id='word_1_957' title='bbox 2264 3654 2274 3668; x_wconf 90' lang='lat'>‚</span> <span class='ocrx_word' id='word_1_958' title='bbox 2296 3645 2352 3665; x_wconf 85' lang='lat' dir='ltr'>non</span> 
     </span>
     <span class='ocr_line' id='line_1_142' title="bbox 1406 3672 2354 3710; baseline 0.004 -10"><span class='ocrx_word' id='word_1_959' title='bbox 1406 3682 1475 3702; x_wconf 85' lang='lat' dir='ltr'>vero</span> <span class='ocrx_word' id='word_1_960' title='bbox 1490 3672 1638 3702; x_wconf 75' lang='lat' dir='ltr'>formalem</span> <span class='ocrx_word' id='word_1_961' title='bbox 1648 3690 1658 3706; x_wconf 85' lang='lat'><strong>‚</strong></span> <span class='ocrx_word' id='word_1_962' title='bbox 1671 3682 1728 3710; x_wconf 88' lang='lat' dir='ltr'>quo</span> <span class='ocrx_word' id='word_1_963' title='bbox 1742 3673 1768 3700; x_wconf 85' lang='lat' dir='ltr'>in</span> <span class='ocrx_word' id='word_1_964' title='bbox 1779 3681 1878 3710; x_wconf 84' lang='lat' dir='ltr'>genere</span> <span class='ocrx_word' id='word_1_965' title='bbox 1890 3674 1980 3710; x_wconf 76' lang='lat' dir='ltr'>gratia</span> <span class='ocrx_word' id='word_1_966' title='bbox 1989 3674 2116 3702; x_wconf 80' lang='lat' dir='ltr'>animam</span> <span class='ocrx_word' id='word_1_967' title='bbox 2142 3673 2290 3703; x_wconf 61' lang='lat' dir='ltr'>innutrita:</span> <span class='ocrx_word' id='word_1_968' title='bbox 2303 3691 2312 3702; x_wconf 83' lang='lat'><strong>·</strong></span> <span class='ocrx_word' id='word_1_969' title='bbox 2326 3677 2354 3704; x_wconf 79' lang='lat'>&amp;</span> 
     </span>
     <span class='ocr_line' id='line_1_143' title="bbox 1406 3710 1636 3754; baseline 0.009 -17"><span class='ocrx_word' id='word_1_970' title='bbox 1406 3710 1610 3754; x_wconf 68' lang='lat' dir='ltr'>tulpampellit</span> <span class='ocrx_word' id='word_1_971' title='bbox 1627 3730 1636 3739; x_wconf 87' lang='lat'>.</span> 
     </span>
    </p>

    <p class='ocr_par' dir='ltr' id='par_1_21' title="bbox 1408 3747 2351 3828">
     <span class='ocr_line' id='line_1_144' title="bbox 1445 3747 2351 3788; baseline 0.009 -13"><span class='ocrx_word' id='word_1_972' title='bbox 1445 3751 1548 3778; x_wconf 72' lang='lat' dir='ltr'>Gratia</span> <span class='ocrx_word' id='word_1_973' title='bbox 1563 3768 1573 3783; x_wconf 91' lang='lat'>‚</span> <span class='ocrx_word' id='word_1_974' title='bbox 1588 3751 1615 3778; x_wconf 72' lang='grc' dir='ltr'>ὃ(</span> <span class='ocrx_word' id='word_1_975' title='bbox 1628 3749 1747 3788; x_wconf 80' lang='lat' dir='ltr'>privatio</span> <span class='ocrx_word' id='word_1_976' title='bbox 1759 3747 1844 3785; x_wconf 78' lang='lat' dir='ltr'>culpae</span> <span class='ocrx_word' id='word_1_977' title='bbox 1857 3757 1891 3778; x_wconf 84' lang='lat' dir='ltr'>ex</span> <span class='ocrx_word' id='word_1_978' title='bbox 1904 3757 1999 3779; x_wconf 68' lang='lat' dir='ltr'>natur-²</span> <span class='ocrx_word' id='word_1_979' title='bbox 2009 3751 2050 3780; x_wconf 81' lang='lat' dir='ltr'>rei</span> <span class='ocrx_word' id='word_1_980' title='bbox 2066 3749 2175 3780; x_wconf 86' lang='lat' dir='ltr'>nullum</span> <span class='ocrx_word' id='word_1_981' title='bbox 2193 3750 2287 3782; x_wconf 80' lang='lat' dir='ltr'>dicunt</span> <span class='ocrx_word' id='word_1_982' title='bbox 2304 3761 2351 3783; x_wconf 76' lang='grc' dir='ltr'>οτ-</span> 
     </span>
     <span class='ocr_line' id='line_1_145' title="bbox 1408 3787 2164 3828; baseline 0.003 -12"><span class='ocrx_word' id='word_1_983' title='bbox 1408 3787 1503 3817; x_wconf 86' lang='lat' dir='ltr'>diuetn</span> <span class='ocrx_word' id='word_1_984' title='bbox 1517 3800 1525 3821; x_wconf 67' lang='lat'>5</span> <span class='ocrx_word' id='word_1_985' title='bbox 1541 3797 1574 3817; x_wconf 83' lang='lat' dir='ltr'>eit</span> <span class='ocrx_word' id='word_1_986' title='bbox 1592 3790 1644 3816; x_wconf 77' lang='lat' dir='ltr'>Dei</span> <span class='ocrx_word' id='word_1_987' title='bbox 1661 3787 1804 3817; x_wconf 79' lang='lat' dir='ltr'>voluntate</span> <span class='ocrx_word' id='word_1_988' title='bbox 1816 3795 1889 3826; x_wconf 78' lang='lat' dir='ltr'>prius</span> <span class='ocrx_word' id='word_1_989' title='bbox 1902 3787 1993 3817; x_wconf 73' lang='lat' dir='ltr'>volita</span> <span class='ocrx_word' id='word_1_990' title='bbox 2006 3789 2043 3818; x_wconf 80' lang='lat' dir='ltr'>est</span> <span class='ocrx_word' id='word_1_991' title='bbox 2054 3790 2145 3828; x_wconf 79' lang='lat' dir='ltr'>gratia</span> <span class='ocrx_word' id='word_1_992' title='bbox 2155 3808 2164 3819; x_wconf 88' lang='lat'><strong><em>.</em></strong></span> 
     </span>
    </p>
   </div>
   <div class='ocr_carea' id='block_1_11' title="bbox 2364 1480 2602 1636">
    <p class='ocr_par' dir='ltr' id='par_1_22' title="bbox 2364 1480 2602 1636">
     <span class='ocr_line' id='line_1_146' title="bbox 2364 1480 2567 1520; baseline -0.005 -10"><span class='ocrx_word' id='word_1_993' title='bbox 2364 1480 2463 1510; x_wconf 79' lang='lat' dir='ltr'>Priora</span> <span class='ocrx_word' id='word_1_994' title='bbox 2484 1489 2567 1520; x_wconf 74' lang='lat' dir='ltr'>gene-</span> 
     </span>
     <span class='ocr_line' id='line_1_147' title="bbox 2364 1524 2602 1553; baseline 0 -5"><span class='ocrx_word' id='word_1_995' title='bbox 2364 1528 2475 1548; x_wconf 79' lang='lat' dir='ltr'>ratione</span> <span class='ocrx_word' id='word_1_996' title='bbox 2510 1524 2566 1553; x_wconf 73' lang='lat' dir='ltr'>iunt</span> <span class='ocrx_word' id='word_1_997' title='bbox 2600 1532 2602 1548; x_wconf 84' lang='lat' dir='ltr'>l</span> 
     </span>
     <span class='ocr_line' id='line_1_148' title="bbox 2364 1559 2519 1596; baseline 0 -11"><span class='ocrx_word' id='word_1_998' title='bbox 2364 1559 2519 1596; x_wconf 77' lang='lat' dir='ltr'>posteriora</span> 
     </span>
     <span class='ocr_line' id='line_1_149' title="bbox 2365 1596 2535 1636; baseline -0.006 -11"><span class='ocrx_word' id='word_1_999' title='bbox 2365 1596 2535 1636; x_wconf 63' lang='lat' dir='ltr'>perfestione</span> 
     </span>
    </p>
   </div>
   <div class='ocr_carea' id='block_1_12' title="bbox 2365 1885 2610 2114">
    <p class='ocr_par' dir='ltr' id='par_1_23' title="bbox 2365 1885 2610 2114">
     <span class='ocr_line' id='line_1_150' title="bbox 2365 1885 2606 1915; baseline -0.004 0"><span class='ocrx_word' id='word_1_1000' title='bbox 2365 1885 2477 1915; x_wconf 85' lang='lat' dir='ltr'>Totum</span> <span class='ocrx_word' id='word_1_1001' title='bbox 2499 1885 2570 1913; x_wconf 77' lang='lat' dir='ltr'>hune</span> <span class='ocrx_word' id='word_1_1002' title='bbox 2600 1895 2606 1914; x_wconf 91' lang='lat' dir='ltr'>i</span> 
     </span>
     <span class='ocr_line' id='line_1_151' title="bbox 2367 1923 2607 1960; baseline 0 -7"><span class='ocrx_word' id='word_1_1003' title='bbox 2367 1933 2475 1953; x_wconf 88' lang='lat' dir='ltr'>textum</span> <span class='ocrx_word' id='word_1_1004' title='bbox 2511 1923 2569 1960; x_wconf 84' lang='lat' dir='ltr'>opti</span> <span class='ocrx_word' id='word_1_1005' title='bbox 2590 1928 2607 1953; x_wconf 71' lang='lat' dir='ltr'>&#39;i</span> 
     </span>
     <span class='ocr_line' id='line_1_152' title="bbox 2369 1961 2608 1999; baseline 0.008 -9"><span class='ocrx_word' id='word_1_1006' title='bbox 2369 1973 2414 1990; x_wconf 85' lang='lat' dir='ltr'>nie</span> <span class='ocrx_word' id='word_1_1007' title='bbox 2438 1962 2571 1999; x_wconf 75' lang='lat' dir='ltr'>expendit</span> <span class='ocrx_word' id='word_1_1008' title='bbox 2600 1961 2608 1992; x_wconf 74' lang='lat' dir='ltr'>k</span> 
     </span>
     <span class='ocr_line' id='line_1_153' title="bbox 2370 1998 2606 2030; baseline -0.008 0"><span class='ocrx_word' id='word_1_1009' title='bbox 2370 2001 2497 2030; x_wconf 78' lang='lat' dir='ltr'>Mastrius</span> <span class='ocrx_word' id='word_1_1010' title='bbox 2508 2001 2571 2028; x_wconf 77' lang='lat' dir='ltr'>Sco.</span> <span class='ocrx_word' id='word_1_1011' title='bbox 2596 1998 2606 2029; x_wconf 57' lang='lat' dir='ltr'>&#39;r</span> 
     </span>
     <span class='ocr_line' id='line_1_154' title="bbox 2369 2040 2605 2076; baseline 0 -9"><span class='ocrx_word' id='word_1_1012' title='bbox 2369 2040 2430 2069; x_wconf 74' lang='lat' dir='ltr'>tilia</span> <span class='ocrx_word' id='word_1_1013' title='bbox 2444 2047 2500 2067; x_wconf 84' lang='lat' dir='ltr'>art.</span> <span class='ocrx_word' id='word_1_1014' title='bbox 2514 2047 2572 2076; x_wconf 60' lang='grc' dir='ltr'>ιφ</span> <span class='ocrx_word' id='word_1_1015' title='bbox 2596 2052 2605 2076; x_wconf 54' lang='lat'><em>5</em></span> 
     </span>
     <span class='ocr_line' id='line_1_155' title="bbox 2370 2077 2610 2114; baseline 0.008 -9"><span class='ocrx_word' id='word_1_1016' title='bbox 2370 2077 2571 2114; x_wconf 55' lang='lat' dir='ltr'>ndispueae)</span> <span class='ocrx_word' id='word_1_1017' title='bbox 2596 2085 2610 2107; x_wconf 69' lang='lat' dir='ltr'>a</span> 
     </span>
    </p>
   </div>
   <div class='ocr_carea' id='block_1_13' title="bbox 2363 2113 2611 2147">
    <p class='ocr_par' dir='ltr' id='par_1_24' title="bbox 2363 2113 2611 2147">
     <span class='ocr_line' id='line_1_156' title="bbox 2363 2113 2611 2147; baseline -0.004 -4"><span class='ocrx_word' id='word_1_1018' title='bbox 2363 2116 2571 2147; x_wconf 60' lang='lat' dir='ltr'>Iustitia-atione</span> <span class='ocrx_word' id='word_1_1019' title='bbox 2596 2113 2611 2143; x_wconf 67' lang='grc' dir='ltr'><strong>ὁ</strong></span> 
     </span>
    </p>
   </div>
   <div class='ocr_carea' id='block_1_14' title="bbox 2368 2148 2611 2234">
    <p class='ocr_par' dir='ltr' id='par_1_25' title="bbox 2368 2148 2611 2234">
     <span class='ocr_line' id='line_1_157' title="bbox 2369 2148 2611 2211; baseline 0.004 -30"><span class='ocrx_word' id='word_1_1020' title='bbox 2369 2148 2569 2196; x_wconf 61' lang='lat' dir='ltr'>25s22&#39;nnqul&amp;</span> <span class='ocrx_word' id='word_1_1021' title='bbox 2598 2150 2611 2211; x_wconf 43' lang='grc' dir='ltr'>’ἦ</span> 
     </span>
     <span class='ocr_line' id='line_1_158' title="bbox 2368 2192 2609 2234; baseline 0 -14"><span class='ocrx_word' id='word_1_1022' title='bbox 2368 2192 2524 2226; x_wconf 81' lang='lat' dir='ltr'>videndus,</span> <span class='ocrx_word' id='word_1_1023' title='bbox 2546 2227 2549 2230; x_wconf 66' lang='lat'>‚</span> <span class='ocrx_word' id='word_1_1024' title='bbox 2604 2220 2609 2234; x_wconf 43' lang='grc'>,</span> 
     </span>
    </p>
   </div>
   <div class='ocr_carea' id='block_1_15' title="bbox 2371 2339 2615 2563">
    <p class='ocr_par' dir='ltr' id='par_1_26' title="bbox 2371 2339 2615 2563">
     <span class='ocr_line' id='line_1_159' title="bbox 2602 2339 2607 2358; baseline 0 0"><span class='ocrx_word' id='word_1_1025' title='bbox 2602 2339 2607 2358; x_wconf 81' lang='lat' dir='ltr'>i</span> 
     </span>
     <span class='ocr_line' id='line_1_160' title="bbox 2423 2361 2613 2448; baseline 0.005 -41"><span class='ocrx_word' id='word_1_1026' title='bbox 2423 2380 2468 2407; x_wconf 79' lang='lat' dir='ltr'>An</span> <span class='ocrx_word' id='word_1_1027' title='bbox 2483 2379 2572 2416; x_wconf 73' lang='lat' dir='ltr'>gratia</span> <span class='ocrx_word' id='word_1_1028' title='bbox 2597 2361 2613 2448; x_wconf 60' lang='lat' dir='ltr'>t</span> 
     </span>
     <span class='ocr_line' id='line_1_161' title="bbox 2371 2416 2573 2456; baseline 0.01 -11"><span class='ocrx_word' id='word_1_1029' title='bbox 2371 2420 2459 2456; x_wconf 65' lang='lat' dir='ltr'>magis</span> <span class='ocrx_word' id='word_1_1030' title='bbox 2473 2416 2573 2447; x_wconf 80' lang='lat' dir='ltr'>inferat</span> 
     </span>
     <span class='ocr_line' id='line_1_162' title="bbox 2371 2453 2606 2485; baseline -0.013 0"><span class='ocrx_word' id='word_1_1031' title='bbox 2371 2456 2523 2485; x_wconf 81' lang='lat' dir='ltr'>carentiam</span> <span class='ocrx_word' id='word_1_1032' title='bbox 2603 2453 2606 2468; x_wconf 86' lang='lat'>¹</span> 
     </span>
     <span class='ocr_line' id='line_1_163' title="bbox 2372 2493 2615 2530; baseline -0.004 -8"><span class='ocrx_word' id='word_1_1033' title='bbox 2372 2493 2457 2530; x_wconf 79' lang='lat' dir='ltr'>ctilpae</span> <span class='ocrx_word' id='word_1_1034' title='bbox 2469 2513 2478 2527; x_wconf 91' lang='lat'>‚</span> <span class='ocrx_word' id='word_1_1035' title='bbox 2490 2503 2573 2530; x_wconf 76' lang='lat' dir='ltr'>quam</span> <span class='ocrx_word' id='word_1_1036' title='bbox 2601 2505 2615 2521; x_wconf 67' lang='lat' dir='ltr'>-n</span> 
     </span>
     <span class='ocr_line' id='line_1_164' title="bbox 2371 2532 2612 2563; baseline 0.008 -1"><span class='ocrx_word' id='word_1_1037' title='bbox 2371 2543 2388 2562; x_wconf 78' lang='lat' dir='ltr'>e</span> <span class='ocrx_word' id='word_1_1038' title='bbox 2399 2532 2532 2563; x_wconf 74' lang='lat' dir='ltr'>converso</span> <span class='ocrx_word' id='word_1_1039' title='bbox 2546 2551 2555 2563; x_wconf 80' lang='grc'>-</span> <span class='ocrx_word' id='word_1_1040' title='bbox 2604 2551 2612 2559; x_wconf 63' lang='grc' dir='ltr'>ι</span> 
     </span>
    </p>
   </div>
   <div class='ocr_carea' id='block_1_16' title="bbox 2436 2771 2496 2822">
    <p class='ocr_par' dir='ltr' id='par_1_27' title="bbox 2436 2771 2496 2822">
     <span class='ocr_line' id='line_1_165' title="bbox 2436 2771 2496 2822; baseline 0.1 -6"><span class='ocrx_word' id='word_1_1041' title='bbox 2436 2771 2496 2822; x_wconf 79' lang='lat'>(⁰)</span> 
     </span>
    </p>
   </div>
  </div>
 </body>
</html>
