2628 4011
36 1075 39 1088 ¹
89 1081 121 1110 4.
151 1070 214 1105 dist.
246 1080 293 1110 17..

35 1130 37 1146 t
89 1120 160 1148 ¹²·4·

83 1507 151 1542 Qua
174 1505 286 1534 ratione

82 1545 131 1573 lex
182 1552 288 1572 natura

83 1581 268 1613 immutabilis

81 1620 115 1649 fit
123 1639 133 1651 .

112 2063 213 2092 Sermo
244 2063 280 2094 de

76 2103 230 2131 mutatione
240 2102 280 2132 le.

74 2140 117 2179 gis
135 2141 280 2176 naturalis,

74 2187 211 2216 quatenus
224 2180 282 2210 haee

72 2216 118 2245 lex
146 2219 281 2255 applicat,

67 2254 137 2289 illis,
149 2266 210 2292 que
222 2257 282 2289 sunt

71 2295 200 2322 consona
223 2297 279 2337 legi

73 2334 191 2360 naturali
216 2335 278 2365 stri-

74 2370 117 2399 fle
136 2379 256 2411 acceptoe
268 2395 278 2405 .

72 2568 104 2596 4.
116 2559 177 2590 dist.
193 2571 277 2610 unq.

74 2606 103 2625 2.
116 2602 138 2629 ο.
153 2604 201 2629 De
213 2613 276 2641 pn-

73 2647 117 2664 mo
132 2640 239 2679 3.d1'st.3
247 2650 276 2676 7.

72 2684 104 2705 a,
116 2678 145 2705 8.

784 194 943 242 Tomus
966 195 1044 241 ΠΙ.
1063 199 1190 245 Part.
1207 199 1261 248 II.
1277 198 1471 274 Qaestio
1488 204 1650 253 XCIV.
1665 208 1759 257 Art.
1777 211 1832 255 V.

338 260 436 310 pium
452 260 542 305 ,esse
555 262 657 308 super
668 264 788 298 omnia
809 262 1030 311 diligendum
1049 290 1058 301 .
1081 267 1123 302 Et
1148 266 1269 305 rursus

341 312 436 348 τεξὶει
454 315 543 348 ratio
566 313 676 348 dietat
697 315 845 359 cuique,
858 316 1062 362 proximum
1076 317 1268 354 amandum

339 374 508 409 tanquam
527 362 687 414 seipsum
706 389 714 398 .
734 367 820 400 Haec
832 365 925 399 enim
940 363 988 400 est
1002 366 1182 403 conclusio
1194 371 1269 402 evi-

335 412 461 450 denter
478 413 571 452 illata
586 424 629 447 ex
646 415 708 449 illo
723 415 900 462 principio
912 442 922 456 ‚
937 414 1272 464 QuaecumquevA.

338 465 386 498 tir
401 461 590 508 utsaciant
605 463 700 499 vobis
717 465 868 501 homines
887 478 898 506 ;
922 465 973 514 ἐς·
987 477 1046 502 vos
1051 464 1168 512 facite
1182 468 1270 512 illis,

335 511 380 550 (θ’
392 524 468 559 quae
479 526 543 550 non
557 517 611 550 vis
623 514 786 558 tibifieri
802 543 810 556 ,
825 529 884 552 nec
901 518 1008 553 alteri
1014 516 1133 562 facias
1151 543 1159 552 .
1191 519 1272 555 Ma-

334 561 419 598 thaei
443 574 475 611 7.
503 565 660 602 Etinhir
684 565 818 602 duobus
841 571 1022 617 praeceptis
1034 570 1203 618 univers&
1218 570 1274 605 lex

331 613 463 661 pendet
476 613 521 652 (θ’
542 617 702 662 ‘Prosetae
717 644 725 653 .
753 617 900 653 Mathaei
917 645 926 655 .
953 619 1015 662 iz,
1043 621 1098 656 Ex
1114 623 1246 665 quibus
1261 646 1274 663 ‚

334 664 434 709 quast
449 677 494 700 ex
512 666 680 713 praclicis
695 669 878 717 principiis
892 695 903 710 ,
934 671 1001 705 alia
1015 669 1172 717 praetica
1189 683 1276 707 con·

336 713 536 762 sequuntur
552 717 681 753 tradita
695 721 727 753 in
746 718 945 764 Scripturis
961 720 1105 755 honesta
1118 723 1151 757 8(
1166 724 1275 757 ratio-

334 767 372 800 ni
388 766 542 802 consona
559 795 570 810 ,
595 769 726 812 adeout
750 771 783 811 in
808 771 975 811 omnibus-
1002 772 1139 807 eluceat
1162 772 1274 807 veluti

334 816 500 863 quaedam
520 816 716 866 explicatio
743 820 831 865 legis
859 832 993 857 naturae
1008 846 1018 862 ,
1040 832 1122 867 quae
1138 821 1276 871 firipta

333 867 430 914 estin
444 869 604 909 cordibus
621 868 742 916 nostris
754 895 767 913 ‚
792 871 834 906 ad
854 873 961 907 Rom-
975 882 1010 907 2.
1027 872 1063 907 &
1093 884 1273 920 propterea

333 918 369 952 in
387 918 465 964 lege
476 920 594 955 dit-ina
609 919 760 968 politii-a
787 924 897 957 multa
919 922 1101 957 adduntur
1126 924 1195 971 legi
1211 937 1273 959 na-

331 979 421 1004 tura:
439 970 482 1006 ad
497 970 576 1018 ejus
608 972 800 1018 pleniorem
827 973 1099 1019 explicationem
1116 1000 1125 1014 ,
1152 975 1186 1010 &
1202 976 1272 1010 uti·

329 1018 468 1057 litatem
483 1034 607 1059 eorum
624 1049 633 1062 ‚
647 1023 873 1068 quibusdam
887 1023 962 1058 sunt
982 1049 990 1057 .
1004 1023 1061 1060 Ad
1077 1024 1148 1059 haec
1163 1025 1271 1061 etiam

328 1071 422 1106 ultra
434 1074 501 1121 Jus
518 1069 710 1120 positivum
722 1073 1002 1120 divinum‚quod
1013 1075 1221 1111 continetur
1237 1076 1273 1111 in

329 1121 437 1159 Sacra
453 1125 640 1172 Scriptura
660 1152 671 1168 ‚
696 1123 846 1159 Ecclefia
868 1123 991 1159 statuit
1011 1126 1121 1158 multa
1135 1137 1214 1160 turn
1229 1125 1272 1160 ad

326 1171 600 1211 declarationem
615 1175 709 1211 illius
724 1201 733 1214 ‚
747 1184 825 1209 tum
846 1184 990 1221 propter
1002 1173 1270 1210 observantiam

324 1222 565 1261 honestiorem
584 1227 617 1259 in
630 1224 848 1264 moribus&
863 1227 910 1259 ob
925 1223 1094 1270 majorem
1110 1237 1273 1260 reveren·

325 1275 414 1311 tiam
431 1277 464 1311 in
477 1275 708 1324 suscipiendis
721 1303 731 1318 ,
750 1275 781 1310 8(
799 1273 1039 1322 dispensandis
1062 1277 1270 1312 Sacramen-

325 1327 374 1362 tis
392 1353 401 1362 .
432 1327 559 1373 ltaque
583 1328 639 1362 lex
658 1338 791 1363 naturae
808 1326 851 1360 de
880 1325 973 1361 fac-ko
1002 1329 1270 1361 mutationem„

325 1375 435 1414 subiit
466 1389 512 1413 ex
535 1378 657 1413 multis
679 1378 729 1412 illi
760 1375 1024 1424 superadditis3
1054 1388 1178 1412 verum
1209 1377 1270 1411 tali

323 1428 524 1464 mutatione
539 1429 641 1474 longe
656 1427 846 1476 perfeettor
860 1427 969 1462 evafit
984 1453 996 1474 ‚
1013 1440 1053 1462 ac
1079 1427 1186 1463 fuerit
1209 1439 1271 1462 an-

325 1488 382 1513 tea
395 1505 407 1521 ,
426 1490 466 1514 ut
483 1480 594 1526 liquet
613 1507 624 1514 .

410 1529 544 1577 Quoad
561 1529 796 1564 mutationem
816 1540 902 1564 vero
915 1541 974 1577 per
987 1526 1265 1565 subtrastionem

326 1590 588 1627 praeceptorum
605 1577 685 1625 ejus
699 1579 889 1614 dicendum
911 1608 919 1620 ,
937 1591 1116 1626 quatenus
1130 1581 1184 1614 lex
1197 1580 1260 1616 ista

324 1641 461 1666 naturae
475 1630 727 1678 compteffimr
740 1632 911 1676 principia
940 1630 1094 1674 pmffica
1125 1642 1170 1665 ex
1195 1642 1268 1667 ter-

322 1682 427 1717 minis
441 1691 525 1716 nota
543 1708 553 1722 ‚
573 1692 612 1715 ac
629 1680 874 1715 conclusiones
889 1681 1074 1717 evidenter
1089 1693 1133 1716 et<
1151 1682 1202 1717 eis
1217 1681 1267 1717 se-

321 1741 476 1777 quentes
494 1757 502 1768 .
518 1730 625 1778 ipsam
640 1731 683 1764 ita
701 1741 881 1776 acceptam
899 1733 967 1766 hoc
993 1743 1121 1775 genere
1149 1734 1267 1766 varia·

322 1782 432 1818 tionis
445 1779 513 1816 effe
530 1781 788 1817 immutabilem
805 1806 813 1814 .
842 1778 936 1816 Nam
962 1781 1139 1826 ejusmodi
1166 1783 1266 1825 prin-

323 1833 412 1878 cipia
431 1860 441 1875 ‚
470 1832 761 1869 &conclufiones
786 1829 867 1866 sunt
882 1843 1018 1867 aeternae
1044 1844 1084 1866 ac
1110 1834 1265 1866 invaria-

323 1882 406 1919 bilis
422 1883 604 1923 veritatis,
628 1881 829 1928 cujusmodi
843 1881 922 1918 sunt
942 1893 1116 1927 precepta
1146 1883 1265 1928 primae

322 1934 453 1969 tabulce
475 1945 576 1979 ,quae
589 1933 738 1980 proinde
754 1931 831 1968 sunt
847 1931 1130 1981 indispensabilia
1157 1934 1191 1969 8(
1209 1945 1267 1981 pe-

324 1986 426 2020 nitus
441 1984 678 2022 immutabilia
697 2009 706 2018 .

426 2035 478 2070 At
492 2035 561 2069 alia
577 2033 626 2070 est
644 2035 734 2069 tatio
751 2033 794 2069 de
810 2034 878 2070 illis
894 2061 903 2074 ‚
916 2034 958 2070 ad
972 2035 1118 2081 quaelex
1132 2046 1268 2071 naturae

323 2084 530 2121 extenditur
544 2108 556 2127 ‚
572 2096 615 2120 eo
628 2084 724 2133 quod
742 2085 780 2119 fit
804 2084 959 2120 consona
983 2086 1106 2131 primis
1137 2084 1269 2132 princi-

325 2136 394 2181 piis
412 2163 425 2184 ,
445 2146 486 2170 ac
498 2145 627 2171 eorum
641 2136 934 2172 conclufionibus
950 2150 962 2177 3
984 2136 1045 2172 etii
1063 2148 1134 2171 non
1148 2134 1268 2170 neces-

323 2186 416 2223 sario
431 2185 654 2223 deducantur
667 2198 712 2222 ex
725 2187 774 2223 eis
799 2212 808 2222 .
840 2189 982 2223 Horum
1001 2187 1094 2222 enim
1123 2197 1193 2221 non
1218 2185 1267 2222 est

325 2238 373 2273 ita
420 2237 642 2273 invariabilis
687 2249 728 2273 ac
767 2237 1001 2273 immutabilis
1046 2238 1226 2273 connexio
1254 2261 1268 2280 ,

324 2299 362 2323 ut
394 2287 474 2336 ipfis
499 2297 673 2335 repugnet
696 2300 937 2337 quaecumque
976 2288 1129 2322 mutatio
1154 2301 1166 2326 ;
1195 2288 1267 2321 imo

321 2340 407 2387 quia
424 2336 603 2383 ejusmodi
615 2335 696 2374 sunt
710 2340 881 2384 pleraque
897 2348 1075 2386 praecepta
1105 2335 1267 2372 secundae

320 2389 450 2424 tabulae
466 2411 479 2430 ‚
496 2397 687 2435 propterea
705 2387 908 2427 dispensare
925 2386 1028 2435 super
1040 2388 1089 2423 eis
1108 2386 1268 2433 Legisla-

319 2450 379 2475 tor
395 2437 510 2486 potest
529 2452 541 2479 ;
566 2439 598 2474 8<
627 2437 864 2486 dispensatum
881 2436 980 2474 fuisse
1005 2440 1039 2473 in
1054 2438 1158 2473 certis
1183 2437 1269 2473 cast-

319 2491 388 2528 bus
401 2489 647 2537 explicabitur
660 2491 751 2527 infra
765 2503 800 2538 q.
824 2503 903 2526 too.
917 2498 989 2525 art·
1012 2491 1045 2525 8.

420 2542 592 2581 Amplius
607 2543 710 2577 etiam
723 2540 804 2587 jure
818 2542 974 2589 positivo
986 2541 1147 2577 humano
1159 2537 1263 2574 dero-

319 2591 396 2636 gari
421 2591 535 2636 potest
553 2592 622 2636 legi
653 2594 830 2633 naturali,
857 2592 902 2627 stc
920 2602 960 2628 ut
978 2591 1076 2638 quod
1096 2590 1189 2626 recta
1208 2602 1265 2624 ra-

319 2643 370 2676 tio
385 2642 470 2677 olim
484 2642 641 2677 dictabat
659 2642 735 2678 fieri
748 2653 918 2688 oportere
933 2669 941 2682 ,
973 2644 1016 2678 de
1035 2641 1195 2687 ejusdem
1210 2653 1265 2676 re-

322 2690 386 2727 &ae
404 2694 552 2728 rationis
569 2691 660 2727 diekt
674 2695 764 2729 mine
783 2719 791 2730 .
806 2693 959 2741 Γρεέὶεῑει
977 2691 1263 2728 circumstantia-

321 2755 399 2778 rum
414 2744 610 2779 variatione
622 2769 632 2783 ‚
647 2746 747 2779 aliter
762 2743 973 2790 disponatur
987 2772 995 2780 .
1027 2745 1069 2779 Et
1086 2745 1133 2778 ita
1158 2752 1264 2778 natu-

319 2804 364 2828 1·ae
392 2796 511 2829 lumen
534 2794 570 2828 in
590 2796 755 2841 prim-‘eva
778 2793 829 2830 sui
851 2795 1074 2830 institutione
1100 2792 1259 2829 distabat

318 2844 410 2879 inter
427 2844 593 2881 homines
603 2847 722 2881 omnia
734 2843 802 2881 effe
815 2846 1035 2885 communia,
1052 2855 1116 2880 nec
1130 2856 1262 2890 quem·

317 2906 390 2941 que
405 2895 535 2932 debete
548 2895 750 2943 quidquam
768 2908 814 2932 ex
828 2896 878 2932 eis
893 2897 954 2932 sibi
969 2896 1154 2943 proprium
1170 2895 1263 2930 face-

320 2956 356 2979 re
388 2945 431 2980 ad
456 2947 607 2984 aliorum
631 2947 898 2989 exclufioncm3
925 2959 999 2996 qua
1025 2945 1261 2981 nihilominus

318 3007 445 3031 natura
496 2999 541 3033 ab
589 2998 792 3034 innocentia
841 2997 1089 3037 excidente,ad
1137 3009 1261 3044 pacem

318 3043 526 3083 servandam
544 3048 746 3085 introlue'ta
768 3047 817 3084 est
838 3061 900 3095 per
928 3051 1040 3094 legem
1065 3047 1260 3083 humanam

316 3095 441 3131 divilio
455 3109 571 3134 return
586 3124 594 3138 ‚
608 3099 641 3137 8(
661 3097 907 3146 possessionum
928 3129 937 3137 .
960 3101 1000 3136 Et
1015 3099 1171 3143 primum
1200 3100 1263 3134 de·-

316 3147 496 3183 claratur.
526 3151 620 3185 Nam
646 3149 730 3185 usus
759 3161 876 3184 rerum
904 3148 1099 3185 secundum
1127 3149 1259 3185 tetstam

313 3198 489 3234 rationem
515 3199 560 3234 stc
582 3198 688 3235 debet
714 3210 917 3245 competere
945 3199 1154 3234 hominibus
1171 3227 1182 3241 ‚
1209 3201 1263 3235 uti

317 3247 511 3285 consonum
525 3249 572 3286 est
589 3249 748 3294 pacifice
761 3250 1025 3286 conversationi
1050 3260 1175 3285 eorum
1192 3277 1202 3292 ,
1224 3252 1259 3288 8(

318 3298 482 3333 neceffari
495 3312 513 3334 ε
527 3298 704 3346 cujusque
723 3299 996 3336 substentttioni
1013 3328 1020 3335 .
1042 3299 1077 3333 'n
1095 3298 1186 3335 statu
1199 3313 1258 3336 au-

319 3356 390 3381 tem
407 3348 615 3387 innocentiae
632 3351 838 3388 communis
864 3363 981 3386 rerum
1013 3351 1098 3386 usus
1119 3350 1188 3385 stne
1205 3351 1260 3385 di-

317 3394 502 3433 stinffione
533 3399 776 3437 dominiorum
816 3400 858 3435 ad
883 3412 1078 3447 utrumque
1111 3400 1260 3439 istorum

318 3449 576 3492 congruentius
590 3451 815 3486 conducebat
836 3453 946 3497 3quia
961 3453 1080 3487 nullus
1095 3461 1184 3486 tunc
1197 3464 1259 3487 oc-

318 3494 477 3545 cupasset
499 3524 507 3538 ‚
530 3499 629 3542 quod
646 3501 742 3536 alteri
760 3501 875 3537 fuisset
905 3501 1135 3536 necessarium
1150 3527 1161 3542 ,
1191 3514 1255 3540 nec

316 3546 530 3594 oportuisset
549 3547 635 3584 illud
653 3551 784 3598 abipso
809 3565 870 3600 per
902 3553 1112 3587 violentiam
1140 3563 1258 3589 extor-

316 3598 418 3644 queri
439 3610 449 3637 ;
478 3596 534 3632 sed
559 3601 710 3649 quilibet
730 3629 740 3644 ,
771 3602 869 3647 quod
898 3605 1013 3648 primo
1048 3601 1257 3638 occurriiset

317 3649 547 3683 necessatium
564 3677 573 3692 ‚
592 3651 726 3698 oppido
742 3652 943 3698 occupall'et
963 3653 1005 3687 ad
1023 3651 1255 3689 necessarium

316 3699 419 3733 usum
435 3723 442 3732 .
458 3699 516 3734 Sic
527 3702 635 3735 ctiam
654 3703 768 3746 magis
785 3702 898 3738 fuisset
915 3702 1120 3739 sufficienti>L
1136 3703 1177 3738 ad
1204 3705 1258 3739 vi-

319 3759 363 3785 tcc
382 3748 670 3786 sustentationem
691 3777 698 3789 ,
714 3765 821 3798 quam
837 3753 857 3787 st
885 3754 991 3788 alicui
1023 3753 1257 3800 praecludetc-

314 3798 466 3836 turusus
493 3802 537 3834 rei
564 3800 717 3847 alicujus
747 3814 807 3850 per
830 3805 1151 3851 appropriationem
1179 3804 1258 3851 ejus

316 3850 383 3886 fa&
399 3863 442 3883 :tu
466 3849 523 3882 alt⁴
542 3852 563 3883 ri
581 3877 591 3887 .

417 3899 485 3934 sont
503 3929 507 3933 .
532 3900 598 3936 fl!-

2115 219 2143 274 ,3
2155 229 2221 277 47

1456 274 1701 310 Veruntamen
1715 288 1773 323 per
1789 286 1975 323 peccatum
1999 291 2124 317 natura
2145 284 2241 319 versa
2255 285 2292 320 in

1354 325 1515 366 deterius
1532 351 1542 366 ,
1560 325 1593 360 8(
1607 326 1897 372 concupiscentia
1920 332 2131 374 praevalente
2149 359 2159 374 ,
2184 346 2291 370 natu-

1353 378 1424 413 rale
1442 387 1659 423 praeceptum
1671 375 1714 411 de
1727 376 1892 412 habendo
1911 381 2031 414 omnia
2059 387 2262 421 communia
2279 413 2291 428 ,

1353 427 1488 463 utiliter
1503 436 1712 461 revocatum
1732 425 1797 462 suit
1815 455 1825 469 ,
1844 429 2046 465 introitu&
2059 443 2173 468 rerum
2197 436 2293 472 divi,

1351 477 1461 519 stone,
1478 477 1511 516 8<
1528 475 1768 513 dominiorum
1786 477 1989 515 diversitate
2001 504 2011 514 .
2029 481 2212 529 Siquidem
2230 489 2293 523 tali

1351 530 1387 564 in
1402 528 1493 563 statu
1507 529 1749 564 communitas
1763 530 1923 566 omnium
1939 542 2058 567 rerum
2071 533 2152 568 et‘set
2165 546 2290 573 contra

1350 576 1536 628 pacifictm
1554 577 1860 615 conversationem
1879 593 1890 620 ;
1916 591 1997 616 cum
2015 585 2126 619 mnus
2139 610 2151 626 ,
2178 588 2211 622 8<
2229 599 2289 624 cu,

1351 629 1459 677 pidus
1470 637 1662 673 occuparet
1680 629 1771 665 ultra
1789 642 1827 665 ea
1845 656 1856 672 ‚
1870 642 1920 677 qu
1933 643 1950 664 t:
1966 633 2079 669 forent
2095 634 2156 669 libi
2171 638 2291 673 neces.

1351 679 1439 715 saria
1452 705 1466 721 ‚
1480 678 1589 728 idque
1605 677 1789 715 inferendo
1801 682 2009 717 violentiam
2023 685 2097 719 aliis
2110 711 2119 726 ‚
2136 688 2199 731 qui
2214 690 2290 724 vel-

1353 731 1426 772 lent
1441 729 1560 767 secum
1575 726 1701 765 eisdem
1715 733 1884 767 omnibus
1896 731 1940 766 ad
1971 734 2205 771 necessitatem
2221 737 2288 775 uti.

1351 780 1506 822 Cederet
1522 779 1627 815 etiam
1644 780 1678 814 id
1696 782 1730 817 in
1743 780 1999 820 detrimentum
2017 785 2214 822 neceii'ariae
2232 788 2289 823 su-

1349 831 1594 873 stentationis,
1620 831 1764 877 eoquod
1789 831 1952 870 fortiores
1981 859 1991 875 ,
2019 835 2054 871 &
2075 836 2289 875 audaciores

1347 884 1530 934 privarent
1544 881 1633 915 alios
1661 881 1881 924 imbecilleS,
1910 884 1943 919 8(
1964 886 2183 932 lmpotentes
2213 890 2255 925 iis
2274 917 2286 934 ,

1348 944 1428 979 quae
1445 932 1523 967 sunt
1540 932 1592 971 eis
1609 930 1651 964 ad
1664 931 1773 966 vitam
1789 932 1978 970 necessaria
1994 961 2002 969 .
2032 939 2214 989 Qoniam
2232 951 2288 975 er-

1344 994 1393 1028 go
1407 981 1484 1017 brec
1516 992 1632 1015 retum
1663 980 1789 1017 divisio
1817 983 2019 1020 introducta
2034 998 2104 1022 non
2125 989 2174 1024 est
2195 991 2288 1027 inter

1344 1033 1509 1068 homines
1525 1032 1602 1075 lege
1619 1030 1689 1065 ulla
1702 1031 1887 1073 divina‚ex
1898 1032 2094 1085 dist.8.cap.
2117 1041 2212 1076 t.ubi
2224 1041 2286 1076 ad-

1344 1083 1491 1123 ducitur
1508 1079 1734 1127 Augustinus
1756 1083 1872 1119 Traff.
1887 1084 1921 1119 6.
1937 1087 1973 1120 in
1992 1085 2096 1133 Joan.
2111 1102 2176 1125 nec
2203 1090 2285 1137 jure

1344 1133 1500 1170 naturali
1516 1146 1528 1173 ;
1553 1132 1639 1180 quia
1659 1143 1728 1167 non
1746 1145 1891 1181 apparet
1908 1145 1979 1184 qua
2009 1138 2143 1174 ratione
2157 1152 2285 1178 natura

1340 1184 1555 1225 determinet
1578 1182 1621 1217 ad
1646 1183 1835 1230 oppofita,
1859 1184 1931 1230 ipsa
1956 1196 2077 1222 autern
2099 1188 2214 1227 statim
2243 1205 2285 1228 ac

1342 1234 1501 1272 instituta
1529 1233 1595 1270 fuit
1611 1260 1623 1277 ,
1646 1231 1908 1271 determinabat
1934 1237 2055 1271 omnia
2077 1239 2144 1275 effe
2156 1240 2285 1280 debere

1340 1285 1511 1322 omnibus
1528 1285 1763 1326 communia3
1787 1296 1873 1331 ergo
1889 1285 1983 1323 faeta
2006 1285 2055 1323 est
2079 1289 2206 1329 divisio
2232 1306 2285 1329 re.

1340 1349 1418 1374 rum
1438 1337 1470 1372 8<
1486 1335 1644 1371 dominia
1662 1333 1825 1371 distineta
1840 1334 2013 1383 suntjure
2037 1339 2192 1385 positivo
2215 1342 2287 1379 hu-

1340 1400 1469 1428 mano,
1489 1386 1524 1422 8(
1544 1385 1577 1422 id
1592 1387 1666 1421 vult
1688 1385 1845 1431 August.
1871 1388 1952 1422 loco
1972 1390 2031 1424 cit,
2108 1402 2151 1424 uo
2171 1391 2258 1439 jare
2272 1423 2286 1438 ,

1338 1439 1507 1486 inquiens
1524 1464 1534 1477 ‚
1561 1436 1719 1480 defendis
1744 1436 1849 1471 villas
1878 1437 2030 1482 Fccleft'ae
2046 1467 2056 1481 ‚
2085 1442 2208 1479 diemo
2237 1457 2285 1481 am

1335 1490 1485 1525 humano
1500 1487 1512 1522 ἒ
1527 1486 1630 1522 vnde
1642 1486 1827 1536 quislquam
1839 1486 1978 1533 possidet
2005 1491 2097 1537 quod
2116 1491 2259 1540 paffldet
2271 1523 2284 1539 ‚

1335 1552 1445 1577 nonne
1463 1539 1614 1574 hamana
1628 1538 1838 1575 voluntate?
1863 1538 2037 1586 namjure
2069 1541 2191 1579 divino
2211 1547 2284 1582 Do.

1336 1591 1426 1626 mani
1436 1589 1490 1624 eff
1499 1598 1599 1624 terra
1614 1588 1657 1626 &¹
1669 1587 1851 1635 plenitudo
1865 1588 1938 1634 ejus
1955 1611 1965 1620 ·
1991 1590 2089 1638 Jure
2114 1606 2196 1640 ergo
2215 1595 2284 1631 hu-

1335 1652 1434 1677 mano
1461 1640 1623 1679 dicitur,
1650 1639 1720 1674 ὑπο
1742 1637 1862 1674 domus
1888 1652 1964 1675 mea
1986 1640 2063 1684 eff,
2091 1643 2164 1680 haec
2195 1646 2284 1683 villa

1336 1691 1470 1742 meaesl
1484 1717 1492 1731 ‚
1521 1687 1712 1734 hicfervur
1729 1701 1822 1725 meus
1843 1689 1909 1736 est.
1935 1691 2074 1738 Aliqua
2097 1705 2186 1740 ergo
2201 1696 2282 1740 lege

1336 1743 1485 1788 positiva
1501 1739 1589 1773 faeta
1616 1739 1665 1775 est
1684 1767 1694 1783 ,
1718 1741 1828 1786 prim-1
1850 1740 1977 1775 divisio
2006 1742 2251 1782 dominiorum
2268 1773 2281 1789 ,

1336 1791 1393 1827 sen
1433 1791 1490 1827 illa
1516 1789 1621 1824 fuerit
1643 1801 1785 1836 paterna
1827 1789 1988 1837 respectu
2017 1793 2175 1830 filiorum
2195 1823 2203 1837 ‚
2223 1797 2284 1832 seu.

1335 1842 1480 1888 publiea
1507 1865 1519 1880 ,
1553 1841 1586 1875 ἃ
1616 1840 1762 1886 politica
1787 1839 2072 1880 Communitatts
2101 1848 2155 1881 vel
2184 1848 2283 1882 Prin-

1336 1894 1428 1940 cipis
1445 1888 1552 1934 cujus
1572 1890 1736 1935 regimini
1755 1888 1785 1924 se
1800 1891 1856 1924 alii
1885 1890 2007 1935 sponte
2041 1894 2284 1940 subjecerunt,

1337 1953 1377 1979 ut
1395 1946 1429 1977 in
1442 1952 1485 1976 eo
1497 1941 1589 1986 jutia
1603 1942 1762 1985 regentis
1776 1940 1968 1980 austoritas
1987 1945 2154 1981 resideret
2172 1973 2180 1981 .

1439 1992 1495 2029 Ad
1513 2003 1723 2037 argumenta
1738 2019 1745 2026 .
1780 1991 1838 2026 Ad
1856 1994 2013 2039 primum
2035 1994 2284 2043 respondetur,

1339 2042 1512 2090 quoniam
1540 2054 1637 2079 mors
1663 2041 1711 2078 est
1738 2040 1878 2089 sequela
1911 2046 2046 2091 peccati
2067 2049 2257 2092 originalis
2274 2076 2285 2090 ‚

1340 2106 1413 2141 qua
1429 2105 1529 2139 poena
1544 2094 1753 2139 plectuntur
1773 2094 1917 2139 perinde
1933 2106 2104 2132 nocentes
2134 2097 2166 2132 8(
2184 2100 2286 2134 inno-

1337 2154 1458 2180 centes
1476 2171 1486 2186 ,
1501 2144 1588 2178 citra
1605 2155 1746 2178 omnem
1763 2142 1973 2189 injustitiam
1991 2172 2001 2187 ‚
2026 2158 2068 2181 ex
2088 2147 2157 2186 D:i
2187 2162 2287 2185 man-

1337 2195 1424 2230 dato
1440 2195 1555 2238 infligi
1573 2193 1686 2241 potest
1709 2195 1930 2241 cuicumque
1955 2194 2122 2234 homini.
2151 2200 2288 2236 Simili-

1337 2257 1392 2281 ter
1408 2244 1628 2283 adulterium
1642 2245 1691 2281 est
1709 2247 1929 2281 concubitus
1946 2257 2028 2284 cum
2044 2260 2159 2286 uxore
2177 2252 2288 2287 aliena

1336 2307 1409 2342 que
1424 2295 1572 2341 quidem
1590 2308 1636 2330 ex
1665 2297 1743 2338 lege
1773 2298 1863 2337 Dei,
1893 2298 1941 2334 est
1969 2298 2072 2334 alteri
2093 2303 2287 2345 copulata,

1337 2345 1489 2392 ejusque
1502 2344 1643 2391 conjux
1663 2344 1787 2382 effecta
1805 2359 1816 2387 3
1833 2359 1944 2392 quare
1957 2348 2000 2382 ad
2015 2361 2285 2399 quamcumque

1340 2397 1526 2431 mulierem
1541 2395 1708 2430 accedere
1725 2407 1768 2431 ex
1797 2399 1963 2433 mandato
1975 2398 2100 2435 divino
2118 2428 2126 2442 ‚
2152 2415 2222 2439 non
2236 2404 2286 2440 est

1338 2447 1560 2482 adulterium
1578 2473 1588 2487 ,
1610 2456 1674 2481 nec
1692 2445 1886 2482 fornicatio
1901 2473 1912 2485 .
1940 2451 2065 2494 Atque
2093 2453 2213 2489 eadem
2234 2455 2284 2490 est

1337 2498 1430 2533 ratio
1444 2497 1487 2532 de
1507 2495 1602 2532 furto
1618 2497 1737 2542 ,quod
1754 2497 1802 2533 est
1820 2501 1984 2545 acceptio
2007 2503 2054 2536 rei
2069 2503 2181 2543 aliene
2195 2506 2284 2540 invi.

1335 2559 1371 2584 to
1387 2547 1533 2583 domino
1552 2573 1560 2581 .
1577 2547 1678 2591 Quid
1692 2548 1779 2593 quid
1802 2549 1895 2583 enin-t
1926 2551 2057 2597 accipit
2082 2546 2214 2600 aliquis
2238 2568 2283 2592 ex

1336 2598 1506 2635 mandato
1543 2599 1636 2638 Dei,
1662 2598 1787 2644 quiest
1817 2599 1983 2634 dominus
2006 2603 2254 2641 univeriorum
2273 2632 2283 2648 ,

1335 2662 1407 2686 non
1423 2650 1554 2696 accipit
1569 2648 1703 2696 absque
1721 2650 1907 2685 voluntate
1929 2650 2095 2696 domini,
2120 2657 2219 2703 quod
2232 2658 2279 2694 est

1340 2698 1449 2737 furari
1469 2726 1477 2732 .

1410 2753 1492 2788 Nos
1504 2750 1744 2796 approbamus
1758 2749 1850 2785 hanc
1865 2750 2281 2796 solutionem‚addentes.

1333 2803 1504 2851 pleraque
1519 2811 1769 2847 preceptorum
1801 2801 1952 2848 secunde
1966 2807 2088 2841 tabule
2102 2833 2113 2849 ,
2138 2810 2281 2854 eoquod

1335 2865 1405 2889 non
1420 2852 1483 2887 stnt
1500 2851 1674 2899 principia
1696 2862 1778 2885 nota
1798 2855 2013 2889 extettuinis
2031 2883 2042 2898 ‚
2059 2869 2121 2893 nec
2135 2862 2279 2895 conclu-

1336 2905 1448 2939 siones
1466 2901 1659 2938 necessario
1674 2902 1775 2949 illate
1791 2912 1833 2937 ex
1849 2903 1918 2939 illis
1937 2931 1945 2945 ‚
1960 2904 2015 2940 sed
2034 2909 2187 2943 consona
2205 2921 2279 2946 tan.

1334 2966 1412 2990 tum
1444 2954 1514 2997 legi
1539 2953 1692 2988 naturali
1724 2955 1869 2999 proprie
1892 2966 2037 3004 accepte
2061 2985 2069 2999 ‚
2093 2960 2279 2998 admittere

1334 3004 1639 3050 dispensationem
1684 3003 1896 3048 legislatoris
1934 3012 2135 3045 revocantis
2161 3023 2279 3057 prece*

1335 3067 1458 3102 ptum,
1490 3057 1545 3090 vel
1559 3055 1775 3089 declarantis
1795 3056 1829 3089 in
1848 3055 1904 3090 his
1919 3083 1927 3096 ,
1955 3070 2015 3093 ant
2033 3059 2100 3095 illis
2123 3061 2278 3097 circum-

1336 3105 1475 3141 stantiis
1493 3117 1563 3140 non
1601 3116 1753 3149 cogere,
1781 3117 1844 3141 nec
1861 3107 1994 3152 ligare.
2021 3111 2061 3145 Et
2088 3122 2209 3146 revera
2243 3116 2275 3148 in

1335 3157 1510 3203 preceptis
1530 3181 1539 3194 ‚
1567 3166 1641 3202 que
1656 3155 1859 3191 scribuntur
1890 3157 1923 3190 in
1947 3156 2099 3195 secunda
2128 3162 2250 3199 tabula
2267 3191 2274 3203 ,

1333 3219 1403 3241 non
1418 3206 1466 3241 est
1486 3206 1626 3241 bonitas
1657 3204 1847 3241 necessaria
1876 3206 1918 3241 ad
1941 3209 2133 3252 bonitatem
2158 3214 2274 3248 ultimi

1330 3257 1411 3293 finis
1427 3267 1640 3291 convertens
1659 3269 1670 3296 3
1687 3267 1750 3291 nec
1769 3257 1802 3289 in
1817 3255 1870 3290 his
1889 3269 1960 3304 que
1974 3260 2212 3305 prohibentur
2227 3264 2274 3299 est

1331 3308 1466 3343 militia
1479 3305 1672 3342 necessario
1687 3316 1851 3341 avertens
1868 3319 1886 3341 a
1904 3306 1974 3343 fine
1987 3311 2114 3346 ultimo
2128 3324 2138 3352 3
2152 3316 2234 3358 quit
2252 3315 2271 3349 li

1329 3360 1398 3393 tale
1414 3359 1547 3392 bonum
1567 3369 1636 3392 non
1653 3357 1792 3392 caderet
1811 3356 1874 3391 sub
1888 3371 2095 3407 preceptum
2115 3389 2124 3404 ‚
2156 3365 2273 3400 adbuc

1328 3409 1437 3456 posset
1452 3407 1533 3443 finis
1548 3408 1696 3442 ultimus
1712 3409 1821 3442 amari
1837 3409 1870 3444 8(
1900 3411 2053 3456 attingi,
2081 3413 2160 3448 licet
2185 3414 2270 3450 illud

1330 3461 1461 3495 malum
1476 3471 1546 3493 non
1563 3458 1653 3492 foret
1673 3458 1898 3504 prohibitum
1918 3487 1928 3502 ‚
1943 3461 2044 3496 staret
2059 3473 2139 3497 cum
2159 3478 2200 3499 eo
2214 3476 2271 3499 ac·

1328 3509 1477 3555 quisttio
1492 3508 1572 3543 finis
1589 3509 1730 3544 ultimi.
1757 3513 1841 3557 Qa
1853 3521 1887 3545 re
1901 3522 1981 3545 cum
1999 3511 2106 3558 isthec
2122 3512 2273 3561 secunde

1331 3559 1454 3604 tabule
1471 3570 1638 3605 precepta
1655 3572 1724 3594 non
1747 3560 1808 3594 sint
1832 3559 1873 3595 de
1902 3563 1979 3603 lege
2003 3573 2130 3608 nature
2158 3564 2274 3600 striftc

1332 3608 1515 3655 loquendo
1533 3634 1543 3648 ,
1569 3611 1695 3645 mirum
1723 3610 1852 3645 nonest
1880 3611 1973 3657 posse
1996 3612 2209 3658 dispensari,
2237 3616 2271 3651 8<

1332 3659 1461 3696 mutari
1477 3670 1541 3703 pro
1557 3661 1757 3696 variatione
1773 3662 2121 3698 circumstantiarum
2140 3690 2148 3699 .

1437 3708 1528 3742 lllud
1544 3710 1699 3746 breviter
1712 3710 1930 3750 addendum,
1947 3713 2059 3747 videri
2081 3715 2100 3747 h
2114 3728 2119 3747 t
2131 3716 2174 3749 ud
2190 3711 2261 3751 fuis

1331 3759 1364 3794 se
1394 3756 1631 3804 dispensatum
1659 3774 1740 3796 cum
1766 3761 1845 3796 siliis
1872 3761 1976 3797 lsrael
2003 3767 2273 3810 expoliantibtts

1330 3810 1521 3856 egyptios,
1548 3812 1633 3856 quia
1655 3813 1714 3857 ipsi
1735 3823 1805 3846 non
1829 3822 2043 3858 acceperunt
2074 3815 2273 3860 simpliciter

1335 3862 1493 3895 alienum
1515 3858 1571 3894 scd
1599 3859 1771 3898 cedebant
1804 3873 1841 3896 ea
1870 3863 1989 3896 omnia
2011 3865 2044 3897 in
2076 3867 2273 3902 mett-elem

1741 3910 1774 3944 X
1802 3923 1823 3944 x
1853 3921 1872 3944 z
2126 3916 2227 3952 ‹lebi-

2317 2442 2361 2472 De
2385 2441 2426 2472 hir
2449 2442 2520 2472 infra

2314 2492 2341 2519 q.
2358 2485 2522 2513 too-art&-

2314 2570 2471 2605 S-Thom‚
2493 2573 2522 2601 Sc

2313 2609 2411 2638 Scotus
2441 2612 2519 2638 arbi-

2312 2656 2422 2676 trantur
2468 2658 2520 2678 nec

2315 2687 2457 2715 Aoi-alum

2315 2725 2438 2763 peccatl'e
2489 2725 2517 2754 in

2314 2773 2417 2793 conatu
2442 2773 2519 2792 occi-

2313 2801 2395 2830 dffljj
2428 2803 2519 2831 filium

2315 2842 2497 2869 innocentem
2507 2862 2518 2877 ,

2313 2888 2362 2906 nac
2383 2879 2519 2909 israelitas

2313 2926 2477 2954 expetentes

2313 2956 2517 2996 bonafigtptio-

2311 3004 2373 3021 rtttn
2398 3013 2408 3028 ‚
2465 3007 2516 3026 nec

2311 3033 2417 3061 Olean
2444 3035 2511 3069 jullii

2310 3072 2354 3099 dci
2384 3073 2415 3100 ai
2441 3073 2517 3104 servi

2311 3110 2491 3141 accedentem
2505 3132 2514 3146 ‚

2309 3150 2375 3184 quit
2410 3150 2435 3177 in
2474 3153 2515 3179 Ιιις

2309 3187 2411 3215 caribus
2436 3200 2469 3217 co
2484 3201 2515 3217 ιι,

2309 3235 2415 3253 murata
2463 3229 2513 3257 fait

2308 3272 2423 3292 lllltcslj
2443 3277 2510 3303 ΡΥΧ-

2307 3311 2454 3338 ceptorutu
2475 3307 2511 3333 tl-

2308 3340 2400 3369 lot-um
2417 3346 2454 3372 :tit
2473 3347 2511 3372 Λ-

2308 3381 2406 3417 quhas
2433 3402 2440 3410 .
2481 3387 2513 3412 [c

2309 3420 2337 3446 M
2348 3419 2438 3456 tgiffst·
2449 3424 2514 3450 Sco-

2307 3466 2349 3484 ως
2368 3468 2513 3495 putatne(-

2306 3504 2339 3522 Μ
2355 3506 2369 3523 u
2385 3507 2402 3523 ¹¹
2439 3500 2510 3529 haud

2309 3538 2486 3566 totu-nillum

2307 3573 2441 3611 cll‘e‚qui.t
2458 3579 2514 3607 Le-

2309 3612 2423 3650 gilltmr
2486 3618 2513 3645 in

2309 3651 2354 3678 sua
2381 3652 2439 3689 lca:
2464 3654 2514 3683 dis-

2309 3691 2446 3725 peusavir,
2462 3697 2515 3723 ivn

2311 3729 2369 3759 lara
2412 3741 2517 3768 pram:-

2309 3779 2355 3806 μ’]
2372 3780 2422 3802 pto
2449 3780 2514 3801 vinc

2309 3818 2429 3837 revocati
2441 3810 2469 3838 io
2487 3832 2496 3841 .
