2628 4043
457 168 558 208 106

381 236 478 272 loci.
497 230 678 282 Qoniam
693 226 805 272 igitur
819 224 953 271 integra
967 220 1067 258 aetus
1085 226 1227 264 moralis
1253 225 1319 258 bo·

382 289 478 325 nitas
489 284 620 318 horum
632 280 792 317 omniurn
808 272 1064 324 aggregatione
1089 279 1266 314 conflatur
1283 274 1319 311 8(

382 336 518 374 constat
536 360 546 375 ‚
566 335 713 369 evidens
726 327 775 364 est
789 353 800 369 ‚
830 325 938 364 solam
964 321 1044 359 finis
1069 332 1323 371 bonitatem-a,

382 390 490 425 etiam
507 395 589 419 cum
614 380 816 420 intenditur
841 375 1033 415 secundum
1060 381 1191 417 reetam
1214 376 1323 412 ratio-

385 451 467 476 nem
484 447 557 474 non
569 431 726 471 sufficet-e
738 430 780 464 ad
796 432 1008 478 completam
1019 427 1098 474 ejus
1109 430 1209 466 ειξὶιιε
1221 429 1325 465 boni-v

386 499 521 526 tatem:
549 490 646 524 Nam
664 493 830 533 praeterea
855 484 1071 516 concurrere
1086 491 1233 528 oportet
1258 492 1326 516 cae-

384 550 479 576 teras
493 551 508 572 c
517 535 780 573 ircumstantias
794 530 1080 572 enumeratas,ad
1092 530 1162 566 hoc
1173 540 1213 566 ut
1225 531 1325 571 aetus

384 593 564 629 humanus
582 587 622 622 {it
637 586 817 622 moraliter
832 584 951 618 bonus
963 607 974 617 .

490 638 546 676 Ad
560 646 782 678 argumenta.
798 631 856 669 Ad
870 634 1020 680 primum
1032 642 1130 678 patet
1139 643 1184 667 ex
1198 631 1326 677 Augu.

387 689 467 728 stini
483 688 693 724 austeritate
706 685 748 721 ad
765 693 901 731 partem
929 682 1132 728 negativam
1160 683 1328 727 allegata,

387 740 457 779 Etfi
476 740 566 775 enim
579 736 658 773 finis
675 736 835 773 conditio
847 733 1052 780 principalis
1079 733 1120 770 stt
1144 735 1328 779 pertinens

387 792 431 826 ad
447 791 545 824 aetus
564 788 756 823 bonitatem
777 813 788 828 ,
811 796 882 820 non
897 783 945 819 est
976 794 1093 819 tamen
1121 782 1329 831 {impliciter

387 840 565 877 sufficiens
581 865 590 879 ,
617 837 798 882 loquendo
821 835 925 870 etiam
938 833 980 870 de
1006 834 1164 872 bonitate
1194 834 1330 876 meriti,

389 903 472 939 quae
485 888 581 924 addit
613 886 716 934 supra
748 888 946 924 bonitatem
974 886 1140 921 moralem
1157 910 1168 926 ‚
1195 884 1254 921 illa
1279 884 1329 922 est

388 939 619 990 principalior
632 951 676 974 ex
693 937 858 975 fineznarn
876 935 1055 983 supposita
1068 935 1248 982 completa
1263 937 1329 972 bo-

389 991 503 1028 nitate
517 987 642 1024 morali
660 1012 672 1029 ,
696 985 948 1032 fimet-additur
967 987 1108 1023 bonitas
1123 988 1332 1025 meritoria.»

389 1052 437 1076 ex
451 1039 619 1074 relatione
633 1037 751 1075 debita
768 1039 867 1076 istius
876 1036 975 1074 aetus
987 1036 1029 1071 ad
1046 1037 1168 1073 finem:
1181 1048 1263 1085 quae
1273 1040 1333 1076 de.

389 1090 467 1126 bita
480 1089 607 1125 relatio
618 1089 779 1137 exsurgit
793 1091 1008 1137 inquantum
1022 1089 1165 1124 elicitur
1180 1102 1196 1123 a
1210 1090 1331 1126 cbari-

387 1150 462 1175 tate
478 1164 487 1173 .
506 1138 613 1174 Unde
629 1140 863 1177 aufioritates
879 1139 941 1176 fini
966 1141 1202 1179 attribuentes
1229 1143 1331 1181 aRus

385 1190 585 1226 bonitatem
600 1191 733 1237 exponi
745 1191 886 1238 pofl‘nnt
900 1217 912 1233 ,
926 1200 986 1226 eas
998 1191 1192 1236 procedere
1204 1193 1248 1230 de
1263 1208 1333 1234 me.

385 1239 510 1278 ritoria
525 1239 691 1276 bonitate
705 1268 716 1283 ‚
740 1253 822 1289 quar
833 1241 964 1278 exfine
979 1238 1029 1277 est
1046 1254 1060 1283 3
1091 1254 1161 1279 non
1178 1255 1264 1281 vero
1275 1247 1330 1283 in-

386 1290 504 1334 telligi
520 1289 650 1326 debere
662 1290 704 1326 de
715 1293 842 1329 morali
857 1292 1019 1328 bonitate
1030 1319 1041 1335 ,
1065 1295 1108 1329 ad
1123 1307 1230 1339 quam
1245 1298 1332 1335 inte.

387 1339 562 1387 grandam
582 1352 653 1377 tam
673 1343 785 1378 multa
799 1353 1015 1379 concurrere
1024 1355 1168 1393 oportet
1181 1372 1194 1388 ‚
1207 1359 1333 1394 praetet

386 1391 693 1428 circumstantiam
710 1390 790 1428 finis
803 1419 813 1429 .

493 1441 553 1479 Ad
568 1440 761 1478 secundum
791 1442 945 1478 dicimus
975 1442 1023 1480 Τὸ
1051 1444 1202 1492 Sicutfi
1230 1448 1335 1489 babet

384 1493 603 1541 principium
615 1490 928 1542 inspeculabilibus·
935 1491 983 1538 fic
984 1494 1074 1538 finis
1091 1499 1131 1533 in
1146 1500 1335 1545 operabili-

389 1542 478 1583 bus,
504 1541 706 1589 expolitum
734 1543 833 1579 fuisse
859 1544 982 1590 quaeH.
1003 1548 1335 1601 10.art.6.1taque

387 1591 545 1628 breviter
561 1591 965 1639 respondemus,Ac”tum
981 1593 1185 1635 intelleetus
1200 1599 1335 1648 semper

389 1641 459 1677 effe
474 1653 597 1676 verum
615 1653 660 1676 ex
674 1643 851 1688 principio
862 1668 874 1683 ,
895 1643 981 1686 quia
998 1655 1080 1681 cum
1095 1649 1199 1683 causa
1233 1662 1337 1687 natu-

387 1693 468 1727 ralis
487 1690 526 1725 fit
543 1716 555 1732 ,
587 1692 712 1737 nequit
725 1689 1059 1742 difformjreragere
1088 1697 1144 1733 sed
1157 1700 1258 1737 illico
1284 1700 1338 1736 as-

387 1740 526 1777 sensum
544 1741 687 1787 praestat
703 1741 924 1777 conclulioni
954 1744 1140 1783 evidenter
1171 1739 1338 1787 dediditae

387 1804 433 1828 ex
449 1792 628 1838 principio
645 1815 654 1824 .
667 1793 717 1829 At
734 1792 958 1826 voluntatem
976 1802 995 1825 e
1008 1803 1132 1828 contra
1146 1809 1211 1841 pro
1238 1801 1338 1835 inua-

385 1853 422 1878 ta
443 1843 493 1876 sui
512 1842 678 1877 libertate
691 1851 759 1874 non
780 1837 918 1883 semper
941 1840 1175 1879 conformiter
1200 1857 1334 1891 aget-e„

386 1893 453 1928 suo
465 1889 613 1934 objeeto
632 1915 643 1931 ,
659 1890 692 1925 ἃ
710 1890 815 1925 etiam
834 1889 905 1936 ipsa
919 1890 1155 1930 conformiter
1169 1899 1337 1936 tendente

386 1943 424 1979 in
441 1940 627 1984 obieehtm
647 1948 755 1985 prout
768 1938 898 1975 scilicet
915 1939 964 1974 est
976 1944 1188 1989 appetibile,
1201 1947 1233 1982 8(
1256 1959 1337 1995 pro.

386 2004 468 2041 pter
485 1992 589 2029 finem
609 1989 814 2037 ordinatum
829 2016 841 2032 ,
867 2001 940 2026 non
968 1993 1162 2031 necessario
1190 2007 1339 2034 tamen...

388 2043 520 2079 exinde
535 2041 637 2077 aetus
650 2040 698 2077 est
713 2041 829 2077 bonus
848 2067 857 2082 ,
882 2053 963 2077 cum
977 2041 1092 2080 deeffe
1104 2057 1238 2091 queant
1251 2050 1339 2090 alia,

388 2104 434 2130 ex
453 2105 611 2141 qnorum
628 2091 770 2127 defetfiu
787 2090 890 2128 afrus
904 2090 952 2127 est
970 2095 1084 2131 malus
1101 2097 1134 2132 ἃ
1148 2098 1339 2147 obliquus.

491 2144 550 2180 Ad
567 2143 710 2178 tertium
725 2140 1024 2188 responde0‚Eam
1041 2158 1149 2186 unam
1163 2150 1265 2187 aetus
1278 2150 1340 2186 bo.

388 2195 541 2232 nitatem
560 2193 730 2238 integrari
745 2205 785 2228 ac
797 2192 1072 2241 praesstpponere
1102 2199 1339 2245 pet-festiones

388 2256 521 2281 omnes
539 2244 634 2280 aetui
651 2243 763 2279 eidem
781 2246 1037 2281 convenientes
1052 2273 1062 2288 ‚
1086 2260 1125 2284 ur
1139 2251 1340 2296 pulchritu-

393 2297 442 2331 do
459 2298 491 2329 in
508 2306 659 2343 corpore
679 2307 691 2335 3
718 2294 778 2330 etfi
807 2295 919 2341 igitur
947 2298 1038 2331 ratio
1050 2297 1128 2334 finis
1155 2302 1340 2349 praecipua

390 2346 430 2383 stt
447 2373 457 2389 ‚
487 2347 620 2381 multas
636 2346 722 2380 alias
738 2356 908 2391 praeterea
922 2347 1161 2394 perfectiones
1186 2363 1341 2390 concur-

389 2410 462 2434 rere
478 2407 621 2442 oportet
639 2422 650 2438 ,
675 2405 716 2430 ut
732 2395 834 2431 astus
849 2396 888 2432 sit
918 2398 1104 2438 moraliter
1135 2403 1250 2441 bonus
1263 2429 1275 2446 ‚
1299 2416 1340 2444 ut

385 2448 609 2484 declaratum
623 2445 673 2482 est
691 2471 700 2482 .

560 2545 1175 2593 ARthULtJS.v.

415 2649 553 2684 Utrum
566 2647 691 2696 aliqua
703 2646 800 2684 aetio
811 2647 968 2687 humana
986 2653 1134 2691 samona
1149 2657 1207 2695 vel
1221 2657 1313 2697 mala

739 2701 776 2734 in
791 2698 848 2736 sua
862 2699 980 2750 specie
993 2730 1004 2741 .

389 2802 522 2841 Doft'or
547 2799 684 2851 Qodl.
701 2811 736 2847 q.
755 2801 810 2837 18.
827 2800 855 2840 §-
873 2802 926 2838 Ex
941 2802 1010 2840 isto
1025 2831 1036 2848 ,
1061 2813 1089 2839 2.
1116 2804 1151 2844 d.
1167 2816 1224 2854 37.
1238 2818 1275 2855 q.
1307 2818 1339 2844 t.

437 2864 471 2888 n.
486 2864 568 2899 9.4.
583 2854 619 2890 d.
634 2861 690 2894 50.
709 2862 745 2898 q.
760 2851 793 2886 6.
809 2856 848 2892 s.
865 2850 922 2886 Ad
935 2855 1090 2899 primum
1102 2855 1143 2892 S.
1165 2857 1288 2899 Thom-

695 2901 984 2947 1.z.q.18‚art.
1001 2915 1037 2951 ς.

511 3002 660 3039 [dentur
673 3001 777 3038 aetus
789 3002 942 3038 morales
955 3005 1106 3041 minime
1128 3004 1243 3053 specie
1270 3008 1338 3045 dif-

524 3053 615 3088 fmc
631 3066 676 3089 ex
691 3065 735 3088 eo
753 3053 852 3100 quod
869 3052 949 3088 sunt
964 3055 1048 3090 boni
1063 3056 1118 3091 vel
1138 3059 1237 3100 mali,
1255 3061 1337 3096 Ete-

386 3107 460 3142 nim
477 3117 520 3139 ex
535 3103 640 3140 diffis
659 3106 692 3139 in
709 3103 993 3150 praecedentibus
1009 3131 1020 3147 ,
1044 3108 1182 3152 primus
1204 3110 1338 3155 gradus

390 3156 656 3193 moralitatisin
671 3156 815 3190 actibus
843 3154 1011 3191 humanis
1039 3168 1084 3191 ex
1098 3155 1247 3203 objecto
1270 3160 1338 3203 est,

386 3218 500 3253 nque
517 3206 650 3243 exinde
666 3206 820 3252 primum
839 3203 917 3241 sunt
932 3206 1016 3241 boni
1033 3208 1089 3242 vel
1116 3210 1200 3246 mali
1225 3235 1235 3245 .
1265 3211 1335 3247 Sed

388 3269 444 3294 res
460 3284 469 3295 ‚
491 3267 571 3301 qut:
591 3253 669 3291 sunt
683 3266 828 3290 actuum
841 3255 1043 3292 nostrorum
1057 3257 1206 3303 objecta
1222 3287 1232 3303 ‚
1262 3273 1335 3301 non

387 3306 557 3342 differunt
571 3303 684 3348 specie
701 3332 710 3346 ‚
740 3317 925 3352 propterca
943 3307 1041 3353 quod
1060 3309 1161 3344 bonae
1180 3310 1259 3352 sint,
1277 3312 1333 3348 vel

388 3358 490 3394 matae
503 3382 512 3391 .
526 3355 709 3402 >ffiquidem
722 3367 817 3391 unus
833 3382 842 3395 ,
857 3356 1024 3402 idemque
1037 3357 1147 3393 homo
1162 3372 1226 3406 pro
1242 3373 1334 3398 tem-

384 3419 516 3457 porum
532 3404 736 3441 divetlitate
749 3405 866 3441 bonus
877 3406 910 3442 8:
927 3407 1044 3445 malus
1054 3406 1120 3444 effe
1130 3411 1262 3456 potest3
1276 3425 1335 3448 er-

385 3471 432 3504 go
451 3468 570 3502 neque
583 3456 742 3491 actiones
756 3455 920 3492 hnmanae
939 3456 1043 3505 super
1057 3459 1125 3493 tale
1139 3459 1331 3506 objectum

384 3506 610 3544 transeuntes
624 3506 737 3554 specie
760 3503 932 3543 differunt
963 3521 1007 3545 eo
1017 3508 1118 3556 quod
1147 3510 1212 3547 sint
1230 3513 1332 3553 bonae

382 3560 442 3593 vel
454 3559 551 3593 malz
569 3582 578 3592 .

487 3608 674 3646 Praeterea,
690 3605 826 3642 Malum
841 3605 1040 3644 formaliter
1056 3609 1090 3645 in
1102 3609 1242 3648 actibus
1257 3610 1328 3648 itu-

381 3658 496 3695 manis
508 3656 669 3705 quaedam
682 3657 838 3701 privatio
851 3656 901 3693 est
912 3684 924 3700 ,
949 3659 981 3693 ἃ
999 3670 1069 3694 non
1085 3671 1147 3695 ens
1162 3673 1207 3696 ex
1221 3661 1328 3698 dictis

377 3716 448 3756 par
474 3711 584 3756 prim.
598 3707 773 3754 qu.eH.48
803 3716 876 3744 art.
894 3707 1166 3757 t.&fhqq.Non
1180 3711 1327 3748 videtur

379 3771 497 3794 antem
515 3771 584 3806 qna
601 3762 737 3792 ratione
752 3758 902 3804 intelligi
919 3785 929 3800 ,
949 3771 1104 3805 vereque
1119 3761 1186 3795 dici
1198 3773 1325 3809 queat,

379 3809 516 3855 aliquid
530 3820 599 3844 non
612 3818 693 3843 ente
704 3833 716 3849 ‚
740 3809 795 3845 vel
812 3810 1019 3859 privatione
1034 3812 1160 3848 abalio
1178 3810 1325 3860 specie..

1067 152 1251 206 Summae
1282 147 1471 220 Joaennis
1501 147 1631 195 Dum·
1660 151 1778 198 Scoti

1395 222 1538 258 differre
1553 233 1565 261 ;
1587 232 1673 267 ergo
1688 218 1855 260 humanae
1881 220 2041 257 actiones
2067 228 2138 254 non
2169 213 2337 254 differunt

1396 274 1511 321 specie
1526 278 1716 319 propterea
1729 272 1831 316 quod
1861 274 1962 308 bona:
1979 272 2033 307 vel
2061 267 2166 306 malae
2188 268 2254 306 sint
2271 293 2284 310 ,
2308 267 2342 302 &

1395 327 1560 362 dieantur
1572 345 1582 358 .

1500 373 1676 409 Praeterea
1693 396 1706 413 ‚
1735 369 1883 409 Bonitas
1899 371 1933 408 8<
1951 373 2081 409 malitia
2099 374 2135 408 in
2148 381 2249 408 actus
2275 364 2349 402 hu·

1397 436 1524 462 manos
1538 423 1644 460 etiam
1661 433 1706 458 ex
1720 421 1998 459 circumstantiis
2013 423 2187 460 redundat
2206 425 2238 460 8<
2253 418 2349 456 deti.

1398 487 1506 513 vatur
1520 474 1629 522 juxta
1645 473 1742 508 dicta
1756 480 1868 517 art-3.
1883 473 1952 508 Sed
1963 474 2236 511 circumstantiae
2250 482 2350 520 quae·

1404 529 1486 564 dam
1500 524 1697 562 accidentia
1712 522 1794 559 sunt
1813 534 1960 559 actuum
1975 523 2177 563 nostrorum
2191 552 2203 568 ‚
2214 525 2351 571 quibus

1399 578 1516 628 potest
1529 585 1649 612 carere
1665 599 1676 615 ‚
1699 574 1733 610 8<
1746 575 1865 609 ornati
1877 573 2054 621 perstante
2081 575 2239 622 ipsorum
2263 573 2349 610 sub-

1401 629 1530 668 stantia
1547 635 1695 661 actuum
1709 650 1720 660 .
1733 626 1828 661 Cum
1844 636 1932 670 ergo
1944 626 2139 661 accidentia
2163 638 2235 662 non
2257 623 2349 661 infe·

1402 690 1479 716 rant
1493 674 1691 728 specificam
1704 673 1943 712 differentiam
1956 676 2253 724 illorum,quibus
2267 676 2302 712 su
2310 685 2348 711 nt

1406 727 1605 768 accidentia
1618 753 1630 769 ‚
1654 738 1700 763 ex
1711 727 1845 762 malitia
1864 726 1898 762 8<
1913 725 2077 763 bonitate
2090 754 2101 770 ,
2113 739 2217 763 actus
2231 739 2350 764 mora·

1409 783 1458 817 les
1476 780 1590 830 specie
1606 788 1675 813 non
1691 777 1960 824 distinguuntur
1974 802 1985 812 .

1507 831 1646 868 Contra
1661 853 1673 870 ‚
1696 828 1902 865 Secundum
1917 826 2174 874 Philosophum
2189 828 2349 867 2.Ethic.

1403 891 1478 932 cap.
1501 894 1532 918 1.
1548 880 1704 917 Habitus
1718 889 1935 925 generantur
1946 890 1990 915 ex
2005 880 2145 916 actibus
2159 879 2348 922 iisdem‚ad

1403 946 1500 982 quos
1516 929 1851 970 inclinantzltabitus
1866 940 1984 966 autem
1998 928 2115 979 specie
2126 930 2353 977 distinguun-

1405 995 1490 1027 tur3
1518 993 1605 1027 ergo
1621 981 1656 1016 &
1679 991 1782 1018 actus
1795 1007 1806 1017 .

1505 1031 1721 1080 Respondeo
1736 1032 2089 1075 dicendttm,Revet-a
2105 1041 2207 1069 actus
2223 1031 2352 1069 hnma-

1405 1095 1472 1122 nos
1493 1085 1677 1122 moraliter
1705 1084 1819 1120 bonos
1834 1082 1946 1133 specie
1975 1083 2120 1120 differre
2131 1083 2178 1118 ab
2206 1085 2354 1121 actioni.

1408 1138 1477 1174 bus
1493 1137 1593 1176 malis
1613 1147 1626 1176 ς
1654 1146 1727 1170 non
1744 1146 1862 1172 autem
1894 1132 1990 1182 ipsos
2019 1134 2123 1171 εόὶυε
2155 1133 2351 1171 secundum

1407 1201 1534 1227 eorum
1549 1187 1614 1235 ff
1629 1188 1790 1224 naturale
1806 1188 1941 1222 ratione
1967 1186 2200 1235 superadditae
2233 1197 2353 1223 mora-

1407 1240 1536 1276 litatis.
1565 1238 1624 1281 Ad
1638 1234 1745 1283 cujus
1759 1237 1993 1279 evidentiam,
2021 1237 2203 1274 sciendum
2217 1238 2352 1285 (prout
2403 1263 2413 1273 .

1409 1291 1444 1326 8<
1473 1294 1511 1328 in
1525 1288 1814 1327 antecedentibus
1831 1288 1960 1325 tuffam
1988 1288 2091 1339 fuit)
2115 1287 2352 1335 quemadmo-

1407 1342 1494 1378 dum
1511 1340 1720 1390 pulcritudo
1747 1353 1816 1378 non
1832 1340 1882 1376 est
1899 1340 2019 1386 aliqua
2044 1339 2208 1376 absoluta
2235 1339 2354 1387 quali>-

1407 1403 1463 1429 tas
1491 1393 1526 1428 in
1548 1401 1697 1439 corpore
1711 1391 1889 1439 pulchre,
1918 1390 1975 1427 sed
1995 1392 2109 1437 magis
2141 1389 2354 1437 aggregatio

1406 1444 1572 1480 omnium
1599 1444 1630 1479 ei
1645 1444 1790 1490 corpori
1812 1442 2106 1492 convenientium
2125 1465 2139 1484 ‚
2163 1450 2251 1489 puta
2277 1452 2354 1477 mn-

1408 1492 1626 1542 gnitudini8‚
1654 1490 1804 1536 figurae,
1830 1494 1867 1529 8<
1886 1493 2037 1532 colors,
2067 1503 2178 1537 atque
2190 1493 2353 1527 omnium

1407 1545 1635 1593 respefikuum
1653 1544 1864 1594 aggregatio
1880 1565 1892 1581 ,
1919 1542 1986 1585 qui
2012 1540 2191 1585 respa-&us
2208 1541 2289 1577 sunt
2309 1540 2355 1574 ad

1407 1604 1566 1642 cot-pus,
1595 1592 1630 1626 Sc
1655 1593 1698 1624 ad
1724 1590 1926 1625 seinvicem
1944 1615 1955 1630 ,
1982 1591 2033 1624 ita
2051 1591 2220 1625 moralem
2250 1591 2356 1626 boni-

1407 1655 1519 1681 tatem
1540 1641 1643 1678 aaut
1672 1637 1740 1675 effe
1769 1638 1867 1686 quast
1885 1639 2067 1685 quendam
2091 1639 2256 1677 decorem
2272 1639 2354 1687 ejus

1409 1695 1659 1732 inmittentem
1685 1689 1979 1733 aggregationem
1992 1689 2120 1725 debitte
2144 1693 2355 1737 proportio·

1409 1747 1464 1781 nis
1477 1744 1521 1778 ad
1533 1741 1653 1776 omnia
1668 1765 1680 1780 ,
1708 1739 1749 1771 ad
1762 1747 1842 1783 quae
1863 1737 1969 1772 debet
1982 1737 2086 1773 astus
2101 1741 2355 1786 proportiona-

1409 1794 1455 1831 ri‚
1483 1799 1570 1836 puta
1585 1788 1628 1823 ad
1648 1790 1845 1834 potentiam
1860 1813 1870 1829 ,
1899 1786 1943 1822 ad
1973 1788 2176 1832 οὶήεᾶυηη,
2202 1790 2245 1825 ad
2263 1801 2356 1827 tem·

1409 1851 1504 1889 pus,
1533 1838 1574 1873 ad
1592 1836 1699 1873 finem
1718 1863 1729 1879 ,
1758 1837 1800 1873 ad
1815 1839 1934 1874 locum
1955 1864 1965 1880 ‚
1995 1839 2038 1874 ad
2052 1839 2222 1880 modum3
2251 1852 2354 1877 non..

1409 1901 1635 1936 utcumque,
1648 1886 1706 1923 scd
1725 1898 1831 1935 prout
1845 1886 1941 1924 ree‘ta
1959 1892 2049 1925 ratio
2062 1889 2172 1926 distat
2187 1916 2201 1936 ‚
2218 1903 2257 1926 ea
2275 1904 2356 1927 om-

1410 1943 1469 1979 nia
1481 1940 1611 1976 debere
1621 1937 1718 1974 aaut
1735 1940 1929 1975 convenire
1943 1965 1951 1974 .
1982 1945 2038 1979 Ac
2057 1940 2210 1986 proinde
2222 1952 2356 1978 conve-

1410 1991 1546 2030 nientia
1579 1989 1683 2026 aaus
1713 1988 1758 2024 ad
1791 1988 1967 2027 distamen
2000 1990 2136 2027 reeium
2153 1991 2201 2027 el't
2224 2017 2235 2033 ‚
2278 2005 2353 2039 qua

1411 2041 1525 2090 posita
1549 2040 1650 2077 aestus
1673 2039 1721 2076 est
1737 2041 1855 2076 bonus
1869 2053 1987 2088 quave
2019 2040 2154 2076 sublata
2171 2069 2181 2085 ,
2212 2055 2283 2078 non
2303 2042 2354 2079 est

1410 2078 1479 2129 112oe
1497 2091 1621 2128 morali
1635 2092 1796 2128 bonitate
1813 2091 1930 2128 bonus
1943 2119 1953 2128 .
1965 2095 2061 2130 Nam
2076 2104 2358 2140 quamtumcun-

1410 2156 1484 2194 que
1500 2141 1601 2186 aeitts
1619 2140 1778 2178 versetur
1811 2142 1905 2178 circa
1927 2141 2112 2189 objeftum
2143 2146 2357 2190 qualecum-

1411 2206 1509 2242 que,
1536 2191 1595 2228 nist
1614 2192 1649 2228 id
1665 2191 1723 2230 fiat
1743 2203 1849 2241 prout
1867 2196 1958 2229 ratio
1987 2194 2077 2231 reeta
2099 2196 2284 2241 operantis
2301 2195 2357 2230 di·

1412 2247 1484 2283 ftat
1503 2243 1570 2280 esse
1583 2241 1784 2280 faciendum
1798 2267 1810 2286 ,
1838 2255 1875 2279 ut
1893 2245 1915 2280 st
1938 2257 2006 2280 non
2025 2245 2111 2280 adsit
2127 2247 2216 2281 tatio
2230 2245 2354 2282 reeta..

1412 2298 1449 2334 in
1477 2294 1685 2342 operando,
1712 2292 1878 2342 profesio
1901 2296 2000 2332 aflus
2029 2297 2146 2331 bonus
2171 2296 2357 2333 moraliter

1412 2359 1486 2385 non
1504 2345 1568 2382 erit
1582 2372 1592 2385 .
1622 2345 1838 2394 potiffimum
1867 2358 1954 2392 ergo
1966 2347 2217 2384 -conformitas
2249 2347 2352 2383 aetus

1411 2398 1457 2435 ad
1471 2396 1644 2436 rationem
1663 2394 1792 2433 rectam
1817 2397 1921 2444 plene
1938 2397 2128 2436 difflantem
2143 2400 2184 2434 de
2202 2399 2358 2434 circum-

1414 2448 1555 2485 stantiis
1583 2449 1752 2484 omnibus
1781 2450 1813 2483 ei
1843 2449 1938 2484 aaut
1958 2448 2114 2491 debitis,
2143 2449 2192 2487 est
2210 2449 2353 2484 bonitas

1414 2498 1561 2538 moralis
1573 2497 1672 2534 aetus
1692 2525 1701 2533 .

1514 2546 1564 2589 Ea
1584 2561 1705 2586 autem
1721 2549 1959 2587 conformitas
1985 2548 2087 2586 aetus
2113 2549 2156 2586 ad
2183 2550 2356 2586 rationem

1414 2612 1548 2638 rectam
1565 2601 1608 2636 de
1623 2600 1895 2637 circumstantiis
1908 2603 2003 2637 actui
2018 2602 2147 2637 debitis
2163 2601 2356 2636 dictantem

1412 2664 1496 2699 quae
1526 2652 1575 2688 est
1599 2653 1741 2688 bonitas
1764 2654 1910 2688 moralis
1939 2653 2038 2688 illius
2063 2676 2073 2694 ,
2111 2651 2160 2688 est
2192 2650 2356 2687 conditio

1416 2714 1520 2742 actus
1536 2702 1766 2743 accidentalis
1783 2729 1792 2738 .
1820 2707 1937 2742 Actus
1957 2703 2048 2739 enim
2068 2701 2266 2751 procedens
2279 2701 2353 2738 de,

1416 2754 1546 2790 habitu
1565 2752 1733 2789 causatus
1753 2753 1861 2799 juxta
1877 2754 2014 2799 regulas
2027 2753 2234 2790 dictaminis
2252 2753 2352 2794 recti,

1416 2815 1524 2842 natus
1550 2803 1597 2840 est
1627 2814 1827 2849 congruere
1854 2805 2037 2849 completo
2057 2804 2244 2841 dictamini
2267 2815 2352 2848 pru-

1416 2856 1547 2895 dentiae
1563 2881 1572 2890 .
1601 2855 1761 2889 Habitus
1773 2854 1865 2890 enim
1879 2868 1923 2890 ex
1939 2853 1990 2889 sui
2006 2866 2132 2892 natura
2148 2881 2159 2896 ‚
2188 2855 2221 2889 &
2239 2865 2302 2900 per
2319 2851 2352 2889 se

1415 2907 1564 2947 inclinat
1579 2903 1623 2938 ad
1634 2905 1734 2940 illum
1747 2905 1923 2948 actum&
1938 2917 1981 2940 ex
1994 2904 2232 2951 ,const-quenti
2250 2905 2353 2940 incli-

1413 2969 1473 2997 nat
1488 2958 1534 2993 ad
1550 2965 1671 2991 actum
1683 2978 1696 2998 ‚
1722 2957 1786 3003 qni
1802 2955 1843 2996 fit
1858 2955 2056 2992 conformis
2084 2955 2186 2991 reftae
2200 2954 2353 2998 rationi,

1413 3007 1521 3046 modo
1535 3017 1630 3047 recta
1643 3007 1734 3044 ratio
1750 3007 1828 3042 infit
1853 3006 2018 3054 operanti
2051 3031 2062 3043 .
2091 3007 2243 3043 Evenire
2263 3016 2353 3042 veto

1410 3057 1549 3108 potest,
1577 3067 1616 3092 nt
1633 3056 1726 3091 idem
1755 3057 1902 3093 habitus
1929 3056 1966 3092 in
1994 3057 2178 3092 naturade
2194 3067 2352 3102 generv

1411 3108 1613 3159 Qualitatis
1626 3133 1636 3149 ‚
1664 3108 1728 3152 qui
1745 3117 1980 3152 generaretur
2017 3119 2064 3142 ax
2081 3108 2222 3144 actibus
2241 3108 2352 3143 absti-

1411 3160 1541 3197 nentiae
1557 3157 1685 3195 elicitis
1697 3168 1778 3192 cum
1806 3160 1943 3194 ratione
1971 3168 2118 3194 erronea
2151 3159 2350 3206 operantis,

1409 3209 1603 3249 accedente
1619 3207 1811 3244 dictamine
1827 3218 1943 3247 recto,
1971 3208 2096 3245 evadat
2113 3210 2225 3244 virtus
2241 3207 2352 3243 absti-

1410 3262 1554 3303 nentia,
1580 3257 1643 3304 qui
1658 3259 1756 3303 prins
1773 3270 1843 3294 non
1856 3270 1929 3294 erat
1946 3259 2094 3295 habitus
2111 3259 2272 3299 virtuti33
2286 3271 2351 3295 nec

1405 3323 1528 3350 (amen
1545 3306 1677 3344 exinde
1693 3311 1854 3345 accretio
1869 3309 1942 3344 ulla
1960 3336 1971 3353 ,
1997 3320 2059 3345 aut
2085 3308 2285 3344 diminutio
2303 3309 2353 3344 fa-

1409 3374 1465 3398 cta
1484 3359 1533 3399 est
1549 3360 1642 3394 circa
1659 3357 1804 3398 habitus
1821 3369 1985 3395 naturam
2003 3372 2018 3399 t
2048 3359 2259 3407 ergoipsnm
2279 3358 2347 3395 effe

1405 3412 1626 3449 conformem
1641 3408 1683 3444 ad
1700 3411 1892 3446 tactionem
1911 3410 2097 3452 rectam,3t
2121 3410 2254 3445 inclina
2263 3422 2298 3446 re
2311 3410 2355 3446 ad

1405 3472 1508 3500 actus
1519 3459 1632 3511 juxta
1646 3462 1790 3504 regulas
1803 3459 2000 3509 prudentiae
2014 3486 2025 3502 ,
2052 3471 2117 3497 aut
2133 3457 2249 3502 secuS,
2266 3472 2356 3497 con-

2207 3511 2303 3548 ditio
2325 3534 2329 3539 -

1445 3647 1492 3681 (a)
1529 3639 1730 3673 Conformitas
1741 3639 2007 3670 aemath-attonem
2019 3640 2124 3670 'reaam
2137 3643 2175 3673 est
2199 3644 2357 3674 sonnaliter

1403 3677 1521 3712 bonitas
1534 3681 1609 3710 aaut
1621 3679 1740 3709 moralis
1752 3698 1763 3715 ‚
1787 3678 1941 3719 supponens
1953 3689 2005 3718 pro
2020 3683 2162 3712 materiali
2176 3684 2355 3723 aggregatio-

1404 3728 1472 3748 nem
1487 3722 1615 3749 omnium
1628 3719 1662 3748 ab
1685 3718 1745 3747 abiu
1768 3719 1868 3747 morali
1890 3721 2120 3759 praeexigitorum
2137 3741 2147 3756 ‚
2171 3731 2261 3760 eaque
2285 3731 2354 3750 con-

1402 3758 1557 3787 formitasa
1571 3758 1697 3787 Dossore
1711 3757 1867 3796 appellatur
1877 3759 1965 3786 decor
1978 3760 2094 3797 quidam
2114 3760 2189 3789 εᾶιις
2199 3779 2210 3795 ,
2232 3770 2292 3799 quoe
2315 3760 2356 3788 est

1402 3797 1505 3826 relatio
1519 3797 1647 3835 qua-dam
1658 3796 1774 3826 Ordinis
1787 3797 1819 3825 ad
1832 3796 1974 3828 ‹iterante-n
1986 3800 2092 3827 retium
2110 3821 2118 3833 ,
2141 3798 2187 3828 seu
2207 3808 2290 3838 prout
2302 3798 2349 3826 ille

1404 3843 1554 3879 aggregata
1566 3836 1594 3864 in
1606 3843 1693 3879 unum
1706 3834 1887 3875 disponuntur
1898 3837 1931 3869 δ’.
1944 3837 2168 3877 ordinantur-sub
2191 3837 2288 3878 regula
2309 3837 2351 3865 di·

1405 3873 1531 3904 &ammte
1553 3874 1641 3903 refir-

2383 1321 2465 1359 t‘stum
2474 1324 2581 1352 artic·-
2600 1323 2602 1358 ᾖ
2626 1300 2628 1356 i

2383 1361 2442 1390 lum
2453 1378 2465 1388 .

2439 1451 2503 1500 (⁰)

2387 2509 2502 2539 Bonitas
2521 2517 2577 2538 rno-

2387 2549 2453 2578 ralis
2465 2548 2502 2577 est
2516 2545 2577 2577 aeni

2389 2587 2416 2615 in
2426 2587 2477 2617 else
2487 2596 2583 2625 natura¹

2387 2626 2415 2654 δι
2429 2626 2534 2655 habitui
2544 2625 2581 2661 in„

2387 2664 2508 2694 clinanti
2521 2663 2553 2693 :td
2579 2688 2581 2692 .

2385 2703 2456 2733 tales
2469 2703 2549 2737 aaut,

2387 2742 2517 2772 conditio
2526 2749 2573 2769 om-

2388 2783 2455 2810 nino
2465 2779 2579 2810 accides:

2389 2821 2454 2850 talis
2465 2838 2476 2849 o
