2628 4011
71 1074 200 1115 Qualiter
221 1070 271 1100 fiat

70 1124 156 1145 unum
170 1121 204 1140 ex

83 1150 271 1192 praeexistente

71 1192 198 1223 realitate
209 1196 272 1227 gra·

14 1252 17 1258 ι
71 1229 202 1266 dibusque
235 1226 271 1254 de

15 1284 17 1287 ·
69 1270 149 1311 super
163 1265 272 1297 additis.

722 98 881 145 Tamus
912 97 995 142 III.
1012 99 1143 147 Part.
1174 96 1239 143 II.
1269 94 1466 164 Qaestio
1496 96 1572 142 LI.
1599 97 1705 143 Art.
1735 98 1797 144 II.

304 173 444 210 Deinde
462 166 707 215 Augustinus,
719 165 802 211 7.de
822 164 953 200 Trinit.
969 173 1041 209 cap.
1060 168 1095 201 6.
1113 168 1246 202 Omnis

304 224 415 260 forma
431 221 594 271 specifica
609 215 802 265 perfectior
817 214 917 250 estin
937 216 1086 252 diversis
1116 216 1248 252 indivi-

303 275 389 310 duis
405 286 446 314 ac
463 275 502 310 fit
516 273 551 307 in
567 280 642 307 uno
654 295 664 309 ‚
677 267 709 302 8(
725 277 915 314 propterea
931 265 965 300 in
982 264 1115 301 divinis
1130 268 1250 303 locum

303 325 438 361 habere
451 321 576 368 nequit
589 316 752 365 specifica
766 314 965 352 differentia
980 341 992 357 ,
1018 318 1103 362 qui-a
1122 329 1251 353 natura

301 377 362 414 illa
377 387 446 415 non
460 372 508 409 est
523 367 713 418 perfefflor
726 368 762 403 in
774 368 892 404 tribus
908 393 916 405 ,
930 378 969 410 ac
984 367 1019 402 in
1033 378 1107 402 uno
1121 368 1256 415 suppo-

304 428 393 463 fim,
408 424 589 468 Adeoque
602 419 624 455 fl
642 419 760 463 forma
776 419 886 455 unius
904 416 1089 453 individui
1116 417 1199 455 esset
1217 419 1254 453 in

303 479 375 514 alio
387 471 574 512 individuo
595 481 720 518 praeter
755 470 938 506 materiam
968 467 1064 507 suam
1082 494 1096 512 ‚
1124 469 1256 514 indivi.

305 528 419 565 duum
438 524 529 561 soret
546 520 740 571 perfeetius
755 533 797 557 ac
814 531 909 557 nunc
925 518 964 554 fit
981 546 994 560 ,

405 575 585 622 Exemplis
596 571 700 608 etiam
716 571 787 607 hoc
801 571 915 621 ipsum
927 570 1145 608 declaratur.
1158 574 1258 610 Nam

305 626 462 665 medium
488 625 601 670 magis
628 623 855 660 illuminatur
882 625 952 669 per*
981 621 1056 657 duo
1090 622 1259 658 lumina..-

306 678 453 724 aequalia
469 700 482 719 ,
503 688 544 710 ac
558 675 621 710 fiat
636 686 697 719 per
710 685 821 709 unum
836 700 846 709 .
863 673 1032 710 Similiter
1057 674 1080 709 fi
1101 675 1260 709 duorum

304 730 471 773 gravium
483 726 626 775 pondus
640 726 700 760 uui
725 735 870 760 tantum
901 724 1086 762 inderetur
1112 723 1261 772 procul-

304 778 419 815 dubio
435 779 551 824 magis
567 776 651 812 esset
663 786 775 820 grave
789 786 830 810 ac
863 775 904 811 fit
927 780 1076 824 proprio
1099 774 1259 822 pondere

303 839 447 866 tantum
463 854 471 863 .
489 827 680 869 Secundus
696 826 812 872 igitur
835 825 969 872 gradus
995 823 1116 869 forma
1143 825 1262 873 quali-

303 881 388 915 tatis
403 877 577 924 intensam
595 879 709 924 magis
724 876 836 922 ipsam
853 876 1001 914 reddere
1014 876 1130 924 potest
1146 902 1156 918 ,
1183 873 1260 911 esto

303 934 344 970 fit
371 932 518 979 aequalis
540 956 552 973 ‚
594 929 651 966 vel
682 928 792 965 etiam
827 929 943 965 minor
982 926 1260 978 praeexistente)

304 986 421 1033 gradu
435 1009 445 1019 .
983 978 988 982 “

399 1038 486 1086 Qa
499 1043 619 1069 autem
634 1033 775 1068 tattone
786 1041 830 1067 ex
854 1029 1098 1078 pra-,existente
1123 1029 1263 1067 realita-

303 1096 364 1129 te,
391 1087 425 1122 8<
444 1083 725 1122 advenientibus
738 1082 912 1127 gradibus
931 1080 990 1116 fiat
1021 1094 1133 1123 unum
1150 1107 1160 1122 ,
1180 1081 1260 1116 ita..

305 1137 553 1174 declaramus:
572 1131 891 1183 Quemadmodum
905 1134 940 1166 in
957 1134 1102 1179 quantis
1114 1132 1261 1180 quanti·

306 1200 380 1224 tate
396 1189 500 1225 molis
516 1197 591 1222 tota
610 1185 794 1231 quantitas
805 1182 849 1217 dc
862 1182 894 1218 se
912 1182 961 1218 est
976 1197 1044 1220 una
1060 1212 1071 1227 ,
1094 1185 1123 1219 8(
1138 1196 1260 1224 tamen

305 1239 414 1275 habet
424 1249 542 1285 partes
554 1233 714 1282 ejusdem
728 1234 881 1271 rationis
897 1261 906 1274 ,
932 1236 981 1271 ita
997 1247 1117 1282 partes
1144 1246 1260 1283 quan-

304 1292 418 1327 titatis
443 1287 594 1325 virtutis
610 1285 654 1323 de
677 1285 710 1321 se
741 1286 822 1324 sunt
853 1298 932 1323 uuae
964 1287 997 1322 &
1027 1287 1262 1328 constituitur

305 1353 424 1381 totum
442 1341 662 1383 unigeneum
677 1350 747 1373 non
765 1340 853 1387 qnia
868 1339 980 1374 altera
996 1337 1046 1374 est
1063 1336 1168 1379 εᾶιιε
1185 1364 1194 1377 ,
1213 1338 1263 1371 al-

306 1404 383 1429 tera
401 1391 561 1440 potentia
580 1417 589 1430 ‚
619 1388 678 1424 sed
694 1390 782 1432 quia
798 1388 861 1425 sub
874 1389 941 1425 alia
961 1399 1061 1435 parte
1078 1390 1266 1437 quantita-

309 1445 357 1481 tis
371 1444 419 1480 est
433 1443 498 1477 alia
513 1452 594 1488 pars
628 1440 831 1476 substantie
858 1467 867 1477 .
897 1439 1069 1489 Alioquin
1094 1441 1267 1486 qualibet

309 1507 392 1544 pars
409 1490 651 1531 substantialis
667 1503 767 1536 aeque
784 1489 867 1526 effer
885 1492 920 1527 in
945 1492 1109 1538 qualibet
1142 1502 1267 1537 parte,

311 1556 390 1581 tota
409 1569 418 1585 ,
443 1542 495 1576 uti
507 1542 554 1576 est
577 1541 798 1576 intelleffiva
815 1565 826 1581 ‚
857 1542 885 1574 8(
917 1543 1061 1582 matt-ria
1089 1543 1265 1583 fimiliter3

314 1594 372 1630 sed
387 1590 588 1632 substantia
617 1591 717 1637 prius
729 1588 836 1626 habet
856 1588 921 1636 effi
937 1593 1151 1628 naturaliter
1179 1590 1269 1627 sua-.-

314 1642 520 1693 quantitate
533 1651 677 1686 recepta
698 1653 709 1680 ;
740 1652 828 1686 ergo
845 1642 989 1685 quantit
1006 1642 1045 1679 ti
1061 1641 1270 1689 praesuppoe

313 1698 413 1732 nitur
428 1690 672 1735 susceptivum
692 1691 847 1731 virtuale
862 1717 871 1730 ‚
897 1689 1033 1727 habens
1054 1693 1097 1728 de
1112 1691 1143 1728 se
1159 1694 1271 1728 unita,

315 1758 387 1782 tem
405 1743 560 1789 partium
589 1740 834 1784 unigeneam3
866 1740 976 1784 idque
1000 1742 1034 1775 in
1061 1742 1270 1779 universum

315 1794 438 1833 evenit
466 1793 500 1826 in
527 1790 696 1826 omnibus
725 1791 912 1835 unigeneis
945 1802 956 1829 ς
984 1791 1068 1834 quia
1096 1792 1271 1835 quaelibet

313 1842 541 1891 unigeneitas
558 1852 640 1876 nata
653 1840 701 1877 est
714 1841 783 1876 efl'e
801 1843 834 1875 in
850 1852 921 1876 uno
937 1839 1127 1876 individuo
1154 1849 1272 1886 quan-

313 1908 393 1933 tum
405 1893 456 1931 est
471 1893 513 1929 de
526 1891 581 1936 se,
607 1892 641 1928 8(
659 1894 779 1928 omnia
795 1890 981 1927 individua
997 1892 1174 1938 unigenea
1196 1889 1270 1926 de„

313 1946 444 1985 senata
464 1943 543 1980 sunt
562 1941 629 1978 esse
646 1956 757 1979 unum
777 1942 1010 1978 individuum
1032 1967 1043 1979 0

415 1999 496 2036 Nec
514 1994 597 2042 quia
623 1994 863 2041 compositum
893 1993 1074 2030 effentiale
1107 1991 1275 2029 coalescit

314 2060 361 2085 ex
375 2059 439 2097 per
457 2045 490 2081 se
512 2044 597 2080 astu
635 2044 669 2081 8(
688 2045 849 2092 potentia
868 2071 878 2086 ,
894 2055 1045 2093 oportet
1061 2047 1096 2082 in
1107 2046 1176 2081 hac
1190 2044 1274 2080 uni-

313 2112 388 2137 tate
405 2096 561 2137 astruere
574 2095 694 2132 astum
712 2096 746 2137 8(
770 2096 971 2141 potentiam
987 2109 1092 2139 :nam
1118 2096 1194 2131 haec
1221 2093 1271 2131 est

312 2149 462 2188 alterius
475 2148 616 2192 generis
631 2147 664 2182 8(
684 2147 833 2182 rationis
849 2148 894 2183 ab
911 2147 971 2184 illa
989 2174 1002 2189 ,
1021 2148 1093 2183 imo
1109 2145 1159 2189 est
1176 2147 1273 2191 prior

312 2203 455 2238 unitate
469 2193 694 2234 coalescente
711 2209 754 2233 ex
768 2198 917 2233 materia
939 2200 972 2235 8<
991 2199 1106 2234 forma
1121 2225 1129 2236 ,
1147 2197 1274 2244 Siqui÷

313 2253 394 2289 dem
409 2248 501 2287 faeta
518 2246 743 2291 resolutione
760 2250 954 2297 compositi
966 2249 1000 2285 in
1019 2260 1138 2297 partes
1161 2248 1275 2286 effen-

312 2304 415 2341 tiales
431 2312 613 2349 utrunque
630 2309 830 2337 extremum
846 2300 895 2337 est
909 2312 1022 2338 unum
1041 2302 1179 2337 unitate
1193 2298 1276 2334 uni-.

313 2353 505 2401 geneitatis
533 2376 546 2395 ‚
577 2353 663 2399 quia
687 2362 760 2387 tatu
789 2353 965 2395 materia,
994 2364 1102 2399 quam
1127 2349 1286 2391 forma-,1

313 2407 421 2442 habet
433 2415 554 2451 partes
565 2402 728 2450 ejusdem
745 2404 894 2439 rationis
906 2415 950 2438 ex
964 2403 996 2439 se
1021 2402 1221 2440 formaliter
1238 2427 1247 2436 .

417 2455 476 2494 Ad
491 2465 705 2500 argumenta
725 2480 734 2490 .
752 2453 808 2490 Ad
826 2454 981 2500 primum
1015 2465 1098 2489 cum
1125 2451 1273 2493 dicitur,

312 2506 448 2555 gradus
462 2505 667 2542 esteffentia
680 2531 689 2540 .
706 2504 927 2552 Respondeo
942 2534 952 2547 ,
987 2504 1035 2541 Tb
1049 2503 1198 2551 effintia
1214 2513 1274 2537 ac-

313 2559 387 2606 cipi
401 2557 805 2606 potes'tptoquidditate
822 2583 832 2597 ‚
863 2556 921 2592 std
937 2557 1005 2594 hac
1029 2557 1064 2590 in
1098 2555 1275 2602 acceptio.

314 2622 359 2646 ne
373 2610 495 2644 nullus
509 2608 642 2653 gradus
655 2607 886 2645 indivisibilis
899 2607 1001 2643 estin
1016 2605 1164 2642 essentia
1181 2630 1193 2647 ,
1209 2604 1272 2639 nisi

315 2659 489 2696 sumendo
509 2662 543 2694 in
560 2657 699 2706 profith
720 2681 728 2691 .
749 2657 910 2703 Accepta
926 2669 1044 2694 autem
1062 2655 1205 2691 essentia
1234 2655 1271 2689 in

315 2709 509 2748 individuo
523 2721 592 2744 non
611 2709 658 2745 est
677 2707 778 2743 aliud
793 2720 811 2742 a
824 2719 956 2743 natura
974 2705 1137 2753 specifica
1151 2707 1187 2739 in
1204 2704 1269 2740 isto

314 2773 427 2808 atque
439 2762 488 2795 ita
507 2759 650 2795 essentia
664 2770 821 2804 augetur
835 2784 843 2793 .
864 2759 912 2794 Αῑ
928 2758 1011 2795 inde
1025 2769 1095 2793 non
1109 2756 1273 2803 sequitur

306 2813 521 2849 mutationi
536 2810 680 2847 essentia
695 2808 859 2847 absolute
875 2836 887 2853 ,
911 2809 968 2845 sed
981 2819 1123 2846 tantum
1140 2806 1271 2853 secun-³

314 2864 402 2901 dum
414 2862 503 2910 quid
516 2889 524 2898 .

413 2914 473 2952 Ad
493 2911 688 2949 secundum
708 2911 906 2957 respondeo
921 2939 930 2953 ‚
958 2907 1122 2958 Quando
1138 2908 1180 2943 de
1204 2907 1274 2942 rri-

312 2976 380 3002 nus
394 2964 511 3001 calido
527 2964 568 2999 fit
587 2964 698 3010 magis
715 2963 875 2999 calidum
891 2965 986 2998 nulla
1014 2970 1093 3010 pars
1119 2958 1156 2996 fir
1185 2970 1272 2994 tunc

314 3015 432 3052 calida
448 3027 552 3063 ,quae
573 3016 672 3062 prius
689 3026 759 3049 non
777 3014 882 3050 fuerit
902 3015 1017 3049 calida
1037 3048 1045 3053 ,
1059 3010 1128 3046 Sed
1148 3009 1190 3043 de
1205 3011 1268 3044 mi-

311 3078 381 3103 nus
398 3066 513 3102 calido
529 3065 566 3101 fir
582 3067 695 3110 magis
713 3092 723 3104 .
750 3077 860 3112 atque
877 3066 924 3101 ita
939 3064 986 3100 est
1000 3061 1175 3110 appositio
1190 3072 1270 3105 gra—

313 3116 381 3154 dus
399 3118 440 3154 ad
461 3117 612 3163 gradum
629 3128 711 3151 cum
728 3115 873 3151 habitus
902 3125 1054 3161 augetur
1073 3137 1080 3146 .
1104 3109 1267 3146 Phnoso-

312 3167 408 3216 phus
425 3171 546 3214 itaque
559 3165 760 3202 concedens
774 3179 937 3212 magnum
951 3166 982 3200 8<
999 3174 1171 3212 parvum,
1185 3174 1267 3207 quae

311 3218 586 3265 consequuntur
606 3217 878 3253 mefac-tionem
899 3219 929 3253 ,ᾖ
950 3213 1267 3251 condensationem

312 3268 389 3304 fieri
404 3271 498 3305 circa
512 3269 710 3303 adventum
726 3270 873 3303 alterius
900 3267 1057 3304 marcriae
1077 3290 1089 3307 ‚
1115 3262 1269 3298 subinde

311 3320 393 3354 vult
411 3320 614 3367 pattcsillis
630 3317 808 3361 subjetflas
827 3318 1075 3353 accidentibus
1094 3323 1266 3349 manere.)

311 3369 449 3406 easdem
464 3396 475 3412 ,
503 3368 559 3403 sed
575 3379 654 3404 cum
669 3367 795 3413 majori
813 3370 845 3404 8<
873 3369 1012 3403 minore
1043 3365 1268 3412 quantitate3

310 3421 426 3465 igitur
444 3420 699 3455 multolortius
727 3420 777 3453 ita
805 3420 873 3454 etit
899 3421 932 3455 in
962 3417 1167 3465 quantitate
1197 3416 1270 3449 vir-

313 3480 403 3506 tutis
422 3495 433 3505 .

420 3518 479 3553 Ad
495 3520 644 3555 tertium
670 3518 829 3554 dicimus
858 3545 868 3559 ‚
904 3519 1064 3554 Habitus
1080 3515 1269 3560 aliasque>

316 3567 396 3615 ejus
415 3571 554 3615 generis
582 3570 715 3605 formas
747 3570 882 3604 intendi
917 3583 977 3615 per
1003 3568 1139 3615 aequale
1161 3566 1269 3601 adve.

316 3621 419 3655 niens
433 3645 444 3659 ,
468 3619 502 3655 8<
520 3621 712 3666 perminus
731 3633 742 3659 ;
766 3619 852 3654 licut
869 3631 964 3663 patet
979 3619 1020 3654 de
1036 3617 1159 3663 tepido
1190 3616 1259 3651 abs

317 3680 389 3715 que
405 3669 464 3703 sua
484 3672 631 3704 materia
648 3669 772 3704 addito
788 3670 891 3704 alteri
913 3669 1057 3716 tepido;
1075 3667 1272 3701 formaliter

318 3720 412 3754 enim
425 3718 581 3760 evadunt
600 3720 771 3754 intensius
787 3745 797 3759 ,
824 3720 855 3753 8(
875 3720 921 3754 ita
941 3721 1076 3766 pariter
1094 3717 1114 3750 Γι
1133 3716 1271 3752 modica

320 3768 486 3803 caliditas
503 3768 691 3804 adderetur
707 3770 830 3811 alteri,
854 3780 1048 3814 augeretur
1061 3794 1073 3810 ‚
1096 3775 1137 3801 ut
1152 3765 1271 3803 decla-

325 3831 440 3854 ratum
457 3835 469 3852 t
482 3818 505 3852 st
527 3818 744 3865 infhlutwne
758 3845 767 3854 ,

1430 164 1489 201 Ad
1505 174 1676 209 quartum
1693 163 1883 200 dicendum
1900 191 1912 207 ,
1943 167 2106 205 Gradutn
2124 171 2188 213 qui
2219 180 2280 214 ap·

1328 215 1478 263 ponitur
1495 226 1565 250 non
1580 213 1752 257 distingui
1779 213 1895 259 specie
1910 230 1927 250 a
1954 231 1994 264 pr
2007 216 2280 259 cerruit-nribus,

1328 278 1374 302 ex
1389 267 1523 312 quibus
1535 264 1706 299 omnibus
1723 262 1762 297 fit
1779 276 1888 299 unum
1921 269 2138 314 unigeneum
2164 279 2281 302 curn...

1329 315 1609 352 advenientibus
1634 314 1808 358 gradibus
1836 339 1845 348 .
1873 317 1975 351 S'cut
2004 321 2116 363 igiur
2162 326 2282 363 partes

1330 367 1565 409 homogeneae
1578 365 1726 413 quando
1737 364 2013 411 conjunguntur
2027 395 2036 409 ‚
2065 373 2117 403 uti
2134 369 2231 413 prius
2248 366 2282 402 se

1330 417 1412 467 ipsis
1429 417 1745 462 distinguebantur
1764 443 1775 458 ,
1803 417 1852 452 ita
1869 415 1987 464 seipsis
2004 417 2082 453 sunt
2099 431 2209 454 unum
2222 443 2232 453 .

1391 517 1794 563 ARTlCULUS
1849 517 2181 556 lNClDr2NS
2215 544 2224 555 .

1331 621 1560 660 Utrumrota
1589 618 1745 659 charitas
1773 618 2003 667 praeetistens
2030 628 2285 663 corrumpatur

1381 682 1465 707 curn
1480 680 1574 705 nova
1592 669 1779 705 inducitur
1796 697 1808 712 ‚
1839 673 1885 705 ita
1903 670 2004 716 quod
2030 670 2128 704 nulla
2160 681 2236 704 rea·

1432 721 1514 763 htas
1528 720 1649 755 eadem
1669 733 1821 756 nurnero
1837 731 1977 756 maneat
2007 721 2040 754 in
2067 719 2185 756 chari-

1563 782 1642 807 tute
1671 771 1810 819 majore
1843 773 1877 807 8<
1898 772 2034 807 minore
2050 795 2060 806 .

1334 872 1566 920 Expendicur
1577 874 1692 922 opinio
1705 870 1874 919 Goffiedi
1893 872 1936 907 de
1961 880 2152 919 augmento
2173 870 2295 907 chari-

1436 928 1523 960 tatis
1542 951 1550 963 ‚
1588 933 1865 971 caeterorumque
1878 923 2067 959 habituum
2099 922 2223 969 Quod!
2255 933 2293 970 7.

1436 973 1564 1020 quaest.
1580 989 1616 1023 7.
1629 975 1728 1022 cujus
1736 973 1978 1020 ficudamenta
1991 975 2171 1010 contraria
2183 973 2294 1010 etiam

1430 1024 1719 1072 suntsententiae
1734 1052 1743 1061 .
1764 1029 1803 1064 S.
1824 1025 1966 1062 Thomae
1979 1050 1990 1061 .

1388 1128 1521 1167 Dofffor
1542 1141 1571 1166 x.
1603 1128 1687 1164 diff.
1720 1140 1775 1174 ¹7·
1800 1140 1833 1175 q.
1859 1139 1895 1173 4.
1918 1127 1957 1164 in
1990 1129 2245 1180 ‘'prortation.

1438 1180 1527 1217 ibid.
1541 1193 1576 1228 q.
1592 1190 1622 1226 3.
1638 1181 1678 1217 S.
1695 1178 1842 1216 Thomas
1859 1190 1888 1219 ι,
1908 1190 1943 1215 2.
1957 1191 1989 1227 q.
2006 1191 2067 1225 52.
2082 1188 2198 1215 art-2.

1466 1283 1589 1320 ldetur
1604 1294 1687 1318 cum
1700 1282 1853 1318 charitas
1866 1281 1932 1322 C&
1948 1281 1994 1317 {ic
2007 1280 2050 1317 de
2075 1281 2213 1316 caeteris
2236 1279 2302 1313 ha·

1475 1335 1634 1382 bitibus)
1649 1345 1804 1379 augetur
1817 1332 1903 1369 nihil
1918 1330 2177 1381 praecxistentis
2197 1329 2304 1376 supe·

1345 1388 1431 1423 tefl'e
1445 1413 1455 1428 ‚
1475 1385 1533 1421 sed
1547 1387 1699 1421 omnino
1716 1381 1904 1432 corrumpi
1923 1399 1930 1407 ·
1947 1386 2043 1420 Nam
2063 1382 2085 1418 fi
2100 1381 2305 1429 quidquam

1343 1436 1533 1486 superesset
1548 1435 1810 1483 praeexistentis
1823 1438 1856 1471 in
1874 1433 1958 1471 casu
1974 1434 2160 1479 augmenvi
2185 1432 2307 1468 chari-

1344 1491 1456 1530 ta‘is3
1479 1486 1675 1532 igituripsa
1689 1486 1804 1522 forma
1828 1495 2022 1533 augeretur
2053 1483 2305 1531 subjeffive„

1344 1541 1416 1589 ipsa
1435 1541 1572 1588 quippe
1590 1549 1736 1574 manens
1765 1538 2072 1574 transmutaretur
2101 1535 2146 1571 de
2175 1533 2309 1570 minori

1345 1595 1386 1627 ad
1407 1591 1544 1634 maius.
1564 1590 1602 1625 ld
1618 1600 1704 1624 vero
1716 1587 1782 1624 effe
1798 1590 1903 1638 plane
1928 1584 2055 1623 falsum
2082 1596 2125 1622 ex
2152 1595 2196 1621 eo
2220 1596 2309 1619 con-

1346 1643 1509 1678 vincitur
1528 1666 1538 1681 ‚
1566 1641 1651 1687 quia
1674 1639 1787 1673 forma
1815 1639 1966 1685 simplex
1991 1636 2309 1673 transmutationis

1348 1690 1550 1736 subjefi’tutn
1579 1688 1646 1725 effe
1673 1700 1744 1723 non
1768 1688 1884 1736 potest
1904 1714 1913 1728 ‚
1940 1699 1980 1722 ut
2010 1685 2133 1724 scribit
2163 1686 2307 1723 Aut-tor

1347 1746 1423 1780 Stx
1441 1741 1716 1787 ”Principiorum
1734 1751 1746 1778 3
1771 1752 1857 1785 ergo
1873 1739 1941 1773 hac
1955 1737 2098 1774 ratione
2110 1746 2175 1772 nec
2188 1736 2310 1771 chari-

1346 1804 1401 1826 tas
1418 1816 1429 1831 ,
1448 1793 1736 1833 necquicunqne
1748 1791 1838 1823 alius
1851 1789 1874 1823 h
1904 1789 2001 1823 bitus
2020 1786 2136 1833 potest
2152 1787 2279 1835 augeri
2297 1811 2309 1823 .

1454 1837 1629 1872 Praeterea
1645 1863 1653 1876 ,
1682 1836 1848 1872 Termini
1864 1848 1984 1873 motus
2004 1837 2085 1873 sunt
2105 1837 2310 1879 incompos-

1346 1889 1464 1925 sibiles
1480 1900 1525 1924 ex
1540 1898 1573 1932 ς.
1595 1887 1707 1935 Phys<
1724 1895 1799 1924 tex.
1817 1888 1878 1923 26.
1896 1891 2008 1935 igitur
2038 1887 2149 1934 hujus
2172 1900 2309 1931 motus,

1348 1941 1408 1976 vel
1433 1940 1644 1975 mutationis
1666 1965 1678 1981 ,
1705 1951 1781 1985 quo
1806 1939 1962 1975 charitas
1990 1950 2144 1986 augetur
2166 1939 2313 1974 termini

1349 2002 1453 2028 erunt
1472 1990 1805 2035 incomposiibiles3
1833 1989 2026 2036 ergoillud
2038 1989 2137 2038 quod
2163 1990 2211 2026 est
2239 2001 2313 2026 ter-

1349 2040 1532 2079 minusad
1555 2053 1658 2087 quem
1683 2040 1731 2077 est
1763 2042 1966 2090 simpliciter
1994 2041 2312 2089 incompoffibile,

1347 2093 1507 2136 termino
1522 2104 1620 2138 aquo
1638 2106 1651 2139 3
1675 2105 1761 2138 ergo
1778 2106 1848 2129 non
1864 2093 2017 2128 includit
2037 2093 2129 2128 idem
2145 2103 2312 2128 numero.

1456 2144 1711 2180 Confirmatur
1728 2171 1736 2186 ‚
1764 2142 1866 2186 Sicut
1883 2146 1918 2179 in
1949 2142 2140 2192 speciebus
2163 2145 2311 2192 ponitur

1348 2198 1464 2245 magis
1478 2198 1509 2232 &
1524 2197 1643 2232 minus
1659 2208 1805 2240 propter
1818 2195 1983 2231 ordinem
2002 2193 2220 2230 essentialem
2252 2207 2310 2230 ea·

1350 2249 1500 2289 rundem
1522 2274 1532 2289 ‚
1559 2249 1605 2280 ita
1625 2246 1689 2281 suo
1710 2249 1818 2283 modo
1831 2246 1880 2282 est
1897 2246 2085 2293 ponendus
2114 2246 2148 2280 in
2178 2244 2313 2283 indivi-

1349 2301 1431 2338 duis
1449 2297 1611 2343 ejusdem
1629 2299 1758 2347 speciei
1778 2312 1788 2335 z
1808 2298 1926 2345 Atqui
1946 2296 2141 2344 perfeb‘lior
2164 2295 2312 2343 species,

1350 2352 1398 2388 est
1427 2351 1633 2395 (impliciter
1663 2351 1732 2385 alia
1768 2360 1895 2384 natura
1947 2349 1990 2383 ab
2035 2347 2309 2394 imperfte'tiori:

1351 2404 1482 2438 adeout
1503 2400 1586 2435 nihil
1602 2401 1692 2436 idem
1709 2412 1860 2436 numero
1878 2410 2022 2435 maneat
2040 2400 2073 2432 in
2097 2400 2311 2445 utrisque„

1351 2455 1426 2490 imo
1447 2451 1607 2497 superior
1623 2452 1670 2487 est
1684 2452 1855 2486 inferiore
1869 2450 2074 2497 perfefftiorx
2087 2453 2173 2496 quia
2188 2451 2313 2486 aetua-

1350 2508 1443 2545 li0r3
1477 2513 1565 2547 ergo
1591 2505 1624 2537 in
1652 2503 1853 2539 individuis
1879 2499 2040 2547 ejusdem
2071 2501 2197 2546 speciei
2220 2500 2309 2539 nihil

1351 2551 1628 2600 imperfcffioris
1653 2554 1749 2589 idem
1778 2564 1930 2588 numero
1971 2561 2090 2587 manet
2130 2551 2164 2585 in
2196 2552 2313 2599 perfe-

1351 2607 1467 2650 {tiore
1486 2629 1494 2645 ,

1451 2656 1589 2691 Contm
1610 2683 1618 2698 ‚
1645 2654 1852 2691 Secundum
1869 2652 2099 2690 Aristotelem
2135 2664 2161 2690 t.
2178 2651 2222 2688 de
2236 2651 2311 2689 Ge-

1348 2719 1501 2744 ner-tex
1524 2717 1580 2752 3¹-
1600 2707 1633 2742 8(
1653 2718 1713 2754 3τ.
1729 2706 1871 2741 auc3‘um
1888 2713 2024 2754 oportet
2042 2715 2204 2744 manere3
2222 2717 2310 2749 ergo

1351 2760 1385 2794 8<
1407 2761 1440 2792 in
1472 2768 1673 2801 augmento
1697 2768 1924 2806 quocunque
1950 2767 2023 2791 non
2050 2753 2090 2793 fit
2120 2756 2312 2804 corruptio

1348 2807 1606 2859 praeexistentis
1620 2834 1630 2848 .,

1354 2861 1356 2864 ’
1450 2859 1669 2906 Respondeo
1683 2889 1695 2905 ‚
1724 2857 1887 2909 Quidam
1904 2868 2051 2905 propter
2068 2857 2174 2892 allata
2194 2867 2307 2900 argu·

1350 2921 1469 2947 menta
1496 2910 1540 2944 ad
1568 2921 1706 2957 partem
1737 2910 1992 2948 affirmativam
2028 2918 2184 2955 putant,
2221 2905 2309 2943 nihil

1348 2962 1588 3009 perxistentis
1602 2961 1789 2999 chariratis
1807 2972 1952 2996 manere
1978 2960 2069 2995 idem
2098 2970 2250 2994 numero
2273 2959 2306 2992 in

1348 3013 1526 3048 charitate
1539 3013 1643 3047 auria
1660 3040 1672 3057 ,
1697 3014 1755 3049 sed
1773 3023 1894 3048 totum
1907 3012 2057 3046 omnino
2071 3036 2080 3047 ,
2105 3009 2204 3055 quod
2222 3020 2307 3055 prae·

1347 3064 1415 3100 fuit
1431 3064 1642 3110 corrumpi,
1667 3065 1700 3100 8(
1719 3064 1821 3110 gigni
1848 3063 1940 3098 aliud
1975 3059 2205 3096 individuum
2235 3060 2306 3094 uti·

1348 3125 1418 3161 que
1432 3114 1628 3162 perfec-lius
1642 3116 1707 3150 illo
1724 3141 1734 3157 ‚
1758 3114 1858 3160 quod
1873 3112 2033 3147 interiit.

1364 3165 1367 3168 ’
1452 3168 1533 3203 Nos
1549 3165 1707 3201 dicimus
1725 3195 1732 3205 ,
1754 3165 1846 3200 hanc
1867 3164 2074 3210 opinionem
2098 3161 2305 3199 nullatenus

1351 3214 1419 3251 esse
1432 3215 1656 3263 probandam
1675 3241 1683 3250 .
1700 3215 1809 3252 Unde
1828 3215 1944 3258 primo
1971 3223 2096 3248 contra
2124 3213 2219 3248 illam
2251 3227 2305 3248 ar·

1349 3267 1494 3314 guimus
1524 3265 1801 3315 siczssupposito
1828 3264 1903 3300 steri
1929 3261 2025 3311 posse
2050 3274 2089 3298 ut
2117 3268 2217 3302 Deus
2238 3277 2305 3299 au·

1345 3327 1426 3364 geat
1455 3317 1668 3355 charitatem
1699 3317 1822 3353 eodem
1862 3314 2004 3350 instanti
2043 3326 2120 3360 quo
2158 3315 2303 3350 elicitur

1346 3367 1448 3402 afrus
1461 3368 1668 3403 meritorius
1685 3391 1698 3410 ‚
1722 3368 1830 3413 idque
1857 3364 1969 3411 reipsa
1999 3363 2089 3405 fiat3
2119 3367 2299 3410 arguitur3

1345 3418 1486 3458 Anus,
1512 3419 1579 3464 qui
1595 3428 1752 3454 meretur
1777 3427 2011 3462 augmentum
2033 3415 2219 3452 charitatis
2249 3415 2297 3451 est

1349 3466 1555 3504 meritorius
1577 3481 1588 3509 3
1611 3470 1721 3514 igitur
1735 3467 1933 3507 eoinstanti
1950 3479 2025 3514 quo
2039 3468 2182 3503 elicitur
2211 3478 2299 3511 prae-

1347 3518 1519 3564 supponit
1533 3517 1748 3555 charitatem
1765 3529 1910 3564 :quaero
1930 3529 2040 3564 quam
2069 3517 2300 3553 charitatem?

1346 3571 1476 3615 utique
1491 3581 1562 3604 non
1581 3582 1711 3605 novam
1727 3580 1807 3615 quae
1820 3570 2051 3616 acquiritur3
2080 3569 2101 3603 h
2116 3580 2156 3603 ec
2172 3569 2299 3603 enum

1347 3618 1511 3665 sequitur·
1536 3620 1681 3663 aetum,
1710 3620 1799 3656 sicut
1825 3622 2014 3667 proemium
2046 3618 2095 3654 est
2133 3619 2300 3665 sequela-n

1347 3668 1493 3710 meriti3
1521 3681 1610 3716 ergo
1626 3671 1870 3719 praesupponit
1899 3684 1972 3707 cam
2000 3683 2081 3717 quae
2101 3671 2300 3718 ptaeexiste-

1349 3721 1429 3759 bat,
1460 3731 1500 3754 ac
1516 3732 1577 3766 per
1593 3723 1816 3769 consequens
1837 3724 1870 3756 iu
1886 3723 1946 3757 illo
1965 3722 2104 3756 inllanti
2130 3733 2199 3756 non
2223 3733 2299 3757 cot-

1352 3771 1672 3819 rumpitu13quia
1690 3774 1710 3810 si
1729 3784 2023 3819 corrumperetur
2038 3773 2120 3808 elici
2135 3784 2205 3807 non
2222 3771 2300 3817 pos-

2201 3821 2248 3856 sct

2336 3322 2462 3364 Augetur
2472 3325 2538 3354 cha-

2334 3369 2399 3387 ritat
2434 3364 2536 3392 eodem

2337 3398 2444 3430 inst-'inti
2457 3422 2466 3436 ‚
2479 3413 2536 3439 quo

2336 3437 2447 3468 elicitur
2460 3442 2537 3469 auus

2335 3478 2494 3509 meritorius
2506 3500 2516 3507 .
