2628 4026
84 1210 183 1240 Sermo
211 1204 290 1233 nota-

87 1246 152 1278 bilis
183 1244 217 1273 dc
251 1241 291 1271 su·

113 1280 292 1323 pertimui-ali.

87 1324 136 1354 bus
146 1319 293 1353 revelatio.

89 1362 168 1393 nibus
179 1379 189 1393 ι

395 196 418 242 3
436 186 497 236 56
984 174 1165 220 Summa

318 247 464 297 eoquod
481 244 651 282 asseratur
665 271 677 287 ,
706 241 858 293 Moysen
876 239 1071 278 ministerio
1102 240 1264 283 Angelo-

319 314 398 336 rum
417 300 531 343 legem
547 293 717 343 accepisse
732 321 745 337 ,
773 306 843 331 non
870 292 997 339 sequi,
1020 289 1168 336 aliquod
1193 286 1261 345 esse

317 350 477 390 medium
492 349 584 382 inter
597 358 747 383 mentem
763 372 772 386 ,
801 346 834 381 Sc
851 346 984 383 Deum,
997 353 1078 376 cum
1097 341 1154 377 illa
1165 349 1261 374 veri-

318 413 391 440 tate
431 398 606 434 formatur
623 411 636 438 ς
675 396 833 433 medium
861 396 1009 443 inquam
1030 389 1227 426 informans
1245 410 1259 430 ‚

318 452 381 489 etii
393 449 459 487 effe
475 459 582 495 queat
597 446 755 484 medium
769 443 949 490 adjuvans
961 469 971 484 ,
988 440 1180 488 disponens
1197 467 1208 483 ‚
1222 438 1259 473 &

317 499 564 543 administrans
579 512 590 541 ;
605 498 639 533 &
656 497 726 532 hoc
748 495 850 532 sensu
866 520 879 538 ,
903 505 986 530 cum
1010 502 1109 529 mens
1131 501 1192 538 per
1212 490 1263 525 le-

318 566 401 600 gem
414 552 589 591 formatur
604 575 615 590 ‚
631 547 828 591 requiritur
842 545 1072 591 Angelorum
1104 539 1264 578 ministe-

319 605 413 640 rium
428 629 436 642 ,
453 600 562 647 juxta
577 598 666 634 illud
681 596 847 644 Apostoli
867 608 897 631 i.
924 593 968 628 ad
984 591 1156 629 Corinth.
1182 601 1264 636 cap.

321 666 353 701 3.
372 654 510 699 Neque
519 648 860 698 quiplantat‚neque
871 647 934 693 qui
946 645 1041 690 rigat
1053 640 1100 688 est
1111 638 1265 696 aliquid,

309 704 379 753 fi’d
394 703 458 752 qui
473 704 725 739 incrementum
741 697 803 733 dat
823 700 917 735 Deus
929 720 939 730 .
950 696 1050 730 Sicut
1064 693 1160 728 enim
1174 700 1268 737 agri-

319 755 397 795 cola
411 764 482 790 non
495 749 544 787 est
559 749 694 797 aliquid
709 748 841 785 faciens
865 745 909 781 ad
923 746 1185 780 incrementum
1219 738 1270 774 sa.

319 815 441 845 torum
461 802 507 837 ita
525 812 589 838 nec
607 799 772 843 Angelus
785 823 796 838 ‚
822 808 898 843 quo
909 792 970 829 fiat
989 794 1117 829 mentis
1133 791 1268 827 forma·

319 856 372 891 tio
385 852 477 894 „Uti
489 862 577 895 ergo
596 849 628 885 se
644 849 750 884 habet
766 846 908 882 Doaot
922 843 967 880 ad
980 843 1180 891 discipulos
1195 841 1268 884 ,ita

318 904 484 951 Angelus
501 901 544 936 ad
559 902 653 936 illam
666 898 917 934 formationem
933 921 944 933 .

423 951 480 992 Ad
492 950 692 987 'secundum
719 948 917 996 respondeo
941 972 954 990 ‚
992 958 1053 993 per
1090 941 1267 979 adduc'kas

321 1004 514 1048 scripturas
526 1013 596 1037 non
615 999 764 1043 haberi,
786 1000 909 1035 datam
928 1008 999 1032 non
1026 993 1127 1033 fuisse
1152 994 1270 1040 legem

322 1053 521 1094 ministerio
549 1051 774 1098 Angelorum
792 1077 804 1094 ‚
825 1049 882 1086 sed
917 1045 1107 1094 significari
1132 1045 1270 1093 potius,

323 1104 613 1147 excellentiorem
662 1102 921 1141 revelationem
968 1097 1090 1148 Moysi
1142 1095 1273 1133 saetam

322 1157 427 1200 fulffe
440 1182 450 1196 r

429 1206 487 1245 Ad
504 1204 612 1251 cujus
624 1205 896 1253 intelligentiam
912 1232 924 1249 ‚
939 1201 1122 1241 sciendum
1136 1226 1146 1241 ‚
1158 1199 1275 1235 tribus

329 1259 445 1301 modis
457 1257 630 1293 visionem
642 1257 786 1295 evenire
803 1257 898 1306 pofl'e
919 1255 991 1299 3est
1003 1251 1098 1289 enim
1114 1250 1203 1286 vilio
1220 1251 1277 1285 in·

327 1309 544 1354 telle&ualis
559 1335 569 1349 ,
581 1308 814 1353 imaginaria,
826 1311 859 1345 &
875 1305 1073 1353 corporalis
1090 1315 1100 1338 ε
1119 1304 1151 1338 S<
1164 1301 1279 1337 intel-

328 1361 512 1402 leetualis.
539 1361 624 1396 item
638 1359 770 1406 triplex
796 1357 871 1395 est.
896 1360 993 1395 Nam
1019 1353 1185 1402 quaedam
1211 1349 1276 1392 est,

330 1425 410 1462 quae
423 1410 462 1447 fit
474 1422 536 1458 per
549 1409 700 1457 speciem
716 1437 727 1453 ,
752 1406 810 1446 seu
827 1420 889 1457 per
902 1404 1169 1443 similitudinem
1197 1412 1278 1460 cor-

330 1464 490 1514 poralem
506 1475 523 1496 a
537 1459 693 1498 sensibus
710 1471 894 1508 acceptam
915 1458 973 1499 3&
986 1456 1060 1493 haec
1075 1455 1125 1492 est
1145 1453 1211 1490 Dei
1225 1464 1279 1486 vi·

328 1514 379 1552 fio
391 1525 451 1562 per
467 1512 654 1560 :enigmata
673 1536 681 1545 .
699 1511 781 1550 Alia
795 1511 845 1549 est
860 1538 870 1553 ,
884 1521 966 1556 quae
978 1506 1016 1543 fit
1033 1519 1094 1554 per
1114 1504 1277 1541 similitu-

329 1566 449 1602 dinem
465 1562 706 1608 imaginariam
722 1573 862 1608 ;eaque
876 1560 963 1595 visio
990 1558 1123 1595 dicitur
1147 1566 1288 1602 νει-πει

332 1615 461 1652 sentari
474 1626 533 1659 per
545 1613 678 1659 figuras
697 1624 708 1651 3
728 1624 808 1659 quae
840 1607 1079 1647 obversantur
1106 1606 1280 1651 imagiua.

330 1669 416 1705 tivae
431 1693 439 1702 .
454 1667 537 1702 Alia
550 1664 708 1710 denique
722 1662 771 1698 est
787 1661 876 1699 visio
894 1657 1145 1695 intellefiimalis
1171 1683 1181 1699 ,
1195 1667 1277 1702 quae

330 1730 393 1768 per
406 1716 513 1753 solam
530 1714 570 1750 fit
583 1713 735 1761 speciem
751 1712 1012 1761 intelligibilem
1033 1720 1133 1756 ,quae
1147 1708 1284 1753 uiiquet

332 1781 405 1807 non
418 1766 468 1809 est
486 1778 545 1812 pei·
561 1765 750 1810 ‚migmata
763 1776 828 1800 nec
844 1775 902 1812 per
915 1761 1049 1802 figuras
1067 1773 1079 1801 ;
1103 1760 1175 1794 imo
1193 1754 1282 1793 visio

332 1817 511 1866 ejusmodi
530 1817 729 1864 appellatur
744 1816 893 1850 tertium
924 1813 1066 1850 Caelum
1083 1837 1092 1853 ,
1113 1810 1156 1845 ad
1172 1819 1282 1855 quem

334 1870 448 1915 usque
476 1879 617 1915 raptum
647 1864 679 1902 se
709 1864 810 1902 fuisse
841 1865 974 1902 Paulus
1001 1869 1257 1898 commomerat
1272 1884 1282 1894 .

334 1918 508 1957 Corinth.
524 1931 556 1955 z.
575 1926 646 1964 cap.
667 1927 739 1955 12..
758 1916 878 1954 Prima
902 1914 992 1950 visio
1022 1911 1084 1950 seu
1109 1910 1284 1948 revelatio

337 1971 431 2013 fafita
450 1968 516 2006 fuit
536 1968 653 2016 Moysi
667 1969 702 2004 in
718 1969 810 2003 rubo
833 1994 843 2008 ‚
873 1966 960 2002 dnm
972 1963 1110 2001 arderet
1130 1989 1141 2006 ,
1160 1963 1191 1998 8(
1212 1973 1284 1998 non

340 2023 615 2058 combureretur
631 2044 641 2051 -
653 2018 820 2056 Secunda
837 2016 980 2053 Danieli
999 2016 1057 2050 cui
1079 2013 1214 2050 fiebant
1230 2024 1289 2048 re-

341 2072 538 2108 velationes
553 2069 708 2106 senfibus
721 2081 790 2104 non
804 2066 1073 2115 repraesentatas
1092 2092 1100 2100 .
1116 2068 1165 2103 At
1180 2065 1287 2100 tertia

341 2122 431 2158 ‘vifio
442 2121 514 2157 sive
528 2120 701 2156 revelatio
713 2119 803 2155 faeta
819 2118 887 2154 fuit
900 2115 1016 2164 Moysi
1030 2117 1066 2150 in
1084 2115 1286 2161 legislatio-

342 2186 387 2209 ne
400 2200 410 2215 ‚
424 2172 483 2207 cui
500 2170 635 2219 species
647 2169 894 2215 intelligibiles
917 2165 1211 2203 ministrabantur
1226 2176 1287 2211 per

342 2224 506 2271 Angelos
525 2248 535 2263 ,
547 2223 604 2257 cui
622 2219 769 2269 proinde
784 2220 917 2255 dicitur
935 2229 1004 2254 non
1018 2228 1078 2259 per
1092 2216 1288 2261 enigmata,

341 2286 408 2310 nec
425 2285 485 2321 per
501 2272 635 2317 figuras
649 2296 660 2312 ,
691 2271 835 2306 locutus
856 2269 905 2306 est
920 2269 951 2304 ei
982 2267 1189 2302 Dominus:
1215 2279 1288 2303 non

338 2335 462 2362 tamen
477 2335 538 2371 per
555 2322 625 2357 hoc
639 2331 791 2366 negatur
808 2320 1033 2365 Angelorum
1050 2316 1288 2353 ministerium

338 2375 474 2419 snccies
488 2371 732 2416 intelligibiles
748 2371 796 2405 illi
815 2368 1092 2405 ministrantium
1114 2394 1119 2400 .

357 2417 367 2425 ⁶
444 2424 500 2468 Ad
518 2423 664 2458 tertium
685 2419 881 2468 respondeo
897 2447 907 2462 ‚
933 2419 1035 2455 Sicut
1052 2418 1214 2463 respestu
1232 2422 1291 2456 vi·

342 2476 400 2514 sus
413 2473 613 2521 corporalis
636 2471 769 2519 duplex
796 2471 846 2508 est
871 2470 1051 2512 medium,
1077 2473 1226 2508 alterum
1250 2483 1290 2509 ut

341 2530 406 2565 lux
426 2554 435 2568 ‚
461 2527 614 2560 alterum
632 2533 671 2556 ut
696 2521 879 2567 speculum
905 2520 1147 2567 representans
1171 2523 1293 2560 simili-

344 2579 487 2615 tudines
502 2602 510 2615 ‚
527 2576 574 2610 ita
595 2572 695 2607 Deus
715 2572 864 2609 sehabet
881 2573 922 2607 ad
939 2573 1090 2608 arimam
1111 2601 1121 2616 ‚
1152 2585 1191 2608 ut
1219 2586 1292 2609 me-

345 2629 442 2664 dium
460 2623 679 2668 intelligendi
693 2622 817 2671 ,quod
833 2623 882 2659 est
898 2622 987 2658 ficut
1007 2625 1068 2661 lux
1086 2637 1098 2664 ;
1126 2623 1292 2671 Angelus

346 2690 468 2715 antem
485 2677 571 2712 sicui
590 2673 768 2721 speculum
785 2672 987 2710 ministrans
1002 2675 1174 2719 imagines
1187 2702 1197 2716 ‚
1229 2687 1293 2712 un.

350 2729 391 2764 ele
408 2726 610 2764 intellefihis
624 2737 686 2772 per
703 2727 820 2761 lucem
850 2724 1043 2770 cognoscat
1063 2739 1074 2766 ;
1099 2726 1191 2761 inter
1218 2726 1294 2760 ani-

350 2791 442 2816 mam
460 2779 571 2819 igitiii·
590 2803 599 2817 ‚
614 2787 694 2822 quae
713 2775 763 2812 est
778 2776 844 2812 Dei
857 2776 977 2820 imago
991 2801 1001 2818 ‚
1020 2777 1053 2812 8(
1073 2775 1192 2816 Deum
1204 2776 1293 2813 nibil

349 2829 399 2872 est
412 2828 567 2865 medium
588 2837 650 2875 per
666 2826 811 2862 modum
824 2824 915 2860 lucis
930 2852 939 2866 ‚
952 2825 1001 2861 est
1015 2837 1133 2863 tamen
1146 2827 1295 2873 aliquod

349 2880 507 2916 medium
523 2889 585 2924 per
603 2876 748 2911 modum
767 2875 1012 2911 similitudinis
1031 2904 1040 2917 ,
1066 2879 1120 2913 vel
1147 2877 1294 2922 speculi.

449 2929 590 2971 Contra
609 2926 678 2961 hoc
697 2926 781 2962 facit
807 2925 1006 2962 authoritas
1034 2927 1230 2972 Augustini
1258 2928 1295 2962 in

350 2980 552 3026 soliloquiis
567 2977 767 3016 scribentis3
786 2976 895 3014 Sicut
912 2975 1029 3022 insola
1043 2980 1117 3013 tria
1131 2977 1297 3014 adverti·

351 3043 440 3070 mus,
455 3029 548 3076 quod
559 3027 613 3064 ef?
628 3053 636 3067 ‚
651 3025 895 3073 quodsulget‚
919 3027 1011 3074 quod
1023 3026 1204 3064 illuminat
1219 3042 1230 3069 ;
1247 3028 1295 3072 fic

350 3085 387 3116 in
403 3082 477 3116 Deo
490 3083 563 3115 tria
575 3079 768 3114 advertere
779 3074 941 3113 debemus
957 3104 966 3118 ‚
995 3077 1090 3124 quod
1111 3077 1159 3124 est
1173 3102 1186 3120 ‚
1205 3079 1299 3126 quad

352 3130 523 3176 ,intelligit
537 3156 547 3172 ,
560 3127 653 3177 quod
667 3138 792 3163 caetera
804 3127 1006 3174 intelligere
1010 3126 1105 3174 sarit
1121 3154 1130 3164 .
1161 3127 1195 3164 Si
1209 3140 1297 3174 ergo

351 3181 453 3216 Deus
472 3181 551 3215 facit
567 3190 692 3215 caetera
708 3180 902 3222 intelligere
919 3205 928 3220 ,
943 3190 1028 3225 crgo
1045 3179 1115 3227 ipse
1130 3179 1180 3215 est
1194 3205 1204 3221 ‚
1221 3191 1297 3225 quo

352 3231 556 3267 inient-&tus
570 3230 739 3275 intelligit
760 3254 771 3266 .
793 3227 848 3265 Est
864 3230 972 3276 igitur
990 3231 1214 3265 immediatus
1230 3229 1299 3266 res·

351 3281 459 3330 pefitu
477 3281 678 3317 inteileetus
697 3306 705 3320 ‚
721 3279 806 3315 sicut
824 3281 886 3315 lux
903 3279 950 3315 est
966 3279 1055 3316 visui
1071 3281 1296 3322 immediata3

354 3333 438 3369 niliil
453 3343 539 3375 ergo
563 3331 612 3366 est
634 3330 791 3365 medium
819 3331 911 3365 inter
938 3332 1090 3367 animam
1124 3332 1299 3368 illumina.

352 3394 425 3418 tam
441 3408 451 3423 ,
469 3384 495 3418 3<
513 3382 624 3428 ipsum
638 3391 699 3426 per
713 3382 824 3426 legem
843 3381 1102 3418 illuminantem
1116 3407 1125 3416 .
1141 3382 1297 3429 Respon.

354 3433 427 3468 sio.
454 3434 492 3468 ln
507 3432 767 3468 illuminatione
783 3457 792 3470 ‚
820 3430 877 3466 seu
891 3432 1143 3469 informatione
1171 3435 1299 3468 meniis

354 3496 373 3518 a
392 3483 472 3518 Deo
495 3495 557 3530 per
579 3484 689 3526 legem
711 3508 719 3521 ‚
748 3482 832 3516 nihil
861 3481 909 3516 est
940 3481 1094 3518 medinm
1125 3495 1300 3529 tanquam

354 3534 550 3569 informans
567 3560 577 3575 ‚
598 3533 666 3567 sive
683 3533 915 3573 illuminan83
940 3532 996 3567 sed
1015 3531 1127 3568 solum
1144 3534 1227 3568 sicut
1243 3534 1301 3570 ad.

355 3585 598 3625 miniculan53
626 3595 697 3630 qua
730 3584 868 3618 ratione
893 3583 1057 3629 Angelus
1082 3583 1130 3619 cst
1157 3585 1204 3619 ibi
1230 3597 1300 3619 me-

354 3633 455 3669 dium
471 3662 480 3677 ,
503 3647 631 3682 nempe
644 3633 861 3671 conserendo
877 3659 887 3674 ‚
916 3633 950 3667 8(
965 3633 1174 3680 adjuvando
1189 3634 1231 3669 ad
1262 3636 1304 3671 il·

355 3684 651 3723 luminationem:
682 3685 790 3732 idque
816 3695 889 3719 tam
926 3685 1123 3721 auferendo
1155 3685 1304 3733 impedi-

356 3747 517 3772 mentum
534 3764 544 3779 ,
567 3750 604 3773 ut
620 3735 759 3783 praestat
774 3734 986 3783 adaperiens
1001 3735 1187 3774 fenestram
1205 3763 1213 3777 ‚
1225 3747 1303 3783 quo

355 3785 580 3822 illuminetur
607 3787 764 3827 domus;
791 3797 864 3822 tam
880 3788 1102 3824 conferendo
1124 3789 1167 3823 ad
1190 3786 1303 3823 susce·

357 3838 516 3883 ptionem
529 3838 800 3874 illuminationis
818 3841 921 3886 :qnia
937 3841 1066 3875 excitat
1081 3865 1091 3882 ,
1129 3841 1160 3876 Β(
1181 3848 1302 3874 movet

1205 165 1393 236 Joannis
1425 169 1556 215 Dans
1589 166 1707 216 Scoti

1339 237 1383 273 ad
1415 235 1687 284 suscipiendum
1706 264 1715 277 ‚
1738 233 2000 283 praesentatque
2042 233 2292 270 similitudines

1335 287 1377 322 ad
1404 287 1602 323 videndum
1617 313 1629 328 ‚
1656 287 1767 323 instar
1788 285 1925 327 speculi
1952 286 2158 321 obiicientis
2185 286 2294 320 oculo

1336 349 1456 374 retum
1471 339 1650 383 imagines
1666 339 1725 378 3&
1739 337 1976 372 nihilominus
1991 336 2092 372 Deus
2105 335 2154 370 est
2167 335 2294 370 imme·

1336 388 1433 424 diate
1448 387 1628 424 sehabens
1642 388 1685 423 ad
1699 388 1828 425 mentis
1842 387 2141 424 illuminationem
2162 412 2173 428 ‚
2201 385 2291 422 ficut

1336 440 1401 476 lux
1415 438 1460 475 ad
1474 441 1621 475 oculum
1638 464 1647 472 .

1501 537 2012 578 ARTICVLVS
2063 540 2131 576 IV.

1399 640 1540 678 Utrum
1553 639 1612 676 lex
1626 650 1734 737 vetilis
1746 638 1822 725 {im
1835 639 2000 677 debuerit
2015 639 2077 677 soli
2094 643 2232 689 populo

1720 702 1743 726 u
1771 701 1906 727 aeorum
1932 716 1942 726 .

1345 793 1452 841 Mag.
1467 791 1635 840 eAlenfis
1649 804 1682 840 3.
1694 801 1729 840 p.
1746 804 1782 840 q.
1800 793 1861 829 28.
1873 804 1920 830 m.
1939 800 2053 829 hart.
2067 793 2153 839 4.S.
2175 793 2298 832 Thom.

1653 853 1682 879 1.
1697 853 1732 883 2.
1746 854 1781 890 q.
1798 846 1859 891 98.
1874 851 1947 880 art.
1957 855 1995 891 4.

1388 972 1391 976 ,
1465 947 1586 984 {detur
1598 947 1658 982 tex
1676 955 1782 982 vetus
1794 945 1869 982 dai-i
1885 958 1956 982 non
1969 943 2131 980 debuisse
2155 944 2221 984 soli
2235 958 2300 995 po-

1476 995 1776 1046 puloJudeorurn
1792 1023 1804 1034 .
1831 999 1930 1034 Nam
1944 995 2031 1031 Ati.
2050 1007 2089 1033 2.
2112 993 2301 1035 scribitur.

1352 1052 1459 1100 Qu
1469 1049 1524 1085 eff
1533 1045 1765 1096 personarum
1781 1055 1982 1097 acceptator
1992 1046 2099 1083 ‘Deus
2115 1072 2122 1082 .
2140 1047 2211 1085 Sed
2226 1060 2302 1084 non

1347 1099 1646 1147 tantumJudaei‚
1670 1100 1728 1135 sed
1748 1099 1851 1135 multi
1867 1097 1910 1134 de
1938 1097 2124 1134 Gentibus
2151 1095 2301 1136 suerunt

1349 1156 1433 1190 Deo
1445 1153 1611 1199 accepti,
1627 1161 1668 1186 ut
1681 1162 1778 1197 patet
1792 1150 1836 1185 de
1851 1149 1888 1185 S.
1898 1148 1971 1195 Job
1985 1175 1997 1190 ‚
2016 1147 2168 1194 aliisque
2182 1175 2196 1193 ,
2210 1161 2306 1196 quo·

1349 1216 1429 1240 rum
1448 1201 1485 1238 fit
1505 1204 1642 1239 mentio
1664 1203 1700 1238 in
1730 1202 1852 1244 divina
1869 1199 2058 1247 Scriptura
2073 1215 2086 1243 3
2101 1200 2306 1247 ergo&his

1351 1265 1501 1304 quoque
1515 1254 1630 1300 legem
1644 1252 1764 1290 datam
1776 1255 1831 1289 eff
1827 1265 1844 1287 e
1855 1249 2018 1299 oportuit
2034 1275 2045 1285 .

1450 1308 1631 1341 Praeterea
1645 1329 1657 1346 ‚
1682 1303 1878 1351 Sapientiae
1895 1303 1932 1339 6.
1945 1302 2100 1340 habetur
2116 1316 2126 1336 ε
2155 1302 2307 1351 Equali-

1349 1367 1407 1395 ter
1418 1361 1467 1403 est
1477 1357 1608 1392 cicaro
1622 1355 1666 1391 de
1676 1356 1830 1397 omnibus
1848 1368 1860 1395 ;
1890 1354 1923 1389 8(
1937 1355 2139 1399 generalem
2151 1353 2306 1401 quidem

1352 1417 1477 1444 curam
1496 1404 1598 1441 Deus
1623 1405 1800 1452 impendit
1817 1405 1988 1440 omnibus
2006 1430 2017 1445 ‚
2038 1403 2082 1439 de
2104 1404 2305 1443 necess'ariis

1352 1456 1582 1507 providendo
1598 1481 1607 1491 .
1629 1457 1668 1492 ln
1686 1454 1832 1503 speciali
1846 1464 1933 1490 vero
1946 1452 2098 1491 consulit
2110 1464 2171 1500 pet
2188 1456 2306 1499 legem

1351 1512 1388 1547 &
1403 1506 1622 1555 disciplinam
1642 1507 1691 1542 eis
1705 1532 1716 1549 ‚
1734 1506 1798 1552 qui
1815 1505 1894 1542 sunt
1906 1516 2035 1540 eorum
2048 1504 2229 1540 donorum
2245 1516 2306 1541 ca·

1351 1571 1456 1609 paces
1473 1571 1486 1600 3
1503 1570 1588 1603 ergo
1601 1559 1621 1592 si
1641 1570 1702 1604 par
1718 1556 1767 1593 est
1784 1555 1946 1604 respeetu
1959 1556 2119 1590 omnium
2137 1565 2225 1591 cura
2237 1567 2304 1602 ge-

1350 1613 1512 1652 neralis3
1540 1609 1674 1656 pariter
1686 1605 1752 1645 effe
1779 1607 1886 1644 debet
1902 1633 1914 1649 ,
1938 1607 1971 1642 8(
1990 1605 2153 1653 specialis
2181 1606 2306 1654 quoad

1350 1672 1476 1698 omnes
1493 1661 1658 1696 homines
1673 1682 1685 1695 .
1699 1661 1785 1695 Non
1804 1657 1886 1696 solis
1906 1655 2145 1703 ergoJudaeis
2176 1658 2304 1694 debuit

1352 1712 1532 1761 provideri
1551 1711 1595 1748 de
1605 1711 1684 1758 lege
1700 1736 1710 1752 ,
1724 1708 1782 1745 sed
1798 1711 1910 1757 magis
1920 1708 2060 1744 cunetis
2076 1707 2304 1746 hominibus.

1458 1764 1633 1799 Praeterea
1645 1787 1657 1803 ,
1677 1760 1823 1807 Machgi
1837 1771 1871 1805 ς.
1899 1758 2124 1806 Solemfitum
2142 1760 2230 1796 oriri
2244 1759 2308 1805 sa-

1351 1813 1513 1862 citsuper
1526 1810 1625 1849 barm
1640 1812 1684 1851 (θ’
1697 1810 1802 1848 malos
1819 1840 1828 1849 .
1847 1811 1967 1856 Magis
1984 1821 2105 1846 autem
2121 1812 2223 1848 Deus
2238 1823 2302 1857 ge·

1354 1869 1403 1906 rit
1416 1876 1540 1901 curam
1557 1864 1757 1899 animarum
1774 1890 1785 1905 ‚
1800 1874 1908 1909 quarn
1922 1873 2118 1908 corporum
2136 1873 2148 1900 3
2178 1873 2266 1908 ergo
2282 1861 2307 1896 si

1354 1920 1471 1955 lucem
1517 1913 1740 1960 corporalem
1783 1913 1878 1951 Solis
1927 1913 2100 1949 ministrat
2126 1913 2311 1958 aequaliter

1354 1969 1522 2005 omnibus
1538 1967 1679 2007 gmulto
1692 1966 1804 2009 magis
1821 1965 1945 2000 debuit
1972 1963 2092 1999 datam
2110 1962 2178 2000 effe
2191 1965 2312 2010 legem

1359 2019 1534 2057 omnibus
1551 2025 1651 2062 ‚quae
1665 2014 1714 2051 est
1732 2017 1797 2052 lux
1815 2015 2010 2050 animarum
2025 2040 2035 2049 .

1462 2070 1635 2105 Praeterea
1657 2065 1913 2107 ‚Ecclefiastici
1935 2076 1988 2111 ¹7·
2015 2066 2057 2102 ln
2081 2076 2315 2115 unamquam-

1360 2133 1427 2169 que
1436 2128 1579 2166 gentem
1599 2117 1779 2165 preposuit
1803 2117 1994 2165 ‘'Rffforen:
2047 2115 2228 2163 Angelum
2246 2116 2313 2153 sci-

1356 2173 1439 2206 licet
1461 2197 1470 2205 .
1490 2167 1812 2219 Qemadmodum
1829 2177 1916 2209 ergo
1935 2167 2099 2211 Angelus
2117 2193 2126 2207 ,
2143 2169 2207 2214 qui
2222 2180 2311 2213 prae.

1357 2221 1492 2269 politus
1507 2230 1582 2257 erat
1600 2218 1760 2263 regendae
1772 2216 2086 2264 gentiJiidaeorum
2103 2245 2114 2260 ,
2138 2218 2314 2254 ministra-

1357 2272 1476 2307 viteis
1494 2272 1607 2315 legem
1624 2296 1632 2310 ‚
1653 2268 1704 2302 ita
1716 2272 1822 2304 etiam
1836 2268 1973 2310 Angeli
1988 2294 1997 2307 ‚
2026 2268 2209 2314 quierant
2224 2271 2314 2305 alia-

1356 2332 1436 2359 rum
1454 2322 1642 2357 nationum
1661 2319 1834 2355 Ree‘tores
1850 2344 1862 2359 ,
1888 2317 2070 2354 debebant
2088 2318 2217 2355 eisdem
2245 2323 2312 2357 mi-

1359 2371 1505 2409 nistrare
1518 2372 1628 2417 legem
1647 2394 1658 2406 .

1461 2423 1597 2458 Contra
1613 2448 1624 2464 ,
1637 2423 1756 2470 Super
1770 2421 1859 2457 illud
1877 2421 1920 2457 ad
1934 2423 2038 2460 Rom.
2054 2431 2088 2466 ς.
2116 2420 2311 2458 Subintra-

1357 2475 1419 2511 vit
1436 2471 1514 2513 &a
1532 2472 1617 2508 dicit
1634 2473 1758 2511 Glofl'a
1774 2485 1782 2508 :
1798 2471 1940 2509 duabus
1952 2473 1994 2508 de
2009 2471 2122 2507 causis
2151 2471 2229 2507 data
2243 2473 2313 2510 fuit

1356 2524 1415 2561 lex
1432 2523 1798 2571 gentiJudaeorum,&
1812 2535 1883 2558 non
1896 2524 2073 2560 aliis-Vna
2091 2522 2243 2570 est,quia
2261 2523 2316 2559 so-

1357 2575 1413 2611 lus
1429 2574 1802 2624 populus-judeorum
1821 2586 1932 2610 unum
1949 2577 2066 2610 Deum
2085 2574 2207 2610 colens
2224 2601 2234 2616 ‚
2261 2574 2316 2609 di-

1359 2637 1452 2672 gnus
1466 2636 1542 2660 erat
1563 2653 1572 2667 ,
1586 2627 1644 2662 cui
1665 2624 1898 2662 crederentur
1909 2624 2053 2672 eloquia
2073 2624 2164 2660 Dei.
2192 2625 2314 2662 Altera

1360 2676 1513 2723 est,quia
1526 2675 1568 2711 de
1582 2678 1644 2712 illo
1661 2677 1796 2724 populo
1811 2686 1885 2710 erat
1897 2674 2081 2711 FiliusDei
2099 2674 2314 2711 nasciturus.

1463 2725 1682 2774 Respondeo
1694 2725 1888 2763 dicendum
1909 2755 1917 2767 ,
1936 2727 2010 2762 Soli
2029 2724 2316 2772 populo-ludaeo-

1362 2789 1442 2814 rum
1456 2785 1614 2813 veterem
1629 2778 1742 2823 legem
1761 2776 1837 2811 dari
1860 2775 2018 2812 debuisse
2052 2801 2060 2810 .
2091 2776 2316 2812 Declaratio.

1362 2829 1506 2866 Etenim
1523 2829 1642 2864 caeteri
1656 2829 1781 2875 populi
1796 2826 1838 2861 ad
1854 2826 2055 2863 idolatriam
2070 2826 2317 2869 (tenemium,

1365 2879 1502 2924 indigni
1521 2889 1619 2914 erant
1637 2887 1776 2914 tantum
1792 2876 1860 2913 Dei
1876 2889 2008 2913 munus
2024 2879 2193 2923 recipere.
2209 2876 2318 2913 Unde

1359 2929 1468 2979 Judei
1483 2930 1590 2965 unius
1607 2930 1674 2964 Dei
1687 2930 1800 2965 cultui
1816 2930 2067 2965 incumbentes
2081 2928 2318 2973 preparabant

1367 2979 1438 3018 sese
1457 3008 1466 3022 ‚
1483 2991 1522 3016 ac
1539 2979 1774 3026 disponebant
1794 2979 1836 3014 ad
1858 2980 1946 3024 legis
1963 2977 2321 3025 susceptionem3quo

1366 3034 1402 3068 in
1420 3030 1515 3067 faeto
1528 3041 1602 3066 erar
1630 3030 1787 3077 dignitas
1806 3056 1817 3071 ‚
1837 3029 2032 3066 secundum
2062 3028 2163 3075 quod
2191 3029 2322 3065 dicitur

1369 3082 1508 3128 Mathei
1526 3092 1561 3128 7.
1582 3082 1715 3117 Nolite
1728 3081 1895 3117 Sannum
1913 3079 1999 3115 dare
2010 3081 2151 3116 canibus
2170 3106 2179 3119 ,
2212 3090 2325 3127 neque

1370 3135 1586 3178 margaritas
1600 3133 1774 3176 proiicere
1787 3130 2057 3178 anteporcos.Vt
2074 3141 2137 3176 per
2151 3130 2325 3166 Sannum

1371 3184 1420 3220 ibi
1438 3183 1658 3229 intelligatur
1686 3183 1774 3228 legis
1787 3183 1982 3228 eloquium
2009 3207 2019 3223 ,
2046 3191 2108 3226 per
2142 3180 2326 3228 Affargari.

1374 3244 1428 3270 tar
1443 3245 1529 3269 vero
1546 3233 1698 3268 scientia:
1716 3232 1998 3279 Prophetarum.
2011 3230 2148 3266 Deinde
2164 3232 2248 3267 huit:
2263 3242 2325 3278 pu.

1373 3286 1460 3334 pulo
1474 3282 1608 3332 precise
1621 3282 1734 3318 danda
1749 3295 1822 3319 erat
1843 3284 1898 3318 lex
1915 3305 1927 3321 ,
1960 3292 2036 3327 quo
2049 3280 2325 3319 discerneretur.

1376 3336 1551 3382 aceteris,
1570 3335 1654 3379 quia
1667 3333 1708 3368 de
1729 3334 1789 3368 illo
1801 3343 1875 3369 erat
1896 3333 2004 3367 Filius
2022 3330 2089 3367 Dei
2108 3331 2330 3368 nasciturus-

1377 3389 1503 3434 Quare
1518 3387 1630 3430 Hiigo
1646 3384 1680 3418 in
1697 3381 1780 3418 seni.
1795 3382 1915 3418 scribit
1933 3380 2216 3426 Circumcifionis
2250 3384 2320 3418 Sa-

1378 3444 1595 3473 crumentum
1602 3432 1733 3476 femini
1747 3435 1795 3470 A
1800 3433 2172 3478 brahaefiznffltstsando
2190 3460 2201 3477 ‚
2231 3432 2275 3472 <J
2282 3432 2332 3479 fi-

1374 3485 1513 3534 gnifi'ra
1521 3486 1585 3521 ndo
1595 3485 1735 3530 pariter
1745 3484 1868 3520 datum
1882 3484 1937 3520 es?
1957 3510 1965 3519 .
1984 3483 2245 3530 Sanfflifi‘cando
2258 3511 2266 3525 ,
2291 3494 2333 3520 ut

1376 3535 1663 3585 justifiarecum
1679 3535 1912 3581 fignificando
1932 3561 1941 3576 ‚
1971 3545 2042 3572 uta
2059 3540 2197 3571 caeceris
2213 3538 2333 3581 genti-

1386 3588 1449 3623 bus
1465 3587 1751 3633 discerneretur-3
1781 3596 1955 3634 quatenus
1961 3585 2155 3633 singularis
2171 3613 2180 3627 ,
2209 3584 2254 3622 (ΞΥ
2278 3585 2334 3621 di·

1373 3635 1687 3686 firetageneratio
1701 3646 1859 3673 maneret
1873 3663 1885 3678 ,
1904 3638 1949 3673 de
1962 3649 2032 3686 qua
2046 3635 2210 3686 Christus
2222 3635 2335 3684 naste-
2364 3651 2424 3681 Lex
2448 3659 2504 3678 non
2527 3650 2573 3678 da.
2591 3648 2593 3681 l

1385 3690 1686 3740 retur.Qamvis
1705 3700 1792 3735 ergo
1810 3690 2054 3726 invenirentur
2071 3691 2106 3725 in
2125 3689 2202 3724 aliis
2218 3699 2334 3735 popu,

1388 3741 1431 3776 lis
1448 3740 1596 3788 persone
1614 3741 1694 3776 Deo
1709 3751 1856 3788 accepte
1875 3753 1887 3782 ς
1909 3749 2028 3777 tamen
2041 3741 2162 3777 nullus
2179 3740 2336 3788 populus

1388 3803 1510 3838 preter
1522 3789 1625 3826 istum
1642 3818 1652 3834 ,
1667 3801 1742 3827 erat
1753 3790 1834 3827 Deo
1847 3789 1995 3839 perinde
2008 3800 2112 3828 carus
2132 3818 2143 3833 ,
2155 3790 2189 3826 8(
2203 3789 2336 3835 dignus

1390 3841 1582 3890 recipiendi
1594 3852 1664 3878 tam
1678 3843 1812 3887 grande
1824 3842 2178 3889 munusAEtalioquin
2196 3842 2251 3875 lex*
2269 3851 2341 3875 non

2173 3888 2298 3926 statui.

2350 2721 2431 2751 Solus
2453 2724 2558 2758 Jiidaeo.

2352 2769 2416 2827 :¹:5¹2
2441 2764 2558 2844 ³:15&ng

2352 2846 2396 2866 tus
2427 2841 2562 2877 recipien.

2352 2876 2559 2915 delegiaDeQ

2352 2916 2417 2944 ideo
2448 2915 2487 2944 illi
2507 2916 2559 2946 soli

2352 2953 2418 2983 data
2445 2954 2497 2984 fuit
2513 2972 2523 2984 .

2366 3699 2410 3719 tui·
2453 3688 2572 3727 personae

2368 3727 2526 3767 particulari
2561 3743 2573 3760 ‚

2368 3767 2414 3796 sed
2467 3767 2574 3804 populo

2371 3814 2545 3844 congregato
2567 3824 2576 3833 .
2618 3806 2628 3835 Ι
