2592 4011
35 603 37 614 l

36 645 196 683 Qomodo
204 645 241 677 de

33 682 227 722 luntingentj-

32 720 86 754 ‘bus
98 722 180 750 detur
192 723 240 752 de.

37 761 183 791 terminata
192 771 239 792 ve·

31 800 105 841 tritas
112 816 125 830 μ

836 158 998 208 Tomm
1027 161 1105 213 ΙΙΙ.
1120 162 1312 212 Secunda
1343 164 1574 213 Secunda.-

273 237 328 261 ter
344 235 471 263 notum
489 227 523 263 8(
541 230 702 272 ignotum
722 240 732 268 ;
761 228 847 273 quia
863 229 999 275 aliquid
1012 234 1144 267 certius
1161 233 1223 269 de-

273 274 529 312 monstratione
544 278 710 317 liabetur,
723 289 804 312 cum
820 280 991 326 principia
1005 281 1223 322 demonstra.

272 325 386 362 tionis
398 338 470 363 non
482 327 542 363 niti
557 339 617 374 per
632 326 766 363 sensum
781 329 1086 368 innotescant.Vel
1101 332 1223 369 dicen·

275 375 380 419 dum,
395 377 438 412 de
453 376 690 421 singularibus
703 378 902 415 necessariis
914 381 1002 416 bene
1018 380 1095 417 dari
1112 383 1224 418 scien-

274 426 361 462 tiam
390 440 401 463 e
428 426 535 463 Unde
564 426 801 477 Philosophus
828 428 979 465 ostendit
1007 430 1127 469 Deum
1156 432 1225 470 effe

274 487 389 513 unum
407 503 418 519 ‚
445 476 564 513 aetum
578 491 709 526 purum
724 507 736 522 ‚
763 480 1020 525 intelligentem
1036 481 1109 518 &c.
1125 483 1158 519 8(
1178 484 1224 521 fic

274 526 326 563 est
337 527 512 563 revetatio
526 527 570 566 de
580 531 717 567 unitate
732 530 904 577 Deitatis,
927 531 962 568 &
978 533 1136 569 trinitate
1146 546 1223 583 per.

277 576 440 614 sonarum
459 604 470 613 .
833 586 835 588 ’

376 627 435 664 Ad
454 627 647 667 secundum
663 630 861 680 respondeo
878 660 891 676 ‚
916 632 960 668 de
988 632 1124 670 futuris
1138 647 1224 673 con-

274 679 502 725 tingentibus
529 680 655 719 haberi
669 694 741 718 non
769 682 866 730 pofl'e
893 694 1026 718 certam
1056 687 1227 730 cognito-

274 741 354 765 nem
370 756 380 771 ,
395 740 578 777 quatenus
592 730 671 770 funt
687 733 722 767 in
735 734 847 769 causis
863 732 1039 774 secundis,
1051 744 1132 780 qua:
1145 748 1224 771 mu-

272 780 408 815 tabiles
418 779 513 819 funt:
527 794 562 818 at
576 794 684 831 prout
697 786 732 818 in
749 782 866 831 seipfis
881 784 1136 828 intelliguntur
1147 798 1225 823 cer·

271 840 310 867 to
325 830 492 876 cognosci
506 847 518 875 ;
531 835 580 869 ita
590 835 684 871 enim
696 845 795 870 certo
809 834 930 869 videre
943 833 1129 872 Socratem
1145 847 1224 875 cur.

271 891 346 917 rere
360 907 372 923 ‚
386 881 475 917 sicut
487 885 606 921 Solem
618 886 701 921 oriri
715 910 723 919 .
740 886 782 920 Et
793 884 916 920 eadem
934 883 1072 920 ratione
1084 897 1122 922 ut
1137 889 1221 923 talia

271 932 368 967 entia
381 930 514 969 suntin
529 934 633 970 causa
649 936 763 983 prima
780 934 1056 970 immutabiliter
1084 937 1221 984 aliquid

270 982 417 1018 volente
431 984 463 1019 8<
477 983 735 1022 determinante
751 998 765 1025 ;
796 987 894 1021 Deus
905 996 1023 1020 autem
1035 987 1159 1023 certiffi
1167 1001 1222 1024 me

270 1032 455 1077 cognoscit
470 1033 592 1072 futura
605 1036 867 1081 contingentia,
879 1046 1063 1081 quatenus
1076 1035 1156 1082 ejus
1171 1039 1221 1076 in.

270 1083 385 1118 tuitus
396 1082 510 1121 fertur
523 1085 629 1133 super
642 1098 759 1122 rerum
777 1085 1222 1132 principalitatem‚secun-

269 1131 358 1169 dum
375 1135 516 1179 aliquos
532 1148 545 1176 ς
563 1137 618 1172 vel
632 1147 738 1183 prout
751 1135 906 1182 perfeste
916 1138 1100 1182 cognoscit
1117 1139 1222 1174 intel·

272 1182 407 1221 lectum
424 1184 527 1221 suum
546 1196 587 1221 ac
604 1187 846 1226 voluntatem,
859 1186 994 1231 quibus
1013 1185 1222 1223 immutabi-

268 1232 350 1269 liter
361 1233 621 1272 determinatur
634 1236 766 1282 aliquid
784 1235 945 1271 futurum
958 1236 994 1270 in
1010 1238 1071 1272 tali
1081 1249 1220 1285 tempo-

269 1294 310 1319 re
327 1283 435 1324 ;licet
448 1286 559 1322 media
575 1298 636 1332 per
652 1299 732 1332 quae
743 1286 958 1335 producitur
973 1289 1219 1334 contingentia

267 1332 337 1369 sint
354 1359 363 1369 .
378 1337 502 1385 Qare
519 1339 553 1374 8(
570 1336 758 1383 Propheta:
770 1337 891 1372 cadem
909 1336 1029 1373 futura
1046 1349 1144 1373 certo
1158 1351 1222 1374 co-

267 1383 450 1430 gnoscunt
463 1390 560 1432 ‚quia
578 1399 700 1424 eorum
717 1389 845 1423 notitia
858 1387 1042 1423 derivatur
1062 1390 1094 1423 in
1109 1390 1218 1435 ipsos,

266 1448 289 1471 a
307 1437 386 1472 Deo
396 1436 443 1471 ita
460 1439 647 1477 certislime
660 1450 700 1476 ac
717 1439 988 1475 immutabiliter
999 1439 1218 1486 cognoscen-

268 1497 305 1522 te
323 1498 336 1526 3
363 1486 414 1522 est
455 1492 591 1539 quippe
626 1489 816 1537 prophetia
844 1491 1008 1536 quaedarn
1038 1490 1217 1537 impreffio

267 1537 423 1574 scienti-‘z
433 1538 565 1577 divina:
577 1543 611 1579 in
621 1542 832 1577 hominibus
848 1568 859 1582 ,
869 1541 1025 1588 ideoque
1050 1542 1217 1586 quamvis

266 1586 310 1624 de
325 1586 456 1625 futuris
472 1593 767 1640 contingentibus
783 1603 852 1626 non
869 1592 911 1626 fit
938 1602 1032 1626 certa
1049 1592 1173 1625 notitia
1198 1606 1215 1626 a

265 1639 375 1674 rebus
402 1639 484 1687 ipiis
512 1654 654 1690 accepta
668 1669 678 1685 ,
706 1640 753 1678 est
782 1641 1015 1677 nihilominus
1032 1641 1215 1677 certiffima

264 1700 447 1737 quatenus
463 1705 481 1727 a
498 1692 579 1729 Deo
594 1692 788 1730 intellec'iui
802 1703 923 1727 creato
935 1692 1136 1727 infunditur
1154 1716 1163 1726 .

366 1739 425 1776 Ad
438 1745 582 1780 tertium
600 1756 697 1793 patet
708 1755 752 1781 ex
764 1742 867 1777 dietis
884 1770 892 1778 .
924 1741 1109 1781 Prophetae
1123 1743 1214 1777 enim

264 1792 352 1828 certi
367 1790 446 1826 sunt
462 1806 524 1842 per
542 1797 827 1842 experimentum
847 1795 962 1827 Deum
977 1792 1046 1827 eise
1064 1791 1146 1838 ipsis
1161 1793 1216 1827 lo-

262 1853 422 1891 quutum
439 1868 451 1884 ‚
477 1857 518 1881 ac
533 1847 614 1881 talia
624 1843 790 1882 revelasse
805 1857 815 1883 ;
843 1844 977 1879 lumine
991 1843 1097 1878 etiam
1110 1853 1216 1877 natu-

262 1894 326 1933 rali
341 1893 576 1933 sciuntDeum
591 1895 778 1932 mentiri&
796 1895 912 1930 fallere
925 1904 1131 1941 quenquam
1145 1904 1216 1929 non

262 1945 356 1982 velle
369 1956 435 1980 nec
448 1946 565 1993 posse-
578 1947 758 1996 Qamvis
772 1944 918 1992 proinde
934 1947 979 1979 ab
1003 1944 1082 1991 ipsis
1107 1944 1213 1979 rebus

263 1996 431 2035 revelatis
443 2008 511 2033 non
524 1998 698 2043 accipiant
712 1996 873 2032 notitiam
887 1993 1123 2041 certam,quia
1137 2006 1215 2042 pro„

261 2048 322 2085 cul
336 2046 414 2082 sunt
426 2048 471 2082 ab
483 2048 735 2094 eis;accipiunt
749 2058 866 2081 tamen
881 2056 942 2092 per
957 2045 1214 2082 revelationem

261 2098 422 2136 divinam
439 2123 453 2145 ,
467 2099 526 2134 cui
540 2097 676 2134 subeffe
692 2096 814 2133 falsum
829 2107 899 2131 non
912 2091 1013 2142 poffe
1026 2094 1140 2132 sciunt
1152 2124 1161 2133 .

444 2194 926 2236 ARthvas
980 2195 1029 2231 ΙΙ.

455 2300 591 2336 Vtrum
601 2297 788 2347 prophetia
801 2298 841 2334 fit
853 2295 1001 2332 habitus
1015 2321 1026 2331 .

315 2401 455 2442 Douor
467 2402 550 2440 Iocis
561 2407 633 2440 art.
641 2400 796 2449 praeced.
808 2401 866 2437 cit.
880 2397 930 2435 S..
940 2395 1061 2434 Thom.
1076 2406 1111 2432 2.
1128 2406 1164 2434 2.

599 2462 734 2501 q.171.
751 2459 823 2488 art.
841 2460 874 2486 2.

381 2554 702 2603 {deturprophetia
718 2553 784 2590 eise
804 2553 970 2589 habitus.
992 2548 1214 2596 Siquidem,

394 2604 589 2655 prophetia
608 2603 703 2641 aliud
716 2604 782 2641 effe
799 2617 868 2640 non
882 2601 995 2650 potest
1014 2629 1024 2644 ‚
1036 2598 1096 2636 nisi
1109 2598 1211 2645 ipsa..-

263 2658 356 2696 fides
371 2655 485 2695 infusa
504 2669 513 2692 t
547 2656 782 2692 Pidesautem
800 2654 913 2692 infusa
931 2654 1077 2689 habitus
1091 2649 1213 2691 estzer-

264 2721 315 2757 go
329 2710 460 2758 pariter
475 2707 509 2742 8(
527 2706 712 2755 prophetia
729 2731 737 2740 .
1045 2753 1053 2761 .
1141 2751 1148 2759 ι

369 2760 540 2795 Praeterea
556 2785 566 2798 ‚
585 2757 798 2805 -Prophetiae
835 2755 1015 2791 certitudo
1043 2754 1212 2789 innititur

265 2811 413 2848 veritati
429 2806 582 2844 dicentis
601 2835 612 2850 ‚
638 2821 746 2855 atque
759 2805 944 2842 revelantis
971 2817 1051 2849 quae
1064 2804 1212 2839 futura-2

265 2860 349 2897 sunt
368 2887 378 2903 ,
392 2870 521 2906 quaeve
536 2860 682 2895 fuerunt
701 2872 711 2899 3
737 2856 792 2892 sed
809 2857 914 2892 etiam
933 2857 1015 2892 fidei
1031 2853 1211 2890 certitudo

266 2911 432 2947 innititur
448 2911 633 2947 veracitati
648 2909 833 2944 revelantis
846 2906 927 2942 fidei
946 2905 1130 2954 mysteria3
1157 2916 1213 2962 er·

267 2973 316 3007 go
330 2959 517 3008 prophetia
540 2961 632 2997 idem
647 2960 694 2996 est
708 2959 804 3006 quod
818 2957 904 2994 fides
917 2987 928 3002 ,
958 2957 991 2992 8:
1018 2954 1213 2992 fideihabt-

267 3021 326 3048 tus
352 3037 361 3046 .

369 3063 542 3099 Prttterea
562 3090 571 3104 ‚
600 3061 744 3098 Notitia
758 3059 962 3108 prophetica
976 3056 1123 3093 obscura
1137 3056 1185 3093 est
1200 3084 1211 3099 ‚

266 3112 425 3148 innitens
440 3113 642 3149 testimonio
657 3111 810 3146 dicentis
828 3124 836 3132 ·
862 3122 913 3145 res
925 3110 1015 3143 enim
1038 3106 1108 3151 ipsa
1127 3109 1160 3142 in
1177 3106 1210 3144 se

266 3174 337 3199 non
352 3163 523 3199 videtur:
552 3163 608 3199 sed
624 3162 754 3203 pariter
771 3162 801 3196 8<
822 3161 908 3196 fides
929 3160 1080 3205 requirit
1105 3169 1142 3193 ut
1158 3160 1210 3193 in-

264 3215 402 3251 nitatur
419 3215 548 3249 divinae
565 3213 771 3248 auetoritati
787 3211 929 3246 creditae
947 3236 956 3251 ,
970 3221 1039 3243 non
1054 3208 1205 3243 eviden-

265 3274 319 3299 ter
332 3274 415 3299 nota
430 3266 465 3300 in
480 3265 555 3311 ipso
571 3262 706 3300 assensu
720 3275 730 3293 ε
753 3274 836 3306 ergo
848 3261 897 3297 est
923 3271 1018 3295 unus
1042 3258 1210 3304 idemque

262 3313 411 3349 habitus
426 3312 645 3350 fideiinsusae
664 3315 696 3349 8(
716 3313 912 3360 prophetiae
932 3337 944 3353 ,
970 3309 1013 3345 de
1040 3322 1112 3356 qua
1126 3321 1209 3356 pro-

264 3363 397 3401 cedunt
414 3364 513 3400 agtus
530 3363 688 3409 ejusdem
703 3364 852 3399 rationis
864 3390 873 3398 .

367 3414 537 3451 Praeterea
553 3427 584 3449 z.
600 3415 766 3450 Corinth.
781 3423 894 3460 cap.5¹.
911 3409 1210 3460 deiusumus

264 3467 303 3503 in
322 3465 384 3501 hoc
413 3475 571 3514 corpore,
597 3466 869 3512 peregrinamur
892 3475 913 3497 a
940 3464 1098 3499 ‘Domino
1123 3472 1210 3505 ergo

265 3516 414 3553 nonnisi
430 3529 490 3563 per
516 3515 618 3550 fidem
645 3514 913 3550 illuminamur:
939 3523 1027 3557 ergo
1054 3510 1145 3545 idern
1160 3509 1209 3545 est

264 3568 386 3603 lumen
403 3565 613 3613 prophetiae;
628 3576 668 3600 ac
682 3563 764 3599 fidei
781 3561 903 3599 infusae
920 3590 927 3597 .
943 3560 1082 3597 Rursus
1102 3560 1209 3595 1.Co-

266 3617 379 3653 rinth.
397 3628 451 3662 ¹3·
462 3618 576 3653 omnis
590 3615 752 3660 cognitio
769 3616 833 3649 viae
845 3608 1160 3661 estperspeculum
1172 3613 1210 3646 in

265 3669 443 3714 enigmate
459 3680 469 3707 ;
499 3677 586 3712 crgo
602 3667 635 3700 8(
654 3664 838 3711 prophetia
853 3690 862 3699 .
1133 3710 1141 3718 ι

367 3719 506 3753 Contra
522 3744 531 3757 ‚
564 3715 762 3763 Prophetiae
774 3714 907 3749 donum
929 3713 991 3747 stat
1016 3722 1098 3745 cum
1132 3710 1210 3745 infi-

266 3767 412 3802 delitate
427 3793 436 3808 ‚
457 3778 498 3802 ut
514 3777 610 3814 patet
630 3777 662 3812 3.
680 3764 894 3811 Reg.13.‹ie
908 3760 1081 3809 Propheta
1099 3759 1183 3795 falso
1197 3784 1209 3803 ‚

266 3820 300 3854 ἃ
319 3817 469 3854 idolatra
487 3831 498 3858 ς
528 3816 617 3852 fides
630 3826 746 3852 autem
762 3813 874 3851 infusa
890 3826 958 3849 non
973 3822 1089 3848 manet
1103 3810 1209 3846 adve-

390 3869 484 3904 Tom.
502 3865 570 3904 ΙΙΙ.

2069 189 2159 235 523

1293 234 1410 269 niente
1427 233 1637 273 infidelitate
1655 249 1666 278 ς
1690 249 1777 285 ergo
1792 238 1873 276 sunt
1888 240 2026 278 diversa
2043 242 2134 278 dona
2158 248 2232 295 Spi.

1294 285 1385 319 ritus
1400 284 1521 321 Sanc‘ti
1541 311 1549 320 .
1574 285 1734 328 Rursus,
1763 289 1851 326 fides
1869 291 1972 326 datur
1996 293 2028 327 in
2053 293 2234 333 salutern„

1293 333 1450 382 personae
1464 335 1665 382 recipientis
1680 365 1689 377 ,
1711 340 1897 388 prophetia
1911 344 2104 388 aliquando
2118 347 2236 386 infun,

1293 384 1390 419 ditur
1403 383 1558 430 personae
1576 387 1609 422 in
1625 388 1758 424 bonum
1776 391 2109 440 aliort1n13ergolint
2127 408 2234 445 opor-

1293 443 1345 470 tet
1359 433 1498 471 diversa
1515 447 1661 473 munera
1678 465 1685 473 .

1394 482 1608 530 Respondeo
1621 487 1809 525 dicendum
1827 518 1838 533 ,
1854 491 2071 538 prophetiam
2086 507 2154 531 non
2168 498 2232 534 im-

1294 543 1436 580 portare
1451 534 1615 570 habitum
1633 564 1645 580 ‚
1677 537 1732 574 sed
1747 539 1864 577 atium
1881 553 1945 587 pro
1963 544 2095 579 ratione
2108 550 2232 583 motio.

1291 584 1532 631 num‚quibus
1551 587 1650 623 Deus
1665 591 1780 638 tangit
1794 602 1948 628 mentem
1964 593 2233 640 prophetarum;

1292 645 1332 669 ac
1349 634 1498 682 proinde
1508 637 1732 683 prophetiam
1747 640 1841 676 haud
1853 641 1919 677 esse
1931 642 2022 688 posse
2035 643 2233 685 habitum„

1294 682 1379 720 fidei
1393 683 1754 725 infusaeDeclaratio:
1771 691 1939 728 Assensus
1951 719 1963 734 ‚
1987 705 2062 739 quo
2078 696 2234 733 atlhaere-

1295 746 1375 771 mus
1404 735 1640 773 credibilibus
1667 741 1830 777 revelatis
1855 742 2015 779 subiacet
2055 745 2233 783 voluntati

1294 785 1536 821 credentium:
1566 790 1684 824 Nemo
1709 793 1801 826 enim
1839 793 1950 828 credit
1989 794 2110 829 nolens
2131 824 2139 833 .
2165 796 2232 833 Sed

1292 834 1395 870 actus
1410 836 1622 882 praedicendi
1637 840 1829 888 longinqua
1848 870 1859 884 ‚
1884 855 1924 878 ac
1936 844 2117 880 certitudo
2134 847 2233 892 ipsa„

1292 883 1456 931 respe&u
1471 886 1655 923 latentium
1686 890 1916 935 futurorum,
1943 906 2012 929 non
2037 893 2151 932 subest
2166 912 2232 934 vo-

1291 934 1420 970 luntati
1432 934 1678 983 prophetantis
1690 967 1701 982 ,
1715 943 1769 976 vel
1789 943 2022 989 praedicentls,
2037 946 2092 979 vel
2108 948 2232 984 viden-

1290 984 1337 1020 tis
1360 985 1483 1021 futura
1514 988 1661 1032 perinde
1677 992 1753 1026 aeli
1783 991 2050 1039 praeteriiffent3
2079 1007 2165 1041 ergo
2181 998 2233 1034 as.

1290 1032 1411 1071 sensus
1433 1035 1650 1083 prophetalis
1671 1042 1866 1088 plurimum
1890 1042 2019 1078 distant
2032 1043 2076 1078 ab
2089 1046 2170 1083 fidei
2186 1051 2233 1086 in.

1291 1084 1327 1120 fu
1336 1084 1377 1121 sae
1388 1087 1529 1122 aeiibus
1544 1112 1555 1128 ,
1569 1100 1609 1123 ac
1623 1092 1773 1136 proinde
1785 1094 1928 1128 minime
1942 1093 1983 1128 de
2000 1105 2072 1128 uuo
2086 1097 2230 1135 eodem.

1289 1146 1360 1181 que
1374 1138 1550 1185 principio
1565 1151 1704 1177 manare
1729 1141 1871 1179 dicendi
1900 1143 1980 1179 sunt
1997 1170 2004 1179 .
2029 1141 2157 1182 Minor
2175 1150 2232 1186 de.

1288 1186 1446 1223 claratur
1460 1212 1469 1221 .
1497 1190 1553 1224 Ex
1565 1201 1607 1224 eo
1630 1191 1728 1237 quod
1759 1191 1925 1229 scribitur
1939 1194 2075 1241 Qum.
2090 1199 2148 1233 28.
2163 1200 2232 1239 de,

1290 1236 1437 1273 Balaam
1458 1264 1471 1280 ,
1489 1239 1547 1274 cui
1568 1239 1777 1285 displicebat
1805 1243 2016 1291 prosperitas
2041 1244 2231 1287 filiorum„

1295 1286 1424 1330 lsrael,
1446 1301 1510 1325 nec
1524 1299 1642 1326 tamen
1656 1303 1720 1338 pro
1733 1293 1834 1328 libito
1849 1304 1985 1339 poterat
2002 1293 2068 1329 illis
2094 1300 2231 1336 maledi.

1287 1350 1369 1373 cere
1386 1365 1395 1378 ‚
1410 1339 1466 1374 sed
1481 1352 1498 1375 e
1514 1351 1636 1376 contra
1649 1345 1847 1387 cogebatur
1860 1345 1936 1379 illos
1948 1344 2114 1391 prosequi
2130 1351 2232 1386 bene-

1287 1387 1506 1426 diffionibus
1521 1417 1532 1431 ,
1556 1391 1650 1426 unde
1667 1394 1733 1428 ait:
1763 1394 2110 1444 Qonpoteroaliud
2125 1399 2232 1447 loqui,

1285 1438 1450 1486 nistquod
1463 1443 1562 1476 Deus
1573 1440 1734 1478 dederit.
1764 1446 1879 1490 Atqui
1902 1444 1985 1479 hinc
1998 1446 2090 1481 reete
2116 1451 2233 1486 inseri.

1286 1499 1360 1529 tur,
1374 1488 1480 1526 fidem
1495 1490 1662 1539 perficere
1681 1493 1899 1529 intellectum
1918 1495 1953 1528 in
1965 1496 2088 1531 ordine
2107 1499 2148 1532 ad
2167 1512 2232 1534 vo-

1286 1549 1362 1574 cem
1380 1566 1390 1581 ,
1412 1552 1538 1588 nempe
1556 1553 1595 1577 ut
1614 1555 1673 1589 per
1688 1544 1841 1578 medium
1855 1545 1954 1579 vocis
1965 1548 2045 1590 quis
2058 1547 2229 1586 assensum

1284 1588 1535 1636 praestatillis,
1556 1605 1636 1639 quae
1664 1593 1725 1629 fibi
1750 1593 1923 1629 credenda
1948 1607 2224 1643 proponuntur3

1283 1639 1508 1686 prophetiam
1526 1654 1612 1677 vero
1628 1643 1799 1690 perficere
1815 1643 2031 1681 intelleetum
2053 1649 2228 1685 abui-aete

1283 1690 1370 1723 citra
1385 1693 1543 1727 ordinem
1569 1693 1612 1727 ad
1634 1705 1759 1730 vocem
1779 1720 1787 1729 .
1816 1695 1891 1730 lmo
1915 1708 2012 1731 mens
2040 1698 2229 1745 Propheta:

1282 1741 1528 1786 experimento
1541 1742 1842 1789 cognoscitDeum
1857 1746 1917 1780 iibi
1929 1746 2130 1793 loquentem
2141 1761 2233 1791 3tan-

1284 1791 1337 1835 git
1352 1791 1446 1826 enim
1461 1804 1613 1829 mentem
1639 1793 1793 1830 hominis
1820 1795 2014 1832 secundum
2038 1801 2134 1843 quod
2169 1801 2231 1835 sibi

1283 1841 1460 1886 placuerit
1474 1855 1487 1883 ;
1501 1842 1537 1878 8(
1554 1854 1637 1879 cum
1656 1844 1694 1879 lit
1710 1845 1814 1880 causa
1834 1846 2074 1882 virtuofiffima
2093 1850 2137 1885 sic
2152 1861 2231 1884 tan-

1283 1890 1339 1933 git
1349 1901 1387 1925 ut
1402 1892 1575 1940 propheta
1590 1906 1660 1929 non
1675 1894 1785 1930 solum
1803 1897 1976 1943 intelligat
1995 1898 2084 1932 illud
2105 1926 2116 1941 ,
2133 1900 2231 1947 quod

1284 1939 1542 1978 fibirevelatur
1560 1971 1570 1986 ‚
1595 1943 1653 1979 sed
1667 1945 1880 1981 etiamcerto
1893 1946 1978 1982 sciat
1996 1949 2230 1997 principium,

1284 2002 1390 2039 aquo
1405 1994 1568 2040 tangitur
1584 2007 1681 2031 mens
1712 2007 1775 2042 per
1801 1997 2055 2042 experientiam
2087 2002 2229 2035 virtutis

1282 2045 1430 2080 motivae
1448 2069 1458 2078 .
1484 2046 1611 2092 Atque
1622 2043 1799 2090 ejusmodi
1816 2047 1973 2092 cognitio
1989 2050 2110 2085 extitit
2138 2052 2173 2085 in
2189 2051 2232 2085 iis

1285 2094 1350 2139 qui
1361 2094 1504 2130 Sacram
1530 2096 1751 2143 scripturam
1773 2097 1874 2131 nobis
1897 2097 2143 2142 tradiderunt,
2168 2100 2235 2136 sal-

1287 2151 1358 2177 tem
1375 2144 1496 2189 quoad
1509 2145 1568 2180 illa
1585 2172 1596 2186 ‚
1614 2157 1694 2192 quae
1708 2145 1912 2181 scribuntur
1923 2147 1966 2182 de
1983 2150 2165 2194 principali
2180 2152 2235 2185 in—

1285 2193 1444 2228 tentione
1458 2220 1470 2236 ‚
1485 2195 1537 2229 uti
1552 2193 1631 2231 sunt
1644 2194 1831 2231 necessaria
1845 2195 1890 2231 ad
1904 2196 2049 2233 salutem
2066 2227 2077 2242 ,
2095 2199 2153 2236 seu
2169 2201 2233 2237 lint

1286 2241 1474 2278 credibilia
1492 2270 1505 2285 ,
1528 2243 1590 2281 seu
1604 2246 1751 2290 agibilia
1770 2273 1782 2284 .

1387 2293 1546 2338 Quod&
1558 2296 1709 2342 amplius
1721 2295 1946 2333 declaratur:
1975 2303 2069 2336 Nam
2087 2311 2229 2337 omnem

1287 2337 1481 2385 effeStum,
1507 2356 1613 2391 quem
1626 2346 1739 2393 potest
1765 2349 1862 2383 Deus
1888 2347 1998 2384 facere
2023 2351 2225 2390 mediante-³

1285 2391 1393 2428 causa
1405 2391 1568 2431 effeetiva
1582 2395 1734 2431 secunda
1746 2423 1759 2443 ‚
1771 2397 1885 2445 potest
1899 2398 2035 2436 efficere
2048 2403 2230 2438 immedia-

1287 2451 1324 2477 te
1338 2468 1347 2476 .
1374 2443 1492 2491 Atqui
1505 2446 1528 2482 st
1541 2458 1596 2482 res
1611 2444 1717 2493 ipsae,
1742 2450 1787 2484 de
1808 2450 1942 2494 quibus
1967 2448 2137 2497 scriptura
2154 2464 2222 2488 tra·

1287 2491 1361 2528 &at
1377 2521 1388 2537 ‚
1402 2494 1519 2532 forent
1531 2499 1624 2533 clare
1638 2498 1864 2545 apprehensae
1878 2525 1888 2541 ‚
1901 2499 1933 2534 8(
1949 2500 2130 2543 intuitive,
2145 2516 2227 2550 pro-

1288 2543 1382 2579 fefto
1398 2555 1532 2584 certam
1549 2549 1735 2594 gignerent
1762 2551 1922 2586 notitiam
1943 2552 2033 2587 citra
2050 2565 2226 2590 omnem...

1282 2593 1545 2634 dubitationem
1562 2626 1573 2641 ,
1597 2609 1712 2645 eaque
1725 2601 1851 2635 notitia
1867 2627 1878 2643 ,
1905 2603 1988 2648 quia
2000 2603 2160 2646 evidens,
2176 2616 2224 2640 re.

1279 2645 1340 2680 &e
1359 2644 1500 2683 scientia
1515 2648 1693 2685 diceretur
1711 2663 1721 2690 ;
1753 2654 1851 2686 Deus
1867 2664 1986 2686 autem
1999 2653 2132 2700 absque
2149 2667 2225 2689 mo-

1283 2697 1381 2733 tione
1390 2696 1527 2743 objeffi
1540 2727 1551 2742 ,
1565 2696 1683 2748 potest
1695 2700 1739 2735 stc
1753 2701 1856 2737 causa
1864 2715 1898 2737 re
1911 2704 2073 2738 notitiam
2091 2715 2222 2741 certam

1283 2746 1418 2794 absque
1432 2751 1529 2784 omni
1543 2750 1763 2786 dubitatione
1776 2778 1788 2793 ‚
1800 2753 1929 2787 adeout
1943 2753 2076 2797 pollens
2087 2756 2147 2789 tali
2160 2767 2223 2789 no-

1280 2799 1359 2833 titia
1371 2810 1389 2833 a
1404 2800 1482 2834 Deo
1496 2802 1645 2836 revelata
1661 2827 1672 2842 ‚
1695 2812 1848 2849 nequeat
1861 2802 2025 2838 dubitare
2038 2804 2079 2838 de
2095 2807 2224 2841 verita-

1281 2860 1316 2885 te
1330 2850 1426 2884 illius
1439 2877 1450 2892 ,
1476 2862 1585 2897 quam
1602 2851 1764 2887 notitiam
1779 2854 1938 2889 creditur
1954 2852 2112 2889 habuisse
2140 2855 2221 2890 Pro.

1282 2900 1408 2948 phetas
1424 2926 1435 2941 ,
1457 2900 1489 2935 8(
1510 2900 1704 2948 Apostolos
1720 2915 1730 2943 ;
1754 2902 1775 2937 ii
1791 2905 1924 2950 quippe
1941 2904 2144 2940 habuerunt
2161 2906 2221 2942 ha.

1279 2953 1395 2987 bitum
1410 2951 1651 2997 impellentem
1672 2952 1715 2986 ad
1745 2951 1998 2989 affentiendum
2017 2954 2084 2989 illis
2101 2982 2112 2998 ‚
2140 2968 2222 3002 quat

1278 3003 1537 3038 revelabantur
1549 3025 1561 3044 ‚
1586 3002 1718 3037 adeout
1732 3015 1774 3038 eo
1792 3002 1903 3040 stante
1915 3032 1926 3047 ,
1941 3017 2008 3040 nou
2024 3016 2221 3051 potuerunt

1279 3065 1349 3089 non
1366 3050 1517 3088 assentiri
1532 3053 1715 3093 revelatis3
1731 3054 1761 3088 8(
1778 3053 1798 3088 fi
1814 3066 1852 3088 ea
1871 3055 2051 3090 certitudo
2066 3068 2133 3091 non
2149 3057 2223 3090 fue-

1279 3104 1325 3138 rit
1340 3103 1486 3139 evidens
1502 3114 1547 3137 ex
1562 3103 1739 3138 evidentia
1755 3105 1802 3137 rei
1823 3116 1834 3144 ;
1848 3107 1967 3141 extitit
1982 3105 2217 3141 nihilominus

1279 3153 1459 3189 certitudo
1476 3153 1532 3187 illa
1550 3153 1647 3188 firma
1662 3179 1672 3194 ‚
1688 3154 1741 3188 uti
1755 3153 1802 3188 est
1820 3156 1998 3191 certitudo
2016 3154 2217 3197 scientiam,

1276 3215 1358 3250 qua:
1375 3202 1539 3238 causatur
1554 3214 1596 3240 ex
1611 3204 1792 3251 principiis
1813 3205 1907 3240 notis
1940 3218 1983 3241 ex
2010 3206 2217 3243 evidentia.)

1277 3255 1515 3289 terminorum
1534 3281 1543 3295 ‚
1571 3266 1611 3288 ac
1623 3254 1771 3301 proinde
1794 3253 1909 3301 major
1938 3256 2118 3293 certitudo
2136 3285 2147 3300 ‚
2176 3269 2215 3292 ac

1277 3305 1316 3340 sit
1331 3304 1412 3340 fidei
1427 3303 1550 3340 infusae
1559 3305 1735 3341 certitudo
1751 3332 1758 3339 .

1378 3354 1437 3391 Ad
1450 3365 1652 3400 argumenta
1665 3381 1676 3391 .
1707 3354 1766 3390 Ad
1784 3356 1939 3402 primum
1959 3358 2156 3406 respondeo
2173 3370 2216 3394 ex

1276 3405 1404 3447 dietis,
1425 3404 1588 3450 negando
1601 3405 1827 3453 prophetiam
1852 3407 1919 3442 esse
1944 3408 2107 3445 habitum
2134 3407 2215 3443 fidei

1277 3454 1428 3496 infusam
1451 3467 1528 3491 narn
1545 3455 1730 3503 prophetia
1746 3455 1833 3491 stare
1846 3460 1959 3504 potest
1972 3471 2053 3494 cum
2071 3455 2214 3494 infideli.

1277 3517 1350 3541 tate
1362 3533 1373 3548 ‚
1393 3518 1473 3540 cum
1486 3517 1558 3552 qua
1576 3506 1706 3542 nonest
1723 3505 1810 3542 fides
1826 3509 2075 3556 compoffibilis
2087 3535 2096 3545 .
2110 3511 2149 3544 Et
2167 3510 2213 3543 ita

1279 3557 1419 3591 Baalam
1432 3567 1506 3592 erat
1522 3568 1629 3591 verax
1640 3556 1814 3604 propheta
1831 3584 1842 3599 ,
1854 3570 1917 3594 ncc
1932 3570 2047 3595 tamen
2069 3559 2182 3595 sitit-lis
2200 3585 2210 3593 .

1278 3609 1321 3644 Et
1338 3608 1480 3654 Sybillae
1494 3607 1626 3650 pariter
1637 3607 1942 3654 prophetaverunt
1964 3638 1972 3651 ,
1999 3612 2031 3645 S<
2049 3609 2069 3644 fi
2088 3621 2211 3656 exper-

1278 3669 1331 3695 tes
1348 3659 1477 3694 suerint
1491 3655 1571 3691 fidei
1587 3657 1708 3693 infusa:
1726 3684 1734 3692 .
1755 3659 1872 3705 Major
1888 3672 2055 3707 praetcrea
2070 3661 2116 3695 cst
2135 3672 2212 3696 cer-

1276 3711 1396 3745 titudo
1412 3707 1607 3755 prophetiae
1622 3736 1632 3751 ‚
1656 3721 1763 3755 quam
1778 3710 1857 3745 fidei
1884 3711 2088 3746 certitudo.
2116 3715 2207 3748 Nam

1276 3759 1474 3809 prophetiae
1500 3759 1680 3795 certitudo
1707 3763 1863 3809 cousque
1887 3761 1933 3797 cst
1954 3762 2054 3798 firma
2073 3791 2083 3806 ,
2111 3763 2209 3799 sicuti

1277 3809 1456 3849 certitudo
1472 3809 1661 3846 scientialis
1677 3822 1756 3857 quzt:
1779 3811 1944 3848 causatur
1958 3826 2000 3849 cx
2024 3814 2208 3862 principiis

1361 3862 1394 3896 V
1425 3872 1446 3894 v
1474 3873 1495 3895 v
1525 3871 1544 3895 2
2101 3866 2194 3902 notis

2269 469 2421 508 Prophetiae
2431 474 2470 502 0¹0

2271 517 2338 536 num
2370 508 2472 539 dislin-

2271 548 2364 584 guitur
2380 556 2395 574 a
2418 550 2473 578 fide

2264 584 2362 614 insuia.

2265 1170 2450 1210 Prophetiam

2266 1220 2323 1238 non
2339 1208 2390 1236 esse
2416 1208 2468 1234 ha-

2265 1249 2355 1276 biturn
2383 1264 2393 1278 ‚
2424 1243 2468 1272 sed

2266 1287 2358 1314 actum
2376 1282 2470 1312 eliciti]

2263 1323 2431 1361 aPropheta
2459 1338 2470 1354 ,

2262 1363 2412 1391 secundum

2263 1404 2339 1440 quod
2390 1399 2467 1444 Dm}

2264 1444 2351 1476 tangit
2373 1446 2466 1464 mente

2263 1475 2435 1518 Prophetas&
2456 1493 2464 1502 .

2262 1919 2330 1947 Hac
2368 1916 2466 1946 cadent

2262 1957 2344 1985 docet
2360 1957 2466 1985 Dostor

2266 2004 2276 2029 3
2307 1995 2367 2023 dist.
2381 2004 2390 2020 ι
2400 2005 2427 2029 4.
2440 2005 2470 2025 '2-

2264 2035 2320 2060 Un.
2347 2038 2368 2062 (⁸-
2383 2034 2472 2071 Setis?

2267 2072 2408 2109 loquamur
2421 2089 2431 2099 0

2266 2321 2292 2348 3.
2305 2310 2366 2339 dist.
2389 2318 2425 2345 ²4
2440 2318 2468 2336 n.

2267 2359 2310 2379 1‘7-
2336 2350 2404 2378 Haec
2417 2357 2468 2374 ea-

2265 2389 2332 2418 dem
2384 2386 2466 2414 habet

2264 2426 2374 2455 Donor
2396 2435 2423 2459 q.
2438 2433 2466 2452 ι.

2264 2465 2379 2503 Prologi
2405 2463 2464 2491 Re-

2262 2512 2339 2541 port.
2363 2512 2391 2529 a.
2421 2510 2466 2544 ¹⁷.·

2261 2542 2353 2570 dicent
2393 2548 2466 2567 noti.

2260 2581 2329 2608 tiam
2339 2578 2407 2607 hanc
2419 2575 2463 2606 es-

2259 2618 2285 2646 {e
2300 2619 2354 2646 Dei
2376 2618 2463 2644 inter-

2258 2666 2322 2684 nam
2339 2657 2462 2695 loqutio·

2258 2705 2323 2724 nem
2336 2714 2345 2728 ‚
2370 2694 2460 2734 qualit

2256 2734 2307 2762 fuit
2334 2734 2458 2772 cognitio

2256 2772 2427 2812 prophetarit
2447 2790 2459 2802 ο

2252 3356 2295 3384 De
2309 3357 2360 3398 hist
2373 3363 2451 3400 supra

2250 3402 2305 3423 art.
2330 3407 2398 3438 5,7,
2426 3415 2451 3432 ι.

2252 3436 2342 3474 ‘mulli
2350 3440 2411 3469 'fene

2250 3474 2356 3504 nnm-
