2602 4011
98 234 216 272 M³gist.
252 238 298 267 ubi

98 275 177 315 hipra
229 279 297 316 Cap,

93 319 182 347 pUmO
192 330 202 343 ο

94 607 296 643 Bonav·2.dist.

95 652 293 685 280art.1.q·3.

97 1171 239 1210 Praecepta
249 1171 290 1200 ιιό

99 1211 252 1240 uccellano
288 1221 290 1223 ’

98 1248 289 1280 implendae:

90 1286 221 1316 charitate
236 1304 247 1314 .

126 1378 288 1407 Pervertere

89 1417 198 1446 videtur
241 1426 288 1453 qui

88 1463 188 1495 putant
223 1463 288 1493 pec-

88 1504 215 1522 catorem
228 1494 290 1521 nul-

89 1533 149 1562 lum
159 1543 228 1571 opus
241 1533 292 1561 bo.

90 1581 158 1600 num
198 1572 289 1601 facore

89 1610 167 1648 poli'e
234 1611 289 1640 fine

89 1650 225 1679 charitate
235 1669 244 1679 .

31 2273 33 2279 .
86 2250 174 2286 justus
195 2245 286 2276 effice-

87 2299 117 2318 re
131 2287 220 2328 potest
231 2286 285 2313 aii·

87 2338 144 2367 qua,
200 2332 287 2363 opera

97 2371 171 2395 bona
183 2373 239 2394 non
251 2372 287 2392 ex

88 2406 221 2435 charitate
241 2419 250 2430 .

105 2905 292 2943 Ampleffitur

34 2950 35 2959 ¹
90 2945 134 2974 luc
182 2950 291 2981 Doc‘tor

34 3007 35 3010 η
89 2987 253 3016 sententiam

34 3026 35 3030 ’
89 3024 203 3054 Hem-ici
242 3045 253 3060 ‚

34 3062 35 3098 i
90 3063 209 3100 quodlib.
224 3069 252 3093 6.
263 3075 291 3103 q.

94 3109 142 3144 1}-
165 3102 195 3131 in
220 3104 293 3142 Jalu-

91 3146 171 3167 none·

172 3229 232 3281 ‹a›

777 153 938 201 Tomus
961 153 1041 199 III.
1064 157 1191 202 Part.
1208 154 1266 205 ΙΙ.
1283 150 1477 228 Qaestio
1494 184 1506 198 .
1534 153 1653 202 CIX.
1674 155 1770 205 Art.
1787 158 1843 202 V.

436 225 576 262 Contra
602 249 614 268 ,
641 220 868 266 Augustinus
901 232 931 255 ι.
955 222 1117 258 Κεῐτειξὶ.
1145 236 1226 269 cap.
1254 237 1291 270 9.

335 272 524 321 pelagiani
533 275 697 311 haeretici
708 274 838 317 gratiae
850 273 933 307 Dei
945 299 954 313 ‚
966 284 1035 319 qua
1043 273 1291 321 praedestinati

320 323 465 371 snmus,
483 327 529 368 ὠ·
547 336 616 372 qua
630 323 796 358 eruimur
810 321 854 356 de
861 322 1031 369 potestate
1045 325 1289 367 tenebrarum,

333 380 515 414 intantum
531 370 765 416 inimicifunt
780 395 793 415 ‚
820 371 945 417 utfine
962 373 1028 410 hac
1054 373 1203 410 credant
1228 373 1288 409 ho·

333 430 462 464 minem
471 424 694 476 postefacere
710 425 825 458 omnia
836 422 965 460 divina
991 424 1162 460 mandata
1177 451 1186 460 .
1204 427 1288 460 Hae·

333 479 528 514 reticorum
554 474 604 512 est
635 484 722 517 ergo
745 472 915 516 afferere,
937 474 1116 511 hominem
1138 486 1202 522 per
1226 474 1288 510 sua

331 529 509 565 naturalia
527 554 538 570 ,
563 527 652 561 citra
667 525 735 561 Dei
750 525 902 570 gratiam
919 525 1007 572 legis
1020 536 1197 575 praecepta
1208 525 1293 574 pos.>

332 578 366 615 se
383 579 580 625 adimplere
594 602 604 612 .

432 627 647 677 Respondeo
662 652 674 671 ‚
702 624 759 661 fist
773 624 832 661 hic
848 629 973 670 opinio
987 627 1199 670 dicentium,
1215 627 1290 662 ho-.

330 682 459 718 minem
477 707 486 720 ,
513 676 675 727 quandiu
692 675 741 710 est
766 687 917 724 peccato
944 680 1132 715 obnoxius
1148 705 1159 720 ,
1185 675 1281 725 poffe

328 731 474 780 quidem
491 727 730 772 servarelegis
757 727 919 763 mandata
937 756 949 772 ,
970 728 1091 776 quoad
1120 728 1281 764 substan-

328 785 413 819 tiam
427 807 438 823 ,
468 792 577 823 atque
615 777 815 814 eorundem
845 781 1125 826 explicationem
1151 804 1163 821 ‚
1197 788 1278 824 qua:

328 833 377 869 est
392 843 460 868 non
485 830 552 878 effe
575 829 801 865 occidendum
813 855 824 870 ‚
843 841 905 864 nec
914 829 1114 874 furandum
1127 839 1190 863 nec
1201 838 1278 864 mae·

329 883 507 920 ebandum
521 883 594 917 Sec·
611 878 682 914 Sed
703 891 772 913 non
788 891 965 924 quantum
979 880 1022 915 ad
1038 880 1276 915 intentionem

331 934 533 970 mandantis
551 944 589 967 ea
607 930 686 965 fieri
703 930 756 964 vel
773 942 842 965 non
858 928 933 966 fieri
944 940 1110 977 oportere
1124 956 1135 972 ,
1152 928 1278 964 secun-

328 985 414 1020 dum
428 983 695 1019 inclinationem
712 978 858 1025 justitiae
872 1007 881 1022 ‚
912 982 944 1017 8(
957 981 1143 1017 charitatis
1159 1005 1170 1020 ‚
1196 988 1274 1025 quo

325 1034 459 1085 prefixi
475 1034 555 1070 finis
570 1041 757 1075 compotes
779 1031 1033 1076 inveniantur,
1057 1042 1130 1066 non
1153 1027 1278 1065 conse·

327 1087 455 1134 quitur
468 1095 586 1119 autem
602 1083 688 1124 quis
715 1079 819 1116 finem
847 1092 991 1127 propter
1011 1081 1275 1118 observantiam

329 1136 578 1174 mandatorum
596 1130 744 1173 Dei‚r.ifi
759 1131 923 1165 observat
942 1131 997 1168 illa
1011 1144 1057 1168 ex
1074 1132 1249 1167 charitate
1266 1151 1276 1161 ·

437 1190 532 1237 Qae
546 1181 673 1230 opinio
689 1182 791 1216 nobis
810 1191 879 1215 non
909 1185 1087 1227 proba-tur
1105 1207 1116 1218 .
1141 1184 1237 1218 Nam
1253 1178 1276 1213 fi

334 1237 434 1272 Deus
446 1237 533 1270 dans
547 1234 660 1277 legem
680 1231 884 1266 intendebat
899 1233 1060 1280 obligare
1077 1231 1120 1266 ad
1145 1241 1278 1278 praece·

331 1298 390 1336 pta
407 1281 580 1322 servanda
592 1294 638 1317 ex
651 1281 854 1321 charitate3
876 1293 964 1326 ergo
988 1283 1204 1331 quicunque
1225 1281 1279 1316 fa-

331 1338 429 1374 ciers
439 1346 529 1384 opus
547 1333 717 1381 praecepti
732 1358 741 1373 ,
774 1334 807 1369 ἃ
824 1344 895 1368 non
909 1332 953 1368 de
979 1332 1149 1369 instirftu
1168 1332 1279 1367 chari.

331 1388 417 1424 tatis
432 1413 442 1428 ‚
469 1384 666 1421 mortaliter
681 1393 802 1429 peccat
821 1408 831 1423 ,
858 1383 917 1418 seu
936 1382 1048 1420 sermo
1065 1383 1104 1418 fit
1117 1383 1160 1418 de
1174 1393 1277 1427 nega-

331 1439 416 1474 rivis
430 1436 488 1472 seu
502 1432 777 1470 ele-affirmativis
800 1433 976 1469 mandatis
1001 1434 1046 1469 ad
1071 1445 1152 1480 quae
1179 1443 1280 1469 tene-

333 1500 412 1524 mur
430 1497 494 1534 pro
506 1483 702 1530 aliquando
718 1510 729 1525 ,
752 1483 775 1518 fi
792 1494 960 1530 protunc
973 1497 1044 1521 non
1057 1483 1218 1520 servatur
1233 1494 1279 1518 ex

331 1537 510 1578 charitate
533 1533 657 1570 incidit
678 1544 863 1581 peccatum
888 1537 1068 1577 mortale;
1096 1545 1206 1581 atque
1228 1534 1277 1568 ita

334 1591 546 1637 quicunque
562 1586 707 1620 mortali
720 1586 834 1632 culpae
848 1585 1040 1622 obstrietus
1056 1584 1278 1627 invenitur‚{i

332 1638 453 1688 postea
469 1635 643 1672 abstineat
658 1647 675 1669 a
692 1633 784 1671 caede
798 1637 999 1671 innocentis
1015 1664 1025 1678 ‚
1055 1636 1089 1671 8(
1117 1648 1137 1670 a
1161 1636 1278 1676 furto,

334 1690 370 1725 8(
387 1701 405 1723 a
417 1686 655 1722 fornicatione
669 1712 679 1727 ,
705 1689 791 1732 quia
810 1688 909 1722 Deus
921 1685 1019 1731 justit
1036 1687 1083 1722 ita
1100 1685 1132 1722 se
1152 1697 1278 1732 gerere

332 1749 516 1787 quemque
527 1747 691 1783 oportere
707 1762 719 1778 ,
742 1738 807 1771 erit
832 1736 865 1770 id
894 1737 955 1772 fibi
982 1737 1130 1772 mortale
1154 1748 1278 1784 pecca.

331 1801 408 1826 tum
426 1814 435 1824 .
449 1791 530 1825 Hoc
542 1788 679 1823 illatum
692 1785 974 1825 absurdillimum
987 1786 1056 1824 est:
1072 1787 1159 1822 illud
1183 1787 1277 1822 enim

330 1838 634 1885 consequeretur,
662 1847 703 1872 ut
719 1839 782 1885 qui
806 1837 840 1872 in
867 1836 1037 1872 lethalem
1056 1837 1203 1882 culpam
1229 1838 1280 1870 in-

331 1890 498 1925 ciderunt
512 1914 523 1930 ‚
550 1898 755 1923 arcerentur
771 1888 815 1922 ab
828 1889 1000 1934 operibus
1025 1888 1129 1922 bonis
1152 1899 1197 1923 ex
1218 1898 1281 1933 ge-

331 1938 477 1982 nere,ad
488 1949 569 1986 quae
583 1939 669 1974 alias
682 1937 844 1974 facienda
861 1936 939 1974 sunt
954 1936 1111 1973 adstricti
1125 1951 1136 1978 3
1150 1938 1223 1973 imo
1234 1936 1279 1972 ad

330 1990 454 2026 eadem
470 1988 750 2037 repraesentanda
767 1987 847 2023 sunt
875 1988 1071 2029 movendi,
1105 1989 1138 2024 8(
1168 1998 1278 2036 prout

327 2049 475 2088 oportet
504 2039 612 2075 etiam
635 2038 900 2086 compellendi3
925 2038 1160 2075 instruffiione
1189 2050 1279 2086 prae·

327 2088 426 2126 miss'a
441 2116 452 2132 ,
473 2088 548 2124 fore
561 2099 601 2124 ut
615 2089 745 2125 exinde
763 2087 997 2136 disponantur
1011 2089 1054 2124 ad
1083 2090 1189 2125 citius
1207 2115 1218 2131 ,
1242 2090 1277 2126 &

324 2140 465 2176 facilius
492 2139 639 2186 gratiam
666 2140 734 2176 Dei
760 2140 995 2177 obtinendam
1026 2167 1037 2183 ‚
1069 2139 1104 2175 8(
1129 2151 1280 2187 recupe-

326 2191 474 2227 randam
489 2216 499 2226 .

426 2241 599 2280 Similiter
625 2241 801 2277 charitate
825 2253 974 2278 ornatus
1002 2242 1139 2278 efficere
1165 2241 1281 2290 potest

329 2293 477 2340 aliquod
490 2302 583 2338 opus
595 2293 763 2339 praecepti
781 2319 792 2334 ,
815 2304 885 2327 non
899 2296 943 2328 de
955 2292 1121 2328 instineiu
1133 2293 1281 2328 habitus

328 2344 536 2380 inhaercntis
553 2368 562 2382 ‚
595 2341 655 2377 sed
671 2354 717 2377 ex
734 2343 868 2387 pietate
883 2368 892 2383 ‚
924 2344 1157 2388 naturalique
1181 2354 1281 2378 man-

330 2392 517 2430 suetudine
534 2418 544 2433 ,
573 2404 648 2438 qua
666 2391 829 2428 fleE'titur
845 2392 888 2427 ad
904 2392 1160 2428 sublevandam
1192 2404 1281 2441 pau-

329 2445 461 2492 periem
475 2442 686 2479 miserorum
700 2470 712 2486 ‚
740 2443 871 2479 adeout
890 2455 984 2491 opus
1000 2442 1082 2479 aftu
1098 2455 1168 2479 non
1191 2444 1281 2479 refe-

331 2506 432 2531 ratur
448 2493 490 2529 ad
507 2493 614 2529 finem
631 2495 798 2533 ultimum
814 2521 823 2534 ,
847 2506 887 2529 ac
899 2495 1047 2542 proinde
1071 2494 1282 2540 adimpletio

332 2546 502 2593 praecepti
521 2544 664 2580 minime
677 2546 708 2580 ei
727 2545 910 2581 meritoria
928 2546 968 2581 {it
992 2571 1001 2580 .
1029 2547 1067 2583 Si
1088 2556 1206 2580 autem
1229 2556 1282 2580 te-

335 2605 477 2633 neretur
493 2594 630 2631 servare
662 2607 881 2642 praeceptum
911 2595 1018 2641 juxta
1045 2597 1281 2632 intentionem

336 2646 539 2684 mandantis
554 2673 564 2687 ,
578 2657 657 2691 quae
673 2645 721 2681 est
734 2645 877 2694 adeptio
893 2658 1028 2682 aeternae
1042 2647 1165 2692 gloriae
1184 2673 1195 2689 ,
1211 2647 1284 2683 uti-

335 2709 407 2745 que
422 2707 606 2731 teneretur
622 2706 709 2730 tunc
724 2697 766 2730 ad
792 2697 958 2732 meritum
976 2723 987 2739 ,
1015 2697 1085 2733 fine
1108 2709 1184 2743 quo
1209 2708 1282 2732 non

335 2748 510 2793 contingit
524 2748 678 2794 aliquem
704 2748 926 2783 beatitudine
958 2749 1092 2796 potiri,
1119 2758 1284 2793 peccaret

334 2800 447 2843 igitur
463 2808 550 2833 tunc
563 2797 758 2833 mortaliter
772 2799 974 2833 exercendo
989 2798 1069 2835 sein
1081 2811 1188 2847 opere
1219 2800 1283 2834 bo-

334 2861 382 2885 no
393 2860 438 2887 ex
452 2859 584 2893 genere
599 2874 610 2889 ,
639 2849 739 2892 quod
754 2860 858 2885 nemo
870 2850 1023 2885 dixerit.

434 2897 492 2935 Est
509 2900 622 2941 igitur
633 2898 822 2935 dicendum
839 2926 849 2940 ,
878 2899 1060 2937 hominem
1076 2910 1212 2935 naturae
1229 2901 1283 2935 vi-

335 2952 436 2988 ribus
450 2951 521 2986 line
538 2950 653 2994 gratia
667 2948 708 2983 ha
717 2949 762 2984 ud
777 2949 872 2997 posse
886 2952 1052 2987 mandata
1069 2953 1159 2997 legis
1171 2949 1282 2986 adim·

334 3003 430 3048 plere
445 3029 453 3038 .
466 3000 702 3039 Declaratio:
720 3001 938 3038 Potissimum
953 3003 1202 3038 mandatorum
1234 3003 1281 3037 le-

332 3054 385 3100 gis
401 3053 449 3089 est
463 3050 550 3089 illud
570 3077 580 3091 ,
609 3050 750 3097 Diliges
768 3052 961 3088 Dominum
986 3052 1106 3088 Deum
1134 3059 1279 3093 ταωνι-ις

331 3104 462 3140 adeout
476 3104 521 3139 ab
536 3098 602 3137 isto
617 3110 693 3135 tota
708 3101 767 3137 lex
779 3103 929 3147 pendeat
948 3130 957 3144 ,
984 3104 1016 3139 8(
1036 3101 1281 3150 Prophetae‚ut

331 3153 499 3190 scribitur
515 3151 835 3189 WarthaeizzAd
851 3156 919 3190 tale
934 3155 1043 3200 igitur
1058 3164 1280 3200 proeceptum

333 3200 766 3251 aliquandoimplendum
785 3213 931 3240 tenetur
948 3206 1111 3239 voluntas
1125 3230 1135 3245 ,
1162 3203 1280 3239 intan-

332 3266 410 3291 tum
421 3266 458 3291 ut
479 3255 626 3291 minime
638 3251 773 3299 semper
789 3253 876 3290 stare
893 3264 1002 3302 queat
1016 3253 1152 3289 Omiffio
1179 3254 1281 3290 attus

333 3305 530 3342 dileaionis
545 3306 609 3341 Dei
627 3329 637 3344 ‚
664 3304 736 3339 fine
751 3316 902 3350 peccato
915 3305 1058 3340 mortali
1084 3318 1094 3339 ι
1117 3305 1281 3351 quando·

333 3365 477 3402 cunque
495 3368 614 3394 autem
633 3355 806 3391 voluntas
820 3354 939 3391 atium
967 3354 1079 3401 hujus
1110 3358 1281 3404 praecepti

372 3476 417 3510 (a)
457 3472 619 3512 Valquefius
633 3475 776 3515 ¹·20d1'sp·
794 3481 857 3509 ¹96.
878 3475 1007 3515 prwsatur
1031 3486 1091 3516 cap.
1117 3483 1144 3504 ι.
1166 3476 1280 3506 Scotum

336 3520 400 3539 cum
417 3511 542 3542 Henrico
556 3514 581 3541 iu
595 3513 646 3541 hac
656 3515 842 3543 controverfia
854 3515 1014 3549 {convenire
1042 3526 1104 3554 cap.
1129 3523 1156 3547 3.
1178 3525 1227 3551 pro
1244 3515 1281 3544 sui

339 3549 472 3578 facilitate
486 3552 512 3579 8(
540 3551 761 3590 promptitudine
789 3553 893 3581 ferendi
917 3558 1041 3582 censuras
1067 3555 1092 3582 in
1114 3553 1283 3583 Catliolicos

338 3587 484 3630 Docto—re:
495 3599 573 3627 putat
590 3588 701 3627 Magiss.
714 3591 829 3619 Scotum
843 3609 853 3625 ,
873 3593 900 3619 ὃ(
916 3591 1070 3620 Henricutn
1083 3592 1135 3620 ess‘e
1157 3593 1282 3629 Semipe-

338 3625 672 3663 lagiantsMaffilicnssbus
695 3627 901 3658 accensendos·-
924 3630 1000 3657 Nam
1028 3631 1136 3659 videtur
1161 3629 1208 3658 fibi
1235 3641 1284 3660 eos

336 3664 520 3699 existimasse,
548 3667 743 3705 dispositiones
766 3668 799 3694 ad
820 3668 936 3706 gratiam
949 3668 1162 3698 sanetificamem
1181 3668 1234 3697 effe
1248 3680 1283 3698 cx

336 3703 456 3741 propriie
471 3705 577 3733 arbitrii
592 3705 697 3735 viribus
711 3705 763 3734 line
778 3705 880 3736 auxilio
892 3709 986 3744 gratim
1013 3708 1151 3735 moventi:
1166 3727 1173 3735 .
1197 3707 1250 3735 sed
1265 3709 1284 3736 ir

336 3741 444 3770 Censor
459 3741 595 3779 splendide
609 3742 718 3772 fallitur
734 3753 867 3781 quantum
880 3745 913 3772 ad
924 3745 1037 3773 Scotum
1051 3764 1060 3779 ‚
1085 3755 1114 3773 ut
1130 3746 1216 3781 lonqo
1229 3746 1283 3774 ser-

335 3789 420 3808 mone
434 3780 551 3811 ostcndit
566 3781 674 3822 Magist.
685 3782 823 3821 Hiquaeus
835 3782 865 3812 in
885 3785 1117 3822 ccmmmnsupeu·
1130 3795 1156 3823 q.
1177 3778 1202 3811 ξ.
1223 3784 1284 3825 dist.

336 3828 381 3854 14.
391 3828 418 3854 4.
425 3820 497 3857 sent.

1370 222 1589 269 exequitur,
1618 223 1700 256 licet
1723 223 1887 257 informis
1913 249 1924 263 ‚
1951 221 2183 270 disponitque
2212 226 2244 260 se
2268 226 2310 261 de

1367 282 1531 318 congruo
1546 271 1586 305 ad
1600 274 1754 316 gratiam
1771 271 2036 316 gratificantem
2053 302 2062 314 ,
2078 275 2138 311 fibi
2153 276 2308 310 oblatam

1363 322 1420 356 vel
1448 320 1578 357 refistct
1596 347 1606 362 ,
1630 323 1665 357 Β(
1694 323 1855 365 peccabit
1885 325 2109 365 mortaliter,
2143 325 2197 359 vel
2225 338 2312 359 con.

1362 371 1489 407 sentiet
1520 398 1531 413 ‚
1568 373 1602 407 8(
1631 370 1891 417 justificabitur
1915 384 1927 411 3
1960 385 2021 418 per
2048 375 2199 417 gratiam
2223 386 2309 420 ergo

1360 421 1431 457 Dei
1448 421 1618 468 adimplet
1631 424 1717 470 legis
1730 431 1903 469 praecepta
1920 447 1929 462 ‚
1951 423 1984 457 &
2001 434 2072 457 non
2097 426 2198 459 aliter
2221 450 2230 459 .
2263 426 2307 461 Et

1362 483 1434 506 non
1451 483 1622 517 putamus
1639 474 1888 520 impotentiam
1914 471 2005 507 hanc
2026 474 2307 517 imputandam...

1359 521 1551 558 effelibero
1568 523 1718 559 arbitrio
1731 522 1892 559 absolute
1907 547 1918 562 ,
1943 522 2026 568 (de
2055 534 2126 567 qua
2157 536 2192 558 re
2214 523 2306 558 infra

1357 571 1576 619 art,8.)sed
1591 572 1828 620 proutipsum
1856 582 2086 620 comparatur
2113 572 2155 606 ad
2185 575 2305 609 Deum

1358 623 1552 658 liberaliter
1573 625 1721 668 gratiam
1746 622 1958 658 offerentem
1983 650 1995 666 ‚
2018 623 2128 658 libero
2150 624 2306 659 arbitrio

1355 674 1557 721 aliqualiter
1572 685 1691 709 tamen
1705 672 1875 721 disposito
1892 697 1902 707 .

1455 724 1515 763 Ad
1529 735 1739 769 argumenta
1758 749 1766 758 .
1786 724 1843 759 Ad
1860 724 2012 770 primum
2029 723 2226 770 respondeo
2239 749 2247 763 ‚
2262 721 2306 756 ad

1355 773 1468 820 legem
1487 775 1607 820 Moyfi
1630 774 1887 810 observandam
1905 800 1915 815 ‚
1943 772 2168 809 solummodo
2197 773 2304 808 Istae-

1354 825 1436 860 litas
1447 824 1639 860 obstrietos
1658 825 1759 860 fuisse
1774 851 1784 866 ,
1800 825 1886 860 alias
1902 824 2051 871 proinde
2076 827 2237 859 natlones
2258 821 2304 856 ad

1355 885 1471 919 genus
1489 875 1644 913 Abrahae
1659 888 1729 911 non
1747 877 1966 923 pertinentes
1981 873 2076 920 juste
2093 875 2215 909 vivere
2240 884 2304 919 po-

1354 923 1460 959 tuiss‘e
1480 924 1660 971 sequendo
1672 925 1861 960 dietamina
1876 926 1963 971 legis
1978 937 2138 964 naturae3
2165 926 2198 960 8(
2216 933 2305 958 tunc

1354 974 1390 1008 hi
1403 975 1525 1021 populi
1542 973 1621 1009 sunt
1639 974 1791 1021 sibiipsis
1809 976 1868 1010 lex
1882 1002 1893 1017 ‚
1919 975 2006 1011 idest
2023 988 2084 1024 per
2103 977 2213 1022 legem
2245 984 2306 1011 na.

1354 1034 1442 1060 turae
1455 1024 1668 1071 script-amin
1683 1026 1854 1061 cordibus
1884 1037 2010 1061 eorum
2039 1027 2184 1061 interius
2211 1024 2306 1059 dire-

1353 1085 1484 1110 xerunt
1516 1074 1547 1110 se
1576 1101 1588 1117 ,
1622 1076 1717 1113 reete
1750 1074 1909 1111 vivendo
1937 1100 1950 1119 ‚
1985 1076 2072 1111 sicut
2096 1075 2216 1122 Judaei
2243 1085 2305 1121 pet

1351 1123 1466 1171 legem
1497 1124 1658 1173 scriptam
1674 1125 1764 1164 ‚Sed
1790 1137 1906 1160 tamen
1935 1138 2111 1171 negamus
2134 1126 2304 1163 Gentiles

1355 1177 1444 1211 bene
1456 1176 1585 1212 vixiffe
1603 1177 1672 1212 fine
1691 1176 1791 1212 omni
1821 1177 1932 1221 gratia
1951 1201 1960 1211 .
1977 1179 2071 1213 Nam
2097 1178 2211 1222 gratia
2236 1174 2304 1211 esse

1356 1228 1479 1275 potuit
1492 1227 1528 1262 iu
1546 1228 1596 1263 eis
1609 1254 1618 1268 ‚
1648 1239 1691 1263 ex
1704 1226 1894 1274 hypothesi
1911 1237 1991 1260 vera
2008 1252 2019 1268 ‚
2047 1226 2145 1273 quod
2165 1238 2237 1261 non
2252 1237 2301 1261 te-

1356 1278 1538 1314 nebantur
1551 1278 1663 1325 legem
1680 1277 1889 1326 Mosaycam
1908 1277 2046 1312 servare
2058 1304 2070 1320 ,
2084 1277 2143 1313 nisi
2157 1276 2305 1312 fortaffis

1350 1328 1485 1376 Judaeis
1509 1328 1719 1376 adhefissent
1743 1354 1755 1370 ‚
1790 1340 1995 1375 eorumque
2022 1329 2140 1374 legem
2167 1327 2304 1377 profesti

1356 1378 1465 1415 essent
1478 1407 1487 1415 .

1456 1428 1515 1465 Ad
1532 1429 1723 1465 secundum
1740 1456 1749 1470 ‚
1775 1428 2058 1466 Concedendum
2072 1427 2121 1464 est
2138 1426 2171 1462 id
2190 1430 2308 1476 impu-

1354 1482 1420 1517 tari
1439 1491 1506 1515 non
1523 1480 1617 1527 posse
1632 1481 1739 1516 alicui
1763 1480 1806 1515 ad
1838 1491 2024 1526 peccatum
2038 1504 2051 1523 ‚
2075 1478 2176 1526 quod
2205 1482 2306 1516 nullo

1355 1530 1465 1568 modo
1481 1530 1588 1568 vitari
1616 1531 1727 1578 potest
1743 1558 1750 1566 .
1772 1532 2015 1566 Veruntamen
2039 1532 2206 1577 quamvis
2233 1532 2307 1567 exi-

1356 1583 1448 1618 sten<
1466 1583 1499 1617 in
1514 1593 1662 1628 peccato
1675 1582 1843 1622 mortali,
1868 1593 1913 1616 ex
1931 1580 1963 1616 se
1977 1591 2134 1627 nequeat
2151 1579 2306 1617 declina.

1355 1646 1393 1669 re
1405 1633 1450 1667 ab
1463 1632 1561 1667 omni
1579 1644 1728 1679 peccato
1741 1659 1750 1673 ‚
1774 1630 1807 1668 se
1819 1630 2007 1679 disponere
2019 1631 2160 1666 interim
2184 1633 2305 1667 valere

1356 1683 1399 1718 ad
1416 1683 1585 1728 gratiam,
1602 1695 1674 1729 qua
1693 1682 1820 1730 adepta
1835 1681 1947 1729 potest
1966 1681 2025 1716 reli
2035 1681 2120 1717 stere
2136 1683 2304 1717 tentatio-

1356 1735 1463 1769 nibus
1480 1759 1491 1776 ,
1517 1734 1550 1768 8(
1566 1735 1709 1769 vincere
1725 1734 1994 1769 inclinationem
2009 1731 2167 1767 senfitivi
2197 1745 2306 1780 appe·

1356 1785 1444 1819 titus
1457 1810 1466 1825 ,
1496 1795 1604 1830 atque
1617 1786 1661 1819 ab
1675 1784 1774 1819 omni
1786 1783 1957 1819 abstinere
1981 1793 2128 1829 peccato
2144 1808 2154 1818 .

1458 1833 1517 1870 Ad
1530 1836 1677 1870 tertium
1692 1862 1701 1875 ,
1719 1832 1916 1880 respondeo
1930 1845 1972 1869 ex
1985 1833 2088 1868 dietis
2100 1832 2168 1870 loco
2187 1834 2306 1870 citato.

1356 1888 1498 1929 Nempe
1514 1885 1608 1930 roife
1622 1885 1767 1932 quidem
1785 1895 1938 1920 creatam
1955 1883 2180 1920 voluntatem
2195 1894 2238 1919 ex
2251 1895 2311 1918 na-

1352 1935 1532 1971 turalibus
1545 1935 1614 1971 suis
1628 1937 1772 1981 diligere
1788 1938 1904 1972 Deum
1919 1934 2023 1981 super
2036 1935 2155 1970 omnia
2170 1959 2182 1977 ‚
2198 1934 2256 1969 sed
2270 1944 2310 1969 ut

1355 1987 1475 2021 adiuta
1501 1986 1551 2022 est
1581 1986 1773 2023 influentia
1800 1985 2131 2022 corr-muniordinis
2145 1985 2312 2033 superna.

1356 2037 1483 2072 turalis
1501 2051 1513 2079 3
1546 2050 1671 2085 nempe
1685 2050 1727 2073 ex
1748 2037 1814 2072 Dei
1833 2034 2073 2073 misericordia
2089 2036 2316 2082 praevenien-

1356 2098 1390 2123 te
1405 2099 1466 2134 per
1480 2090 1653 2124 auxilium
1669 2088 1770 2123 aetna
1782 2089 1811 2122 le
1825 2089 1988 2123 excitans
1999 2110 2010 2126 ‚
2024 2086 2057 2120 &
2072 2085 2250 2131 adjuvans
2267 2083 2311 2118 ad

1357 2139 1464 2173 talem
1481 2139 1599 2174 afflum
1614 2138 1826 2174 eliciendum
1847 2150 1859 2177 ς
1882 2135 2044 2181 alioquin
2062 2146 2190 2182 nature
2216 2136 2310 2171 vites

1357 2200 1427 2225 nen
1441 2187 1635 2226 sufficirent
1661 2191 1692 2224 ei
1707 2189 1888 2224 tinec-honi
1905 2184 2190 2234 rep1·aesentandae
2201 2211 2210 2222 .

2344 1203 2452 1232 Servari
2486 1211 2543 1229 non

2349 1241 2427 1279 poss'e
2482 1251 2545 1268 om—

2344 1290 2408 1309 nem
2440 1289 2543 1308 natura:

2342 1319 2433 1357 legem
2458 1318 2544 1349 line.)

2344 1360 2455 1398 gratia.

1523 2336 2040 2375 ARTICULUS
2099 2337 2147 2372 V.

1409 2491 1547 2528 Utrum
1564 2493 1675 2528 homo
1688 2490 1787 2539 poliit
1803 2491 1928 2526 mereri
1955 2490 2065 2525 vitam
2089 2498 2257 2524 :eternam

1713 2542 1783 2578 fine
1796 2542 1911 2588 gratia
1945 2566 1956 2577 .

1456 2644 1588 2683 Durior
1602 2643 1685 2679 locis
1701 2646 1737 2678 in
1751 2643 1909 2689 margine
1924 2640 1988 2677 cit.
2019 2643 2059 2680 S.
2082 2639 2205 2677 Thom.

1644 2706 1673 2729 ι.
1691 2706 1725 2729 2.
1752 2706 1783 2741 q.
1805 2703 1885 2742 109.
1911 2702 1979 2729 art
1999 2703 2033 2739 5.

1467 2798 1588 2835 Idetur
1603 2797 1713 2831 homo
1733 2795 1860 2830 mereri
1879 2794 1974 2839 posse
1999 2795 2112 2830 vitam
2138 2804 2305 2828 :eternam

1359 2799 1449 2889 V
1481 2850 1550 2884 {ine
1567 2849 1680 2893 gratia
1694 2872 1701 2880 .
1719 2846 1856 2881 Etenim
1872 2846 2034 2881 Matthaei
2054 2858 2110 2892 ¹9.
2123 2843 2303 2885 scribitur,

1358 2900 1484 2935 dixisse
1502 2900 1725 2936 salvatorem
1743 2897 1785 2931 ad
1802 2897 1982 2942 quendam
1995 2923 2006 2939 ‚
2035 2898 2077 2932 Si
2094 2897 2148 2930 vis
2174 2894 2223 2929 ad
2248 2897 2304 2930 vi-

1359 2960 1431 2987 tam
1443 2949 1699 2997 ingrediserva
1712 2947 1878 2983 mandata
1925 2948 1979 2984 Est
1996 2949 2104 2991 igitut
2131 2946 2165 2980 in
2190 2946 2304 2980 homi-

1359 3004 1414 3040 nis
1429 3001 1605 3049 porcstate
1619 3001 1725 3046 potiri
1742 3002 1810 3034 vita
1827 3010 1945 3046 eterna
1960 3009 1972 3039 ;
1999 2997 2162 3044 alioquin
2180 2996 2222 3030 ad
2236 2996 2301 3030 ho-

1356 3055 1487 3090 miuem
1519 3065 1590 3087 non
1617 3050 1810 3099 pertineret
1835 3050 2008 3086 sententia
2035 3047 2303 3093 Redemptoris:

1357 3104 1470 3151 Quod
1499 3115 1615 3138 autern
1640 3101 1686 3136 est
1710 3103 1743 3135 in
1777 3100 1933 3137 hominis
1955 3098 2131 3146 potestate
2151 3123 2159 3136 ‚
2182 3109 2244 3142 per
2273 3096 2304 3132 se

1357 3156 1471 3203 ipsum
1486 3155 1519 3188 in
1539 3153 1625 3189 illud
1641 3150 1780 3198 potest;
1805 3163 1891 3196 erigo
1906 3151 2017 3185 homo
2049 3149 2135 3183 citra
2158 3149 2302 3183 alterius

1357 3207 1535 3241 auxilium
1552 3206 1646 3238 valer
1665 3202 1921 3237 beatitudinem
1952 3199 2102 3235 mereri.

1459 3254 1718 3291 PraetereaBea
1729 3252 1846 3288 titudo
1857 3251 1904 3287 est
1919 3262 2054 3288 merces
2069 3251 2101 3285 8(
2116 3250 2304 3295 proemium

1357 3305 1626 3352 rependendum
1639 3305 1674 3338 in
1691 3305 1802 3338 altero
1817 3303 1944 3337 l'aeculo
1958 3300 2030 3339 Dei
2047 3300 2208 3335 mandata
2234 3298 2305 3334 scr-

1359 3358 1529 3393 vantibus
1544 3382 1554 3397 ‚
1584 3354 1640 3401 jux
1653 3364 1684 3387 ta
1700 3354 1788 3389 illud
1804 3353 1968 3389 Matthoei
1995 3363 2026 3389 2.
2046 3351 2191 3396 Singuli
2213 3363 2307 3385 acce-

1354 3416 1486 3456 perunt
1502 3405 1655 3453 singulos
1679 3404 1840 3440 denarios
1866 3405 1927 3439 ubi
1953 3403 2061 3450 juxta
2083 3402 2304 3448 Gregorium

1361 3458 1564 3495 Homil.t6.
1581 3461 1618 3493 in
1632 3455 1806 3492 ezechiel.
1823 3455 1870 3491 est
1888 3455 2001 3490 sermo
2017 3453 2144 3492 devita
2163 3463 2305 3487 aeterna:

1357 3510 1475 3556 Atqui
1491 3521 1599 3556 opera
1618 3533 1630 3552 ,
1655 3508 1791 3552 quibus
1808 3507 1875 3541 Dei
1905 3516 2079 3552 pratccpta
2107 3502 2305 3544 servantur,

1358 3559 1665 3600 autsecus,nostra
1680 3556 1781 3598 sunt,
1813 3556 2006 3591 secundum
2032 3554 2129 3600 quod
2159 3555 2191 3589 8(
2224 3551 2305 3586 scri-

1358 3621 1459 3656 ptum
1485 3609 1534 3644 est
1554 3636 1562 3651 ‚
1591 3608 1729 3645 Reddes
1754 3609 1948 3654 (nimique
1976 3603 2164 3653 secundum
2202 3611 2304 3645 opera

1349 3660 1420 3708 sua
1441 3688 1450 3697 ,
1466 3659 1554 3695 Psal.
1570 3659 1628 3695 61.
1647 3670 1733 3703 ergo
1748 3657 1856 3693 homo
1873 3658 2027 3704 propriis
2058 3658 2229 3702 operibus
2250 3656 2305 3690 vi-

1359 3721 1432 3745 tam
1449 3721 1613 3745 <eternam
1629 3709 1742 3756 potest
1755 3711 1879 3743 mereri
1894 3733 1902 3741 .
2411 3749 2414 3753 ⁸

1460 3761 1632 3795 Praeterea
1650 3786 1658 3800 ,
1678 3759 1760 3792 Vita
1783 3770 1909 3793 :e‘erna
1923 3756 1976 3790 vel
1993 3755 2140 3795 felicitas
2155 3761 2200 3795 cst
2215 3759 2305 3795 ulti..
2347 3758 2374 3784 ⁴⁴·
2388 3747 2447 3815 (ml.
2460 3761 2503 3784 φ.
2518 3761 2544 3776 ι·-

1359 3822 1440 3847 mus
1453 3809 1531 3846 finis
1545 3837 1555 3852 ,
1584 3811 1625 3845 ad
1639 3821 1748 3856 quem
1760 3810 1945 3845 ordinatur
1960 3807 2066 3843 homo
2081 3823 2089 3841 ε
2105 3810 2161 3845 sci
2181 3822 2276 3845 mm.
2297 3827 2303 3845 ,
2342 3798 2545 3864 }.*if'›a.)-'v¹1nss¹s-.

2148 3874 2261 3907 magis

2346 2851 2461 2890 Prologi
2474 2863 2502 2890 q.
2518 2863 2543 2882 z.

2345 3253 2374 3279 4*
2389 3243 2448 3270 dul.
2467 3253 2542 3278 52.sp

2346 3292 2372 3315 5.
2390 3283 2418 3307 ln
2441 3290 2541 3318 πῆξαι-ηε

2343 3320 2466 3358 primusp-

2346 3458 2547 3494 ΞΛΜ-ρης.
