2643 4043
0 2587 18 2676 ,2³³3
0 2554 18 2567 ‘J
2 2498 15 2528 Ἀ
4 2444 17 2470 ‘'-

162 3562 322 3594 Goffredio
345 3562 364 3588 i-

169 3605 219 3631 nio
232 3571 364 3638 Qtodsss

162 3638 363 3676 q.7.&(Q10d-

167 3680 217 3709 lib·
231 3681 257 3706 8·
270 3688 297 3715 q·
315 3685 365 3705 22·

459 83 531 129 '6'6
1016 75 1199 122 Summe
1225 72 1405 125 Ioannis
1444 72 1579 118 Dum
1608 66 1727 118 scoti

387 149 535 188 dicenda
549 146 599 184 est
614 145 790 193 appetitui
805 142 976 180 senfitivo
991 156 1003 184 ς
1017 144 1173 179 liberum
1189 143 1280 178 enirn
1293 140 1342 177 est

389 201 536 249 quidem
553 196 784 246 persuafibile
799 206 862 241 per
875 195 1048 230 rationem
1065 221 1076 237 ,
1108 205 1179 228 non
1194 202 1343 229 tamem·

388 252 534 303 proprie
543 248 724 285 obedibile
739 273 752 289 ,
776 255 841 282 nec
859 243 1006 281 subinde
1016 254 1185 281 movetur
1197 255 1215 279 a
1234 244 1344 281 ratio·

388 316 433 341 ne
448 329 461 346 ,
484 303 519 339 8(
534 301 649 338 multo
661 299 780 335 minus
794 295 841 331 ab
852 294 1022 333 senfitivo
1031 295 1195 345 appetitu
1211 321 1222 333 .

538 396 1051 441 ARTICULUS
1110 396 1178 433 111.

536 503 675 539 Utrum
690 501 860 537 voluntas
872 509 1013 536 moveat
1027 496 1170 548 seipsam
1181 523 1200 534 .

461 603 595 644 Dal-'ior
606 614 641 638 2.
659 601 694 636 d.
710 610 765 646 25·
784 599 1111 647 utriusquefi‘ripti
1124 625 1136 642 ‚
1161 596 1205 636 σ’ς’
1219 610 1258 648 9.

536 652 713 701 metaphy.
732 663 763 698 q.
786 665 841 699 ¹4·
855 650 898 690 ἐν
917 660 973 695 15.
989 652 1025 687 s·
1048 649 1196 686 Thomas

708 714 734 738 ιξ
753 712 787 736 2.
802 714 837 750 q.
850 715 882 751 9.
897 712 973 738 arr.
989 711 1023 746 3.

504 802 660 850 Praefi’ns
672 800 848 849 quaesitum
862 802 1018 838 relative
1033 801 1084 836 ad
1095 797 1235 836 intelle-

554 854 644 891 tium
659 851 731 889 late
743 851 930 900 expensum
943 852 1048 888 habes
1060 877 1072 894 ‚
1089 862 1101 886 1
1111 874 1121 886 .
1131 858 1168 898 p.

746 916 781 952 q.
794 914 855 951 79.
870 911 942 940 art.
958 912 994 941 2.

506 1003 633 1042 Idetur
645 1004 813 1041 voluntas
824 1005 922 1041 haud
936 1001 1080 1051 seipsam
1091 1013 1251 1039 movere.
1264 1003 1347 1039 Ete-

521 1057 596 1091 nim
609 1066 756 1090 movens
770 1057 803 1092 8(
823 1067 962 1092 motum
974 1064 1120 1103 oportet
1132 1052 1201 1089 effe
1214 1051 1345 1088 distin-

390 1107 447 1145 &a
461 1104 623 1152 subjeeto
637 1131 647 1140 .
664 1105 850 1151 Siquidem
865 1105 1012 1153 perinde
1026 1103 1075 1140 est
1089 1103 1252 1145 asserere,
1267 1114 1346 1139 mo-

390 1170 481 1194 vens
497 1184 507 1200 ,
521 1157 556 1193 &
572 1167 709 1192 motum
722 1168 791 1191 non
802 1167 969 1203 oportere
982 1153 1147 1201 subjesto
1156 1153 1345 1199 distingui,

391 1221 433 1245 ac
448 1209 542 1243 idem
558 1217 701 1242 movere
717 1205 864 1253 seipsum
883 1220 894 1249 3
908 1207 943 1242 id
954 1218 1043 1242 vero
1055 1204 1106 1241 est
1117 1204 1343 1252 impoffibile.

391 1261 480 1295 Haec
493 1267 613 1294 autem
630 1257 746 1292 minor
759 1257 1003 1304 multipliciter
1017 1255 1343 1302 probatur-Primo,

391 1311 477 1357 quia
489 1309 651 1351 alioquin
668 1304 878 1351 sequeretur
892 1334 902 1348 ‚
917 1307 1007 1341 idem
1021 1306 1090 1342 esse
1107 1308 1142 1341 in
1159 1306 1243 1342 actu
1258 1307 1292 1341 8(
1306 1306 1342 1341 in

388 1361 552 1407 potentia
569 1357 667 1393 fimul
684 1356 843 1403 respeftu
856 1355 1036 1403 ejusdem,
1063 1357 1164 1404 quod
1193 1356 1281 1391 nihil
1293 1355 1343 1392 est

390 1409 493 1447 dian
513 1423 526 1451 3
556 1420 636 1443 nam
649 1418 758 1451 agens
773 1409 843 1442 tale
862 1408 902 1443 {it
916 1417 1060 1452 oportet
1080 1408 1116 1443 in
1129 1406 1342 1453 aeimquale

392 1459 529 1508 paffum
551 1459 585 1493 in
600 1458 757 1503 potentia
771 1484 779 1495 ,
794 1469 839 1494 ex
856 1468 887 1503 3.
906 1456 1011 1506 Phys.
1028 1466 1103 1493 tex.
1127 1469 1181 1505 t7.
1201 1456 1342 1492 unde,

391 1510 482 1545 nihil
498 1508 608 1545 effein
628 1507 707 1543 astu
720 1508 753 1543 8(
773 1508 808 1542 in
825 1509 989 1555 potentia
1007 1506 1170 1554 respeetu
1185 1505 1344 1554 ejusdem

390 1559 549 1605 speetare
564 1558 707 1592 videtur
719 1556 761 1591 ad
775 1560 952 1605 principia
965 1556 1210 1605 metaphyfica
1222 1584 1232 1597 ‚
1260 1569 1344 1604 quae

388 1610 470 1646 sunt
486 1607 772 1645 universalissima
787 1632 797 1646 ,
813 1609 847 1644 8(
860 1609 960 1644 nullo
977 1608 1088 1643 modo
1102 1609 1263 1652 neganda
1279 1609 1346 1643 in...

388 1671 613 1706 quocunque
641 1657 848 1703 particulari
874 1668 1023 1702 propter
1061 1667 1346 1703 quamcunque)

390 1710 641 1747 difficultatem
660 1705 843 1752 specialem
861 1706 1078 1740 incidentem
1095 1731 1107 1743 .

495 1756 635 1795 Deinde
652 1782 661 1797 ,
689 1756 852 1791 Materia
869 1782 879 1796 ,
904 1756 949 1795 &⁵
965 1754 1113 1800 efficv'enr
1126 1768 1194 1791 non
1219 1758 1347 1792 coinci-

390 1806 729 1851 dunt,z.ths.tex.
745 1814 805 1838 zo.
826 1805 965 1839 Motum
981 1803 1013 1837 se
1024 1803 1132 1838 habet
1147 1813 1187 1836 ut
1202 1805 1348 1836 materia

388 1859 553 1906 respeftu
568 1849 688 1892 m'otus
708 1865 720 1894 ;
744 1851 820 1887 haec
833 1863 918 1897 ergo
930 1853 1080 1887 materia
1106 1851 1235 1897 nequit
1264 1848 1351 1887 effe·

389 1912 487 1948 &ive
515 1907 687 1943 reducere
702 1903 736 1940 se
749 1901 814 1938 sub
832 1914 936 1940 motu
953 1915 965 1939 z
996 1901 1094 1937 aliud
1123 1914 1212 1949 ergo
1237 1912 1348 1947 agene

395 1964 460 1999 erit
473 1960 519 1995 ab
535 1955 607 2004 ipsa
623 1981 634 1992 .
1166 1954 1178 1957 “

493 2008 624 2047 Tettio
637 2033 646 2048 ‚
658 2005 813 2043 Movens
826 2002 869 2039 ad
882 2004 1014 2041 mobile
1026 2003 1168 2041 realiter
1177 2003 1350 2053 refertur,

395 2072 432 2109 ς.
445 2059 599 2107 metaph.
613 2066 763 2094 tex-210.
781 2054 849 2092 Sed
863 2053 1022 2101 ejusdem
1038 2055 1083 2090 ad
1101 2053 1258 2102 seipsum
1277 2066 1348 2090 non

396 2112 446 2149 est
461 2111 587 2147 relatio
606 2108 709 2143 realis
726 2120 736 2148 ς
761 2105 860 2153 quod
878 2107 909 2141 8(
922 2107 1119 2153 probatur:
1139 2109 1235 2143 Nam
1251 2105 1350 2141 reali.

395 2175 450 2199 ter
466 2160 611 2198 relativa
629 2159 707 2193 sunt
725 2158 757 2192 8(
774 2155 914 2192 realiter
930 2155 1215 2202 oppofita3simul
1230 2167 1350 2191 autem

395 2211 559 2262 opposita
576 2209 688 2244 eidem
701 2217 908 2250 competere
923 2208 1073 2242 omnino
1104 2218 1173 2241 non
1194 2206 1350 2250 possunt.

495 2264 638 2310 Qatto
654 2286 663 2300 ‚
688 2259 811 2301 Agens
826 2257 1117 2304 approximatum
1129 2254 1354 2307 paffodispov

396 2315 462 2351 sito
476 2311 608 2356 semper
622 2308 670 2345 est
684 2307 793 2346 τιᾶἰος
809 2306 969 2352 Si'igitur
987 2309 1155 2343 voluntas
1167 2307 1246 2343 effet
1262 2320 1350 2342 cau-

398 2363 431 2399 sa
451 2361 517 2397 suae
537 2360 722 2395 volitionis
740 2382 750 2398 ‚
782 2356 916 2404 semper
929 2359 1034 2395 vellet
1053 2383 1061 2393 .
1080 2360 1166 2394 Haec
1181 2358 1229 2393 est
1256 2359 1349 2393 ratio

399 2410 631 2458 Philosophi,
650 2420 683 2444 2.
704 2408 746 2442 de
762 2406 891 2443 Anima
907 2419 979 2443 tex.
1001 2419 1061 2452 52.
1076 2407 1248 2455 Sisensas
1263 2406 1350 2454 effic

396 2465 534 2499 affivus
551 2488 558 2500 ,
581 2473 658 2495 cum
662 2458 804 2505 sentire
810 2457 857 2503 sic
868 2461 1059 2494 immanens
1074 2485 1082 2498 ‚
1094 2457 1239 2505 semper
1267 2459 1349 2506 affec

396 2515 495 2550 afilia.
514 2510 626 2558 Qod
641 2509 661 2544 fi
674 2508 760 2554 quia
779 2509 947 2545 voluntas
964 2508 1012 2545 est
1028 2510 1149 2550 libera,
1170 2522 1241 2545 non
1258 2509 1348 2546 sem·

398 2576 459 2614 per
473 2560 664 2597 necessario
680 2559 819 2593 eliceret
831 2559 1057 2600 volitionem,
1074 2558 1195 2595 saltem
1212 2560 1347 2608 semper

394 2611 507 2664 poffet
525 2611 612 2646 velle
629 2637 639 2652 ‚
662 2607 761 2655 quod
777 2618 896 2643 tamen
912 2609 959 2645 est
973 2608 1100 2646 falsum
1119 2635 1130 2649 ‚
1155 2612 1240 2657 quia
1272 2623 1346 2649 non

395 2663 596 2706 contingit,
623 2661 843 2694 voluntatem
861 2660 959 2695 exire
975 2659 1072 2709 posse
1102 2662 1138 2697 in
1153 2660 1346 2706 aaronem,

395 2715 458 2752 nifi
479 2711 611 2760 praevia
626 2708 869 2744 intellcetione
885 2734 895 2744 .
1338 2707 1342 2711 '

497 2762 665 2797 Praeterea
682 2785 693 2800 ‚
723 2759 843 2793 Omne
857 2771 965 2805 agens
976 2762 1205 2809 aequssvocum
1219 2762 1267 2799 est
1284 2763 1349 2804 suo

394 2813 522 2851 effeffku
540 2810 695 2846 nobilius
713 2821 724 2848 3
739 2808 807 2843 Sed
821 2809 988 2848 voluntas
1001 2838 1013 2854 ‚
1030 2813 1052 2848 fi
1067 2811 1188 2848 causat
1203 2815 1348 2850 volitio-

396 2877 476 2901 nem
495 2889 505 2903 ‚
520 2861 567 2898 est
584 2870 692 2905 agens
710 2860 969 2904 aequivocum3
999 2873 1087 2907 ergo
1103 2865 1173 2898 erit
1191 2865 1349 2902 nobilior

396 2913 534 2962 seipsa,
564 2909 666 2950 utest
694 2909 889 2943 formaliter
907 2911 1056 2954 volens,
1080 2913 1182 2959 quod
1209 2913 1259 2949 0st
1285 2914 1349 2951 fal-

396 2966 472 3002 sum
490 2990 500 3000 .

497 3014 637 3051 Contra
656 3038 666 3051 ,
682 3010 908 3058 Augustinus
928 3037 937 3051 ,
957 3021 1009 3048 12.
1023 3012 1066 3047 de
1084 3012 1200 3049 Ciuit.
1216 3025 1296 3061 cap.
1310 3015 1347 3056 6,

397 3067 443 3104 Si
454 3066 521 3101 duo
536 3062 720 3110 oequaliter
729 3059 843 3106 affeffl
857 3061 1012 3098 habeant
1021 3062 1150 3109 abja-fla
1163 3065 1349 3111 <equaliter

396 3124 569 3153 moventta
585 3141 594 3155 ,
621 3113 809 3160 aequaliter
830 3113 1074 3160 approximate
1087 3140 1096 3154 ‚
1119 3125 1210 3149 unus
1235 3115 1347 3157 cadit,

395 3168 564 3203 aliusnon
577 3193 585 3201 .
608 3165 715 3199 Vnde
726 3165 842 3208 igitur
860 3161 958 3198 cadit
982 3160 1046 3209 iste
1057 3162 1101 3200 59·
1115 3163 1208 3199 alius
1231 3166 1347 3202 nom-..³

399 3214 604 3263 Respondet
625 3240 634 3255 ‚
661 3212 797 3249 nonnifi
817 3223 967 3259 propter
984 3214 1208 3250 voluntatem
1226 3215 1346 3251 ‚Cum

397 3270 509 3313 igitur
523 3266 641 3301 omnia
658 3291 667 3305 ‚
698 3276 735 3299 ut
753 3263 969 3311 supponitur
986 3291 995 3305 ‚
1009 3263 1075 3299 {int
1088 3275 1188 3310 :eque
1204 3264 1350 3313 dispost-

396 3330 431 3353 ta
444 3346 454 3361 ‚
477 3317 499 3353 si
515 3315 610 3351 ahud
627 3315 714 3360 quid
730 3326 749 3348 a
766 3315 927 3360 potentia
942 3326 986 3350 ex
1004 3313 1034 3350 se
1049 3314 1166 3350 afflue
1194 3315 1350 3352 indeter-

397 3371 530 3403 minata
542 3365 693 3401 efficeret
711 3366 935 3411 volitionem,
946 3377 1063 3411 parem
1080 3363 1244 3402 effeetus„
1262 3378 1350 3403 cau.

399 3418 512 3455 sarent
526 3443 538 3455 .
556 3415 712 3462 seipsam
740 3417 853 3459 igitur
880 3416 1051 3451 voluntas
1075 3426 1219 3456 mouet,
1246 3418 1349 3463 quod

397 3471 503 3504 etiam
527 3465 718 3507 Anselmus
749 3466 906 3502 declarat
920 3492 932 3508 ‚
957 3465 1002 3503 de
1044 3464 1205 3516 Concept.
1235 3469 1348 3516 Virg,

397 3528 471 3566 cap.
483 3532 519 3564 4.

503 3567 718 3614 Respondeo
733 3595 743 3607 .
776 3567 904 3614 Aliqui
917 3568 1138 3613 argumentis
1154 3567 1197 3603 ad
1212 3580 1347 3617 partem

401 3619 607 3663 negatiuam
621 3618 784 3655 adducitis
797 3615 951 3665 persuasi
965 3630 1199 3666 putauerunt,
1210 3622 1350 3657 volun-

402 3680 509 3704 tatem
529 3668 624 3703 haud
645 3669 739 3715 posse
754 3679 896 3703 movete
911 3668 1056 3715 sdipsam
1070 3697 1081 3713 ‚
1104 3669 1160 3706 sed
1188 3672 1349 3717 indigere

405 3719 480 3755 alio
495 3729 663 3755 mouente
676 3746 687 3761 ‚
715 3720 841 3766 utique
855 3717 1016 3766 subjeeto
1027 3722 1073 3756 ab
1089 3722 1146 3759 illa
1167 3721 1349 3768 distinete,

1422 151 1603 187 perquem
1618 138 1810 176 reducatur
1822 134 1866 172 ad
1877 134 1998 173 aetum
2011 135 2234 179 volendi,aut
2251 137 2375 172 nolen-

1423 190 1462 226 di
1480 203 1492 231 3
1518 190 1618 226 illum
1629 201 1749 226 autem
1761 189 1930 224 dixerunt
1944 187 2152 233 phantasma
2169 187 2303 223 lumine
2316 187 2373 221 in-

1422 241 1587 277 tellefi'tus
1601 243 1740 287 agentis
1763 238 1948 288 perfusum
1964 264 1976 281 ,
2002 251 2021 273 a
2038 250 2114 284 quo
2139 235 2372 276 immediato

1423 290 1594 328 causatur
1605 293 1637 328 8(
1651 290 1850 329 intelleffio
1862 317 1875 333 ,
1895 291 1932 326 8(
1948 290 2077 324 volitio
2092 315 2102 331 ,
2131 287 2373 324 immediatio-

1422 354 1468 378 ne
1481 342 1595 378 causae
1607 369 1619 386 ,
1638 342 1698 379 sed
1710 352 1780 380 non
1795 340 2062 377 immediatione
2082 337 2231 376 effee'tus
2247 365 2260 382 ,
2284 338 2374 387 quia

1423 394 1524 441 prIus
1537 406 1581 430 ex
1595 393 1842 442 phantasmate
1874 391 1924 427 ita
1941 392 2076 427 lumine
2090 390 2266 427 irradiato
2287 400 2374 439 pro-

1424 443 1521 480 cedit
1534 445 1752 484 intendito,
1775 442 1811 478 8(
1824 442 1953 478 exinde
1970 443 2101 478 volitio
2113 466 2124 477 .

1526 494 1872 532 Adintelleftionem
1897 492 1995 540 quod
2010 492 2165 534 attinet,
2186 492 2378 540 quaefitum

1425 545 1621 590 expensum
1647 545 1758 582 habes
1774 569 1786 585 ,
1819 551 1894 590 up.
1908 556 1939 590 q.
1955 553 2014 590 79.
2032 550 2104 579 art.
2118 555 2154 580 2.
2168 546 2233 580 cit.
2248 544 2375 589 ltaque

1426 595 1527 641 quod
1549 596 1735 631 volitionis
1759 593 1864 629 causa
1877 593 1946 630 esse
1961 605 2115 641 nequeat
2141 593 2377 643 phantasmaa

1426 645 1561 682 lumine
1594 645 1796 683 intelleftus
1826 644 1968 690 agentis
1990 643 2193 681 irradiatum
2210 669 2224 686 ,
2245 655 2376 693 praetet

1426 695 1521 732 dieta
1535 706 1609 733 art.
1623 699 1750 742 primo,
1762 706 1844 742 quae
1865 694 2000 731 direfte
2012 705 2053 730 ac
2063 694 2212 743 perinde
2224 696 2380 730 conclu-

1426 746 1515 782 dunt
1532 773 1543 789 ‚
1571 745 1754 793 objeStum
1769 747 1957 790 cognitum
1974 772 1986 787 ‚
2006 756 2048 780 ac
2073 744 2282 792 phantasma
2308 743 2376 782 effe

1427 808 1498 832 non
1512 797 1607 843 posse
1621 797 1760 833 causam
1773 796 1997 842 adaequatam
2024 797 2208 832 volitionis
2220 823 2232 840 ,
2258 807 2376 842 arguo

1425 846 1484 884 fic:
1492 849 1605 884 Prima
1619 849 1713 884 aeuo
1728 849 1761 884 in
1773 848 1957 883 voluntate
1970 849 2013 882 ab
2027 845 2273 894 phantasmate
2286 857 2376 881 cau·

1423 897 1498 933 sata
1512 897 1561 934 est
1576 901 1722 935 omnino
1734 898 1906 933 naturalis
1922 911 2028 946 3erg0
2045 899 2099 934 illa
2111 908 2185 933 non
2196 897 2296 934 estin
2311 906 2377 944 po·

1424 949 1551 985 testate
1564 951 1674 984 volun
1684 950 1795 989 ratis;
1816 961 1884 983 uon
1897 950 1951 983 eni
1961 962 1990 984 m
2003 948 2052 984 est
2066 950 2101 982 in
2118 947 2296 995 potestate
2309 957 2375 982 no-

1424 999 1492 1034 stra
1507 1003 1594 1047 quin
1619 1017 1625 1031 t
1640 1001 1694 1034 {svs
1712 1013 1720 1032 t
1747 1010 1900 1044 ngnwur
1914 1025 1926 1041 ‚
1946 1011 1987 1034 ut
2003 1000 2050 1034 ait
2066 998 2296 1043 Augustinus
2310 1023 2319 1038 ‚
2337 1006 2374 1042 3.

1419 1049 1466 1085 de
1481 1050 1545 1087 lib.
1562 1054 1640 1087 arb.
1656 1049 1968 1095 Cumigirurpost
1992 1049 2097 1083 'alem
2127 1048 2245 1088 ae‘tum
2272 1046 2379 1096 possi-

1422 1111 1502 1138 mus
1521 1113 1663 1137 mouete
1677 1099 1898 1136 intellefmm
1919 1101 1965 1135 ad
1976 1098 2274 1136 confiderandum
2303 1096 2376 1131 hoc

1420 1164 1485 1192 aut
1498 1152 1585 1187 iilud
1603 1178 1614 1194 ,
1627 1162 1753 1200 quaero
1766 1163 1828 1198 per
1844 1163 1952 1198 quem
1967 1148 2118 1188 aetum?
2142 1151 2288 1196 Utique
2300 1158 2374 1183 non

1423 1204 1599 1240 mediante
1616 1204 1732 1251 ptimo
1746 1215 1758 1243 3
1773 1215 1853 1239 narn
1866 1203 1922 1239 iile
1940 1213 2012 1237 non
2026 1200 2127 1237 estin
2140 1199 2260 1236 nostra
2272 1208 2375 1248 pote-

1422 1253 1509 1290 state
1525 1267 1534 1290 z
1548 1255 1581 1290 8(
1600 1252 1722 1289 rursus
1738 1254 1796 1288 ille
1813 1252 1915 1290 astus
1931 1264 2004 1288 non
2019 1251 2070 1289 est
2086 1251 2130 1288 de
2147 1250 2376 1287 consideran·

1419 1305 1469 1341 do
1484 1331 1495 1347 ,
1518 1305 1574 1342 vel
1597 1316 1668 1340 non
1690 1303 1947 1342 confidet-ando
1962 1329 1973 1345 ,
1998 1301 2057 1340 sed
2079 1301 2248 1339 causatur
2275 1310 2374 1336 mere

1420 1355 1660 1396 naturaliter-3
1685 1366 1774 1399 ergo
1794 1353 1997 1400 oportet‚id
2030 1352 2107 1389 fieri
2130 1365 2191 1401 per
2225 1351 2372 1387 aliurn..

1418 1406 1540 1442 aetum
1562 1429 1572 1441 .
1602 1407 1654 1441 De
1670 1405 1733 1439 illo
1750 1405 1820 1440 alio
1836 1417 1962 1454 quaero
1977 1430 1989 1446 ,
2013 1404 2194 1441 undenam
2223 1400 2293 1439 fit?
2315 1402 2376 1437 vel

1417 1457 1462 1492 de
1476 1457 1664 1492 voluntate
1681 1453 1713 1490 se
1729 1455 1986 1491 determinante
1998 1457 2103 1502 exit,
2130 1454 2187 1490 vel
2217 1463 2314 1490 certe
2329 1462 2377 1489 ex

1418 1504 1665 1555 phantasmate
1677 1505 1774 1541 etit?
1797 1507 1867 1542 Sia
1880 1507 2070 1542 voluntate
2085 1534 2096 1549 ,
2122 1506 2277 1541 habetur
2290 1514 2375 1550 pro-

1420 1558 1574 1604 pofitum
1595 1569 1607 1596 3
1631 1556 1822 1600 Siquidem
1850 1558 1886 1589 in
1901 1557 2007 1600 ipfius
2026 1557 2200 1600 potestate
2221 1553 2271 1587 est
2293 1553 2377 1586 talis

1419 1609 1550 1642 volitio
1560 1631 1572 1646 ,
1584 1604 1713 1649 estque
1725 1602 1890 1636 effefitive
1901 1604 1947 1637 ab
1957 1602 2028 1648 ipsa
2043 1616 2055 1644 3
2070 1604 2108 1640 Si
2118 1615 2137 1637 a
2149 1598 2377 1650 phantasma-

1416 1668 1469 1697 te3
1482 1656 1550 1690 erit
1564 1655 1675 1698 igitur
1688 1653 1717 1687 is
1730 1650 1833 1687 aetus
1848 1652 2071 1694 naturalis,&
2084 1665 2145 1701 per
2154 1651 2378 1699 consequens

1421 1719 1493 1742 non
1509 1705 1624 1749 magis
1638 1703 1688 1738 est
1700 1702 1735 1736 in
1750 1701 1927 1746 potestate
1946 1704 2145 1738 voluntatis
2172 1704 2376 1750 imperato

1420 1753 1620 1794 intellee'tui
1638 1762 1676 1786 ut
1687 1749 1884 1786 confideret
1899 1751 1968 1786 hoc
1980 1777 1991 1793 ‚
2015 1764 2078 1789 aut
2088 1753 2177 1789 illud
2190 1778 2203 1795 ,
2227 1765 2375 1800 quam..

1420 1803 1529 1844 fuerit
1543 1802 1679 1846 primus
1692 1799 1792 1836 aetus
1809 1826 1821 1835 .

1522 1849 1722 1898 Responsio
1748 1862 1760 1885 ε
1791 1850 1996 1888 Intelleetui
2015 1854 2254 1891 consideranti
2267 1855 2373 1904 obje-

1425 1903 1525 1938 {stum
1540 1913 1731 1938 occurrere
1742 1901 1856 1948 potest
1873 1903 2195 1947 impedimentum:
2211 1905 2259 1941 est
2272 1910 2373 1943 enim

1423 1952 1669 2003 phantasmati
1686 1952 1802 1999 primo
1815 1956 1975 1989 moventi
2000 1953 2240 2000 conjunaum
2256 1958 2372 2001 aliud,

1426 2015 1538 2051 atque
1570 2002 1667 2038 aliud
1701 2001 1801 2049 quast
1828 2003 1988 2041 vicinum
2003 2005 2066 2040 fibi
2088 2006 2122 2041 8(
2151 2018 2374 2053 propterea-0

1425 2055 1559 2090 fortius
1578 2064 1700 2089 movet
1717 2080 1730 2096 ,
1754 2054 1810 2089 vel
1825 2066 1970 2091 movere
1985 2054 2100 2104 potest
2115 2056 2159 2090 ad
2172 2059 2378 2095 considera·

1426 2107 1560 2146 tionem
1572 2105 1626 2140 sui
1639 2131 1649 2145 ,
1677 2105 1710 2140 3(
1723 2114 1785 2152 per
1799 2103 2023 2152 consequens
2036 2107 2260 2144 voluntatem
2276 2111 2373 2147 inclix

1427 2168 1511 2194 nare
1526 2156 1568 2190 ad
1583 2155 1702 2190 astum
1717 2156 1909 2193 volitionis
1922 2183 1933 2199 ,
1956 2158 2091 2193 adeout
2104 2169 2175 2193 non
2187 2170 2370 2205 oporteat,

1427 2206 1637 2255 phantasma
1657 2207 1774 2252 primo
1800 2217 1948 2242 movens
1965 2208 2172 2244 volitionem
2200 2210 2347 2246 causare
2363 2238 2377 2248 ,

1426 2258 1464 2298 Si
1481 2258 1574 2293 enim
1588 2259 1712 2302 cogito
1723 2256 1861 2303 aliquid
1875 2257 2089 2296 delcetabile
2104 2271 2254 2296 movens
2265 2274 2375 2309 appe-

1425 2311 1533 2345 titum
1558 2335 1570 2351 ,
1600 2319 1672 2345 uon
1690 2307 1741 2344 est
1759 2305 1896 2343 neceffe
1912 2311 2051 2347 moveri
2066 2309 2110 2344 ad
2134 2310 2222 2346 illud
2239 2324 2375 2349 concu-

1426 2359 1635 2409 piscendum
1656 2372 1667 2399 3
1699 2370 1781 2394 nam
1797 2358 1914 2406 potest
1930 2371 2121 2397 occurrere
2138 2373 2200 2409 per
2213 2364 2374 2401 confide-

1429 2410 1605 2447 rationem
1622 2408 1827 2446 intelleems
1841 2409 1938 2445 aliud
1954 2409 2139 2457 objecium
2156 2416 2268 2460 tnagis
2293 2427 2373 2450 mo·

1428 2472 1517 2497 vens
1532 2461 1758 2496 voluntatem
1771 2485 1784 2501 ,
1813 2459 1944 2496 adeout
1960 2460 2063 2498 cesset
2079 2464 2250 2501 voluntas
2264 2477 2282 2500 a
2298 2467 2373 2513 pri-

1426 2523 1482 2554 ma
1502 2511 1553 2546 sui
1568 2511 1742 2546 volitione
1758 2536 1769 2548 .

1530 2561 1670 2600 Contra
1685 2561 1782 2602 hoc3
1810 2562 1956 2598 Etiamsi
1980 2576 2108 2600 verum
2127 2565 2165 2601 fit
2181 2577 2372 2603 occurrere

1425 2611 1522 2661 poffe
1538 2611 1833 2660 impedimentum
1849 2625 1868 2647 a
1883 2612 1967 2649 casu
1983 2640 1995 2659 ‚
2010 2616 2043 2648 id
2058 2626 2176 2651 tamen
2194 2616 2371 2654 bauderit

1428 2667 1462 2700 in
1476 2663 1674 2698 voluntatis
1694 2663 1892 2710 potestate,
1909 2675 1972 2700 nec
1989 2666 2082 2699 cadit
2101 2664 2165 2702 sub
2179 2667 2372 2714 imperium

1428 2715 1562 2760 ipsius.
1592 2715 1635 2748 Et
1652 2713 1776 2749 eodem
1800 2713 1910 2749 modo
1933 2713 1983 2749 est
2018 2727 2053 2750 in
2073 2717 2237 2762 appetitu
2266 2716 2374 2754 senst-

1428 2767 1525 2801 tivo:
1556 2766 1651 2801 Nam
1675 2765 1739 2799 bos
1755 2764 1879 2799 videns
1897 2763 2069 2805 hubam,
2099 2777 2268 2802 movetur
2292 2766 2373 2814 ejus

1429 2814 1633 2864 appetituS,
1659 2825 1769 2861 atque
1784 2827 1827 2850 ex
1849 2826 1892 2849 eo
1910 2816 2071 2862 appetitu
2098 2827 2269 2852 movetur
2288 2829 2373 2865 pro·

1427 2864 1576 2912 gresstve
1598 2864 1641 2899 ad
1669 2864 1816 2900 herbam
1842 2864 2123 2912 degustandam:
2153 2867 2377 2904 atfitaliiru

1425 2926 1526 2954 motu
1541 2925 1712 2950 occurrat
1730 2915 1849 2950 bestie
1863 2914 2050 2962 objeetum
2075 2918 2189 2962 magis
2213 2916 2372 2955 delean-

1426 2967 1518 3006 bile,
1542 2965 1670 3001 fortius
1699 2964 1847 3001 sub3ude
1872 2977 2021 3002 movens
2044 2968 2246 3013 appetitum
2259 2966 2340 3014 ejus
2355 2994 2369 3011 ‚

1424 3014 1590 3065 profefflo
1607 3015 1737 3052 fistitut
1750 3028 1767 3051 a
1779 3016 1893 3062 primo
1907 3027 2008 3053 motu
2020 3041 2031 3057 ,
2053 3018 2085 3052 8<
2106 3027 2226 3055 tamen
2241 3030 2314 3056 non
2328 3021 2370 3056 ti-

1426 3071 1468 3106 be
1477 3079 1513 3102 re
1525 3090 1537 3110 ,
1568 3068 1653 3112 quia
1670 3066 1863 3103 necessario
1874 3068 2062 3105 trahitura
2080 3070 2193 3115 magis
2214 3070 2368 3107 deleaa·

1427 3119 1494 3154 bile
1508 3128 1722 3154 occurrente
1738 3144 1748 3159 ,
1760 3130 1968 3165 quanquam
1984 3116 2064 3152 casu
2075 3129 2265 3156 occurrat.

1528 3167 1644 3203 Aliter
1669 3169 1774 3205 etiam
1793 3167 2025 3217 respondetur
2038 3168 2081 3203 ad
2109 3180 2364 3216 argumentum

1425 3218 1495 3254 fic:
1529 3219 1642 3254 Simul
1657 3221 1956 3256 concurrentibus
1984 3218 2018 3254 in
2043 3218 2288 3266 phantasmate
2304 3220 2366 3257 de-

1424 3269 1582 3305 leftabili
1596 3295 1605 3310 ‚
1637 3270 1670 3305 8:
1688 3268 1904 3312 deleaabili,
1917 3270 1952 3306 in
1978 3268 2153 3316 potestate
2168 3272 2367 3307 voluntatis

1425 3319 1475 3355 cst
1494 3317 1844 3356 fistereintelleaum
1863 3322 1897 3355 in
1913 3321 2012 3367 turpi
2032 3344 2042 3362 ‚
2065 3319 2270 3367 posthabita
2292 3323 2364 3357 alia

1427 3369 1565 3405 ratione
1583 3396 1594 3412 ‚
1616 3381 1661 3405 ex
1679 3382 1754 3417 quo
1765 3369 1806 3406 fit
1821 3396 1833 3413 ,
1863 3380 1904 3406 ut
1920 3369 2092 3418 sequatur
2114 3373 2204 3407 mala
2221 3371 2364 3408 eleetio.

1423 3420 1565 3456 Contra
1585 3445 1595 3461 ‚
1623 3420 1780 3457 dumille:
1796 3421 1950 3458 rationes
1966 3448 1978 3464 ,
2003 3432 2065 3457 aut
2081 3420 2161 3457 sunt
2182 3423 2276 3468 paris
2291 3421 2366 3458 effi-

1423 3470 1532 3506 caciae
1546 3468 1704 3516 respefstu
1718 3471 1890 3507 motionis
1906 3472 2107 3510 voluntatis
2127 3483 2188 3508 aut
2206 3473 2302 3509 non?
2326 3474 2366 3513 Si

1423 3520 1606 3566 :equaliter
1620 3532 1790 3563 movent3
1817 3533 1903 3568 crgo
1927 3521 2124 3559 causabunt
2152 3522 2254 3559 simui
2277 3524 2367 3562 nolle

1425 3572 1460 3608 8(
1475 3569 1612 3606 vellein
1636 3573 1823 3609 voluntate
1835 3571 2001 3620 respectu
2025 3572 2187 3620 ejusdem
2211 3573 2366 3622 objefti,

1425 3621 1525 3670 quod
1552 3621 1600 3658 est
1624 3622 1833 3671 impoffibile
1845 3649 1855 3659 .
1883 3625 1921 3661 Si
1950 3624 2170 3670 inaequaliter
2199 3637 2365 3666 movent3

1426 3684 1514 3718 ergo
1530 3671 1682 3709 alterum
1708 3684 1828 3710 movet
1851 3673 2033 3710 efficacius
2053 3676 2303 3719 voluntatem,
2328 3678 2362 3712 Se

1428 3722 1617 3760 neceffario
1629 3749 1642 3767 ,
1666 3736 1707 3761 ac
1724 3736 1785 3773 per
1800 3723 2024 3773 consequens
2036 3739 2107 3764 non
2119 3728 2186 3763 etit
2202 3729 2258 3764 illa
2276 3727 2368 3761 voli-

2262 3788 2316 3813 tio
