2628 4011
112 594 156 624 De
166 594 206 623 his
216 593 309 624 astum

109 633 193 673 supra
205 643 233 672 q.
245 635 292 663 ΑΒ.

91 2579 117 2607 S.
132 2578 253 2607 Thornae

95 2617 280 2684 {tlfctidamenta

88 3695 115 3722 s.
130 3694 260 3728 ‘Thomu

88 3735 249 3771 privtum-2

89 3776 122 3798 Μ’
173 3775 298 3803 tertium
1124 3805 1126 3807 .

85 3825 93 3841 1
105 3814 167 3838 rm,
178 3811 279 3850 space,
291 3833 300 3842 ,
330 3802 439 3846 Ἴῐι;11;)ζῑ
450 3816 487 3839 ωε
502 3803 731 3838 constituitur
744 3805 969 3851 expluribus
983 3806 1281 3843 habitibiis.Rtir-

432 110 526 149 160

354 219 517 256 formiter
529 218 751 253 inclinationi
763 223 914 258 naturali
928 248 939 264 ‚
953 224 1052 271 quod
1067 225 1116 261 est
1130 230 1289 264 naturale

351 267 740 305 di&an=enintelle&iis
757 297 769 314 ,
793 272 967 313 obiiciens
991 275 1161 319 potentia:
1187 288 1291 326 appe-

351 322 464 357 titivae
490 319 576 364 quid
607 320 810 363 eligendum
825 322 864 357 sit
877 322 983 369 juxta
1007 325 1120 370 legem
1145 335 1290 362 natura-

350 371 434 409 lem,
450 377 512 404 aut
527 369 723 415 positivam.
742 372 796 407 Ac
811 383 999 417 propterea
1014 387 1060 410 ex
1077 376 1144 410 hac
1156 386 1289 413 conve-

351 419 485 457 niemia
505 445 512 457 ‚
531 420 560 453 8(
578 423 812 465 repugnantia
830 422 873 463 ad
887 435 1022 461 naturae
1040 427 1220 461 rationalis
1234 428 1289 466 im·

350 469 579 508 clinationem
593 471 629 506 hi
648 472 792 508 habitus
809 498 820 514 ,
847 484 1046 523 eorumque
1057 475 1156 514 astus
1171 474 1288 524 specie

351 521 619 565 distinguantur
635 533 777 568 oportet
791 549 803 557 -

451 570 510 607 Ad
526 583 733 618 argumenta
750 599 761 610 .
780 573 836 608 Ad
854 575 1008 621 primum
1026 576 1192 615 dicimus,
1205 588 1287 612 cum

350 635 463 660 unum
495 622 664 671 idemque
685 621 868 669 objcstuin
887 625 936 666 est
967 627 1114 669 materia
1140 625 1287 665 habitus

351 674 498 710 virtutis
513 676 545 709 8<
562 674 670 713 vitii,
691 674 725 708 id
741 676 881 710 evenire
896 688 964 710 non
980 674 1072 721 poffe
1085 700 1097 718 ‚
1124 676 1186 711 nili
1201 678 1286 721 quia

350 726 416 762 sub
429 724 494 759 alia
509 735 619 771 atque
635 724 699 759 alia
712 724 849 759 ratione
866 725 1055 772 respicitur
1084 726 1129 761 ab
1155 725 1288 766 hahiti-

350 777 419 812 bus
432 774 516 815 illis,
529 773 634 821 juxta
650 786 755 820 quam
770 774 1010 821 diversitatem
1024 776 1172 809 rationis
1185 774 1288 819 obje-

349 827 452 863 &ivae
465 823 625 861 diversus
640 824 813 860 fundatur
823 825 915 860 ordo
939 824 982 860 ad
995 826 1163 861 raiionem
1193 826 1287 863 τεξὶθ

352 875 546 915 distantem
564 875 608 913 de
619 876 726 920 ipsius
737 872 871 919 objeeti
888 875 1155 918 convenientia,
1169 876 1202 911 8<
1218 876 1288 920 diff

350 925 604 963 convenientia
617 925 660 959 ad
675 935 836 968 naturam
853 925 1077 968 rationalem,
1091 936 1200 975 atque
1212 926 1284 968 de,

346 975 519 1014 omnibus
536 975 812 1017 circumstantiis
825 999 839 1018 ‚
865 978 1000 1025 quibus
1010 987 1155 1023 oportet
1167 977 1289 1014 aaum

346 1025 588 1064 transeuntem
604 1025 708 1073 super
722 1026 792 1062 tale
802 1026 988 1073 objeftum
1018 1026 1086 1063 effe
1107 1039 1287 1064 ornatum.

346 1080 398 1115 Hi
413 1085 530 1114 autem
544 1078 688 1114 ordines
702 1076 926 1124 respicientes
953 1079 1025 1114 alio
1038 1104 1050 1120 ‚
1078 1088 1187 1126 atque
1213 1080 1286 1121 alio

349 1128 456 1164 modo
482 1127 613 1165 testam
655 1128 832 1174 rationem
846 1155 858 1171 ,
885 1129 1058 1175 contrarii
1083 1129 1286 1178 usqueadeo

331 1178 431 1218 sunt
447 1203 456 1218 ‚
483 1190 522 1215 ut
536 1179 568 1216 se
583 1179 615 1215 se
629 1189 758 1216 mutuo
771 1179 962 1215 excludant
995 1193 1004 1215 ε
1036 1178 1148 1226 specie
1173 1183 1284 1228 igitur

345 1229 619 1276 distinguuntur
634 1256 646 1273 ‚
668 1240 708 1265 ut
725 1231 903 1268 contraria
920 1230 984 1266 sub
999 1231 1125 1267 eodem
1142 1229 1285 1277 genere,

448 1280 508 1318 Ad
523 1281 716 1323 secundum
732 1278 867 1324 difium
883 1280 950 1317 fuit
966 1279 1083 1331 quaest.
1106 1283 1283 1329 tS-art.5.

343 1332 444 1369 aliud
460 1342 530 1367 non
545 1331 673 1377 sequi,
688 1330 748 1367 nisi
765 1331 865 1375 quod
877 1332 1021 1377 habitus
1035 1330 1149 1369 malus
1166 1358 1178 1375 ‚
1193 1345 1231 1369 ut
1247 1332 1282 1376 8<

343 1382 447 1419 aetus
456 1380 535 1427 ejus
547 1381 778 1430 distinguitur
792 1381 905 1429 specie
918 1383 1121 1430 privativa:
1152 1388 1282 1423 Nam-,³

340 1434 485 1469 malitiae
500 1445 542 1469 eo
556 1433 665 1469 modo
676 1430 860 1476 differunt,
875 1446 951 1480 quo
968 1434 1185 1477 bonitates‚li
1204 1434 1282 1483 spe·

341 1485 396 1519 cie
412 1511 420 1524 ‚
450 1482 564 1531 specie
580 1511 591 1526 ‚
608 1484 630 1519 li
647 1495 812 1525 numere,
826 1496 1001 1528 numero,
1032 1485 1135 1525 Sicut
1149 1487 1279 1521 enim-

340 1534 457 1575 atrius,
470 1534 525 1569 vel
539 1534 685 1570 habitus
698 1534 779 1569 mali
794 1535 865 1584 nati
881 1533 958 1579 sunt
971 1534 1101 1570 habete
1118 1537 1279 1583 proprias

339 1585 525 1620 bonitates
538 1609 550 1627 ,
573 1585 659 1632 quia
676 1585 944 1620 convenientias
959 1586 1015 1620 vel
1045 1585 1279 1622 conformita-

338 1645 394 1670 tes
411 1661 422 1676 ,
449 1634 520 1669 sive
536 1635 650 1670 eidem
665 1633 797 1678 regulae
812 1633 882 1668 five
896 1635 974 1671 aliis
987 1661 997 1675 ‚
1015 1635 1062 1670 ita
1075 1634 1201 1680 singuli
1215 1636 1277 1674 lia-⁴

335 1685 421 1720 berit
439 1685 602 1730 proprias
617 1682 816 1724 carentiam,
844 1681 1038 1721 secundum
1063 1695 1153 1730 quas
1169 1686 1211 1721 &1
1232 1687 1277 1726 ab

334 1733 523 1771 habitibus
542 1735 644 1772 bonis
661 1733 694 1774 3<
710 1734 800 1774 inter
812 1732 844 1771 se
859 1734 963 1771 etiam
980 1735 1097 1782 specie
1113 1760 1125 1777 ‚
1141 1737 1195 1771 vel
1210 1748 1277 1772 nu-

334 1797 435 1821 mero
451 1784 733 1830 distinguuntur.
750 1785 837 1823 Haec
855 1784 965 1827 igitur
977 1785 1132 1832 privatio
1144 1798 1277 1822 conve-

331 1835 441 1872 nienti
453 1847 472 1869 e
485 1834 529 1869 ad
544 1844 710 1870 naturam
723 1833 932 1869 rationalem
948 1838 997 1876 ob
1009 1847 1116 1881 quam
1129 1833 1277 1875 habitus

333 1884 384 1921 est
398 1885 512 1919 malus
529 1910 538 1927 ,
561 1883 609 1919 est
627 1882 759 1927 paritet
775 1882 934 1917 formalis
949 1883 1036 1920 rati‘o
1049 1882 1273 1929 distinguen-

331 1935 369 1970 di
399 1935 578 1975 privative
606 1930 720 1980 ipsum
741 1934 785 1968 ab
808 1932 936 1969 habitu
961 1935 1144 1970 moraliter
1168 1930 1277 1978 bono,

331 1984 639 2030 quemadmodum
654 2008 664 2024 ,
697 1981 730 2016 8<
747 1983 998 2021 convenientia
1010 1984 1059 2022 est
1071 1984 1133 2020 fini
1146 1983 1276 2020 forma·

331 2034 376 2077 lis
390 2037 482 2071 ratio
495 2032 737 2081 distinguendi
755 2033 925 2082 positive}
1023 2031 1025 2033 ’

492 2133 992 2176 ARTICULUS
1047 2137 1115 2174 lV.

382 2237 521 2281 Utrum
536 2248 628 2274 unus
644 2235 790 2272 habitus
803 2247 848 2273 ex
862 2239 983 2275 multis
997 2237 1186 2276 habitibus
1199 2263 1211 2282 ,

665 2285 900 2330 constituatur
923 2315 933 2325 .

331 2387 463 2427 Dosror
480 2390 514 2426 6.
532 2389 708 2438 metaphy·
723 2401 761 2438 q.
779 2402 808 2426 i.
825 2390 970 2437 Prologi
982 2403 1012 2439 q.
1030 2401 1062 2436 3.
1079 2390 1119 2426 in
1129 2389 1191 2427 lat.
1207 2391 1271 2434 loc,

395 2442 458 2479 cit.
473 2449 518 2478 θ’
528 2441 592 2476 uhi
603 2443 739 2476 citatur
749 2450 814 2476 art„
831 2453 948 2486 primo
966 2442 997 2477 8<
1016 2439 1172 2476 seeundo
1186 2469 1196 2479 .

515 2491 559 2526 S.
581 2489 728 2527 Thomas
747 2502 775 2532 i,
788 2501 871 2539 z.q‚
888 2503 948 2539 54.
962 2500 1032 2534 art.
1045 2504 1081 2538 4.¹

445 2591 565 2628 Iderur
577 2589 725 2628 habitus
739 2591 806 2628 esse
819 2592 967 2639 iimplex
993 2594 1149 2642 qualitas
1173 2606 1273 2633 non-

459 2642 612 2677 conflata
641 2654 687 2678 ex
708 2644 875 2690 pluribus
908 2643 1116 2689 habitibus,
1137 2647 1272 2684 etiamsi

328 2693 371 2728 ad
386 2693 496 2728 multa
512 2692 543 2727 se
554 2692 724 2728 extendat
743 2706 755 2734 3
777 2694 913 2729 Etenim
928 2698 1087 2742 potentIa
1103 2709 1170 2733 una
1183 2698 1273 2734 indi.

329 2744 406 2779 visa
422 2744 492 2778 sive
509 2743 623 2778 multa
642 2742 804 2779 versatur
818 2769 831 2786 ‚
854 2743 1049 2782 secundum
1073 2747 1171 2795 quod
1189 2759 1275 2784 con·

329 2795 478 2830 veniunt
494 2793 527 2827 in
541 2793 664 2840 aliquo
680 2805 753 2829 uno
767 2817 781 2836 ,
808 2806 934 2841 nempe
949 2797 983 2832 in
999 2799 1154 2842 generali
1184 2810 1275 2844 qua·

330 2845 409 2881 dai-n
421 2842 554 2889 objeffi
575 2844 744 2883 ratione3
769 2855 856 2888 ergo
869 2846 980 2882 etiarn
1009 2847 1100 2884 idem
1126 2849 1274 2896 fimplex

325 2897 471 2932 habitus
485 2894 527 2927 ad
546 2895 655 2929 multa
673 2895 706 2930 se
719 2892 750 2928 se
764 2894 956 2932 extendere
969 2899 1085 2945 potest
1096 2912 1277 2946 quatenus

329 2959 368 2982 ea
384 2943 602 2989 ptest-ferunt
619 2945 778 2979 ordinem
794 2944 837 2980 ad
851 2945 999 2992 aliquod
1028 2960 1138 2986 unum
1160 2977 1174 2997 ,
1194 2963 1275 3000 quae

328 2997 380 3035 est
395 2994 554 3042 specialis
567 2994 658 3029 ratio
670 2994 806 3041 objeffli
821 3022 833 3038 ,
861 2998 916 3031 vel
937 3010 1006 3033 una
1035 3011 1163 3037 natura
1179 3028 1191 3044 ‚
1218 3003 1274 3040 vel

331 3059 444 3084 unum
463 3046 678 3093 principium
695 3071 703 3079 .

434 3097 605 3132 Praeierea
620 3122 631 3137 ,
662 3096 819 3131 Habitus
836 3106 917 3132 cum
941 3098 981 3133 sit
1006 3101 1162 3146 qualitas
1177 3114 1275 3147 quw.

333 3147 413 3183 dam
434 3173 442 3184 .
472 3144 520 3180 est
537 3145 649 3182 forma
663 3145 811 3191 simplex
841 3157 850 3180 ε
879 3147 946 3185 Sed
962 3150 1100 3184 nullum
1128 3151 1276 3198 simplex

335 3195 624 3233 constituiturex
638 3196 820 3244 pluribus;
835 3207 921 3242 ergo
934 3210 1027 3234 unus
1045 3200 1188 3237 habitus
1205 3215 1275 3240 non

335 3247 574 3285 constituitur
590 3259 633 3283 cx
650 3247 814 3294 pluribus
829 3246 1015 3284 habitibus
1028 3275 1038 3285 .

437 3298 607 3333 Proeterea
623 3323 634 3339 ,
663 3297 903 3333 Scicntiarum
921 3302 1122 3336 communis
1140 3301 1275 3337 sentem

334 3350 383 3384 tia
398 3349 544 3393 assignat
557 3348 709 3392 primum
724 3346 924 3394 subjthum
940 3350 990 3392 id,
1003 3352 1103 3396 quod
1115 3352 1159 3388 est
1177 3364 1275 3388 com-

337 3412 444 3435 mune
462 3396 504 3433 ad
520 3399 637 3433 omnia
656 3397 712 3431 illa
728 3421 740 3440 ‚
762 3410 843 3445 quoe
858 3397 922 3434 sub
940 3399 1163 3439 scientiarum
1189 3414 1275 3442 con-

339 3449 590 3486 siderationem
617 3447 749 3482 cadunt
779 3462 788 3484 τ
819 3449 920 3485 licuti
934 3451 968 3485 in
983 3451 1195 3489 Geometria
1225 3453 1275 3488 est

340 3499 457 3542 linea,
485 3500 518 3533 in
550 3499 761 3534 Aritmetica
785 3510 951 3536 numerus
979 3527 988 3542 ‚
1016 3502 1050 3536 in
1070 3503 1277 3549 Metaphifi-

340 3561 381 3584 ca
400 3563 488 3591 ειυς
515 3560 601 3594 ergo
617 3562 683 3584 una
699 3551 861 3596 quaedam
881 3549 1031 3598 simplex
1043 3554 1196 3598 qualitas
1225 3553 1275 3589 est

340 3598 486 3636 habitus
503 3601 715 3648 quicunque
730 3599 1084 3647 >:icquisitusffltiarrisi
1102 3604 1276 3652 adipsum

341 3654 452 3688 multa
467 3652 615 3686 omnino
627 3652 823 3697 pertineant
840 3676 848 3684 .

443 3703 580 3736 Contra
597 3727 606 3741 ‚
633 3701 832 3737 Generatio
849 3700 994 3739 habitus
1010 3716 1078 3740 non
1099 3704 1147 3740 est
1162 3705 1278 3748 simul,

341 3750 398 3787 sed
416 3751 603 3787 successive
622 3751 658 3787 fit
678 3763 720 3786 ex
738 3753 900 3798 pluribus
915 3753 1070 3797 υξὶὶὺυςς
1083 3768 1170 3802 ergo
1184 3767 1278 3792 unus

339 168 343 171 ¹
1012 108 1193 154 Summae
1230 105 1418 175 Joamzis
1434 112 1564 160 Duns
1595 113 1714 161 Scoti

355 169 404 206 est
418 166 656 203 contraillum
670 167 788 203 θείω-η
809 196 820 212 ,
844 174 907 220 qui
923 183 1028 208 natus
1045 175 1092 210 est
1116 176 1293 213 elicicon·

1362 178 1420 216 siis
1440 204 1452 220 ,
1480 178 1536 214 D:
1554 194 1624 222 una
1639 182 1709 218 sola
1735 186 1962 222 conclusione
1984 185 2102 233 potest
2131 187 2310 228 scieriiia.„'r

1362 229 1488 264 haberi
1500 230 1579 266 aetii
1595 258 1606 273 ,
1621 233 1652 268 8<
1670 233 1821 271 habitu:
1838 236 1907 271 Sed
1923 237 2044 273 multae
2058 240 2305 277 conclusiones

1363 279 1545 326 pertinent
1557 282 1721 320 adunam
1736 285 1911 322 scientiam
1922 297 2038 322 totam
2049 288 2138 323 *sicut
2150 291 2190 322 ad
2200 290 2304 327 >Geo-

1363 330 1522 365 metriam
1539 358 1551 374 ,
1578 334 1635 369 vel
1654 335 1902 372 Aritmeticam
1915 350 1931 378 ς
1948 349 2036 383 ergo
2049 349 2140 374 unus
2153 339 2305 377 habitus

1359 378 1592 418 constituitur
1607 396 1650 420 eit
1669 387 1792 421 multis
1807 385 1994 424 habitibus
2012 415 2021 424 .

1459 430 1697 478 Respondeo‚
1726 436 1850 483 Aliqui
1879 449 2025 485 propter
2061 452 2300 485 argumenta-⁴
2349 462 2561 493 &Therasiae-

2350 502 2536 532 Thoini'stari‘i

2346 542 2525 568 Sententiam

2346 577 2403 606 late
2419 579 2545 616 explicat

2344 617 2456 645 Doctor
2506 625 2545 645 ex

2335 655 2420 688 »dietis
2431 663 2542 685 comma

1359 477 1402 512 ad
1417 481 1565 525 primam
1580 495 1713 525 partem
1727 483 1870 520 indufta
1884 512 1896 529 ,
1913 489 2056 525 censent
2072 517 2082 531 ‚
2102 491 2298 533 scientiam,

1358 527 1455 564 &ita
1470 531 1512 566 de
1526 532 1653 568 habitu
1669 546 1893 581 quocunque
1908 540 2210 584 acquisito,unam
2227 540 2295 577 esse

1357 575 1507 622 speciem
1525 581 1798 627 speciaiiffimam
1818 587 1912 621 circa
1924 588 2109 634 objectum
2136 603 2296 634 unum,

1356 627 1398 663 ad
1412 631 1509 674 quod
1528 635 1627 677 plura
1645 636 1897 671 attribuuntur
1915 636 1978 673 fub
1989 640 2108 675 eadem
2123 644 2294 678 ratione,

1354 679 1600 718 considerandi
1627 709 1636 719 .
1666 687 1719 721 Ex
1735 686 1855 720 multis
1871 686 1980 732 igitur
1994 689 2134 727 affibus
2164 693 2296 727 intelli-

1354 729 1459 774 gendi
1478 730 1618 768 scientia
1636 735 1809 783 acquisita
1836 735 1872 771 in
1887 748 1959 772 uno
1989 741 2173 778 intellefitu
2197 752 2296 779 una-2

1340 790 1400 815 *nu
1409 792 1502 816 mero
1514 783 1562 819 est
1575 810 1587 825 ,
1613 784 1700 821 ficut
1714 787 1747 820 in
1766 796 1838 821 uno
1848 789 2010 832 appetitu
2026 790 2074 826 est
2095 804 2164 828 una
2176 794 2295 829 Tern-

1353 833 1521 888 perantiae
1533 834 1651 871 virtus
1663 836 1724 872 etsi
1739 847 1782 872 ex
1805 837 1927 873 multis
1948 839 2085 876 actibus
2112 854 2294 888 generata.

1354 879 1657 931 Dlstinguendum
1675 885 1723 922 est
1746 898 1866 922 tamen
1900 899 1909 921 :
1940 891 2076 926 Etenim
2093 893 2293 939 quaedam„

1352 930 1475 968 formae
1494 933 1721 982 suscipientes
1735 939 1844 985 magis
1862 937 1896 973 8<
1913 940 2028 976 minus
2053 942 2292 985 inducuntur,

1353 982 1458 1039 uriiea
1473 985 1769 1024 transmutatione
1782 1015 1794 1030 ,
1809 986 1914 1034 juxta
1933 991 2080 1035 gradum
2096 993 2292 1040 perfeffim

1353 1043 1406 1067 nis
1422 1032 1490 1070 suae
1504 1062 1516 1078 ,
1543 1047 1581 1072 ut
1593 1039 1721 1074 albedo
1735 1039 1789 1074 vel
1808 1039 1972 1086 pluribus
1989 1041 2129 1079 aeribus
2143 1044 2291 1078 confor-

1352 1082 1471 1120 mibus
1488 1112 1498 1127 ‚
1525 1098 1563 1123 ut
1581 1090 1856 1137 Temperantia:
1873 1091 2050 1143 Qaedam
2065 1105 2184 1129 autem
2212 1095 2292 1140 plu·

1353 1136 1454 1172 ribus
1468 1135 1693 1175 difformibus
1708 1166 1720 1182 ‚
1741 1151 1780 1175 ut
1795 1139 1948 1178 scientiae
1963 1169 1975 1185 ,
1996 1144 2030 1179 in
2041 1155 2194 1190 quarum
2207 1143 2292 1188 quiq

1349 1187 1431 1224 dem
1449 1191 1681 1235 generatione
1697 1189 1793 1225 hunc
1806 1191 2050 1239 imaginantur
2074 1193 2290 1242 processum.

1350 1243 1447 1278 Nam
1476 1239 1611 1276 testum
1636 1241 1838 1277 adhibendo
1867 1243 2032 1279 ordinem
2078 1244 2290 1292 acquirendi

1348 1303 1430 1332 eas,
1461 1303 1505 1327 ex
1519 1290 1600 1326 astu
1613 1290 1852 1338 cognoscendi
1883 1295 2033 1342 primum
2068 1296 2288 1343 principium

1348 1341 1503 1379 scientiae
1518 1339 1672 1387 alicujus
1688 1369 1698 1383 ‚
1722 1341 1794 1388 ipsa
1809 1342 1950 1380 scientia
1962 1345 2112 1390 primum
2136 1358 2290 1392 genera..

1348 1402 1407 1429 tur
1424 1419 1434 1429 .
1460 1392 1645 1439 Siquidem
1658 1392 1726 1428 hoc
1740 1393 1812 1439 ipso
1825 1394 1936 1431 statlm
1965 1394 2118 1431 habetur
2138 1406 2288 1432 toturn..-

1346 1445 1411 1491 effii’
1427 1442 1504 1490 ejus
1521 1443 1665 1478 habitus
1680 1442 1866 1481 scientifici
1883 1474 1893 1488 ‚
1919 1447 2000 1481 licet
2017 1446 2050 1479 iii
2079 1447 2193 1490 gradu
2222 1448 2288 1481 im-

1347 1494 1531 1543 perfefiim,
1552 1493 1587 1529 8<
1606 1493 1753 1535 infimo,
1776 1493 1901 1540 estque
1916 1498 1944 1531 ῖς
1971 1495 2114 1530 babl‘us
2142 1496 2279 1532 intelle-

1345 1548 1425 1582 c'ius
1439 1545 1541 1592 primi
1556 1545 1720 1591 principii
1737 1543 1889 1581 scientiae
1903 1545 1974 1590 jam
1990 1546 2171 1589 acquifitae
2190 1571 2196 1578 .
2215 1549 2288 1581 De-

1345 1597 1428 1632 inde
1439 1596 1482 1630 de
1495 1595 1645 1631 aliorum
1663 1595 1922 1641 principiorum
1937 1596 2143 1642 cognitione
2159 1594 2288 1635 idem...

1344 1646 1490 1682 habitus
1518 1653 1671 1687 augetur
1689 1670 1697 1682 ‚
1725 1642 1839 1691 fitque
1868 1645 2070 1681 intellectus
2095 1645 2288 1691 plurium„

1345 1696 1606 1744 principiorum
1623 1717 1637 1737 ,
1659 1693 1694 1728 8(
1711 1694 1804 1730 ultra
1815 1707 1860 1730 ex
1872 1696 2057 1742 principiis
2072 1694 2285 1732 deducendo

1344 1746 1590 1781 concluliones
1602 1744 1753 1790 amplius
1770 1756 1922 1788 augetur
1940 1771 1950 1785 ‚
1973 1745 2178 1791 diciturque
2203 1758 2284 1792 pro,

1346 1808 1465 1843 pterea
1480 1793 1624 1829 scientia
1637 1804 1674 1828 ea
1682 1803 1760 1828 rum
1775 1794 2044 1831 conclusionum
2059 1818 2071 1837 ‚
2084 1794 2218 1836 semper
2231 1807 2288 1831 ta·

1344 1857 1425 1882 men
1442 1853 1589 1880 manens
1605 1843 1698 1879 idem
1718 1843 1864 1881 liabitus
1881 1872 1892 1887 ,
1915 1857 1980 1880 nec
2007 1845 2110 1879 aliam
2143 1845 2286 1882 subiens

1344 1894 1577 1932 differentiam
1596 1921 1606 1936 ‚
1634 1890 1695 1929 ffifi
1709 1906 1816 1941 penes
1831 1897 2001 1931 ratio-iem
2019 1899 2288 1943 tantum.Que-

1346 1945 1577 1982 madmodum
1597 1944 1630 1979 ἃ
1645 1945 1718 1979 aliae
1735 1945 1855 1982 sormae
1878 1946 2092 1990 recipientes
2114 1947 2286 1981 intentio-

1346 1998 1476 2037 nemin
1489 2005 1712 2041 quocunque
1736 1995 1851 2040 gradu
1876 1995 1992 2031 sistant
2006 1997 2039 2029 in
2058 1996 2118 2030 illo
2131 2021 2141 2035 ‚
2160 1996 2284 2035 exclu-

1347 2049 1436 2085 dunt
1458 2044 1754 2092 compositionem
1771 2058 1911 2081 omnem
1927 2047 2055 2082 realem
2073 2058 2154 2082 nam
2183 2047 2287 2082 :iliam

1347 2112 1419 2139 non
1437 2097 1631 2134 admittunt
1663 2094 1899 2133 differentiam
1922 2098 2012 2132 ultra
2040 2097 2174 2141 gradus
2200 2096 2287 2135 infe,

1349 2155 1460 2189 riores
1475 2159 1567 2196 quos
1600 2149 1802 2183 virtualiter
1815 2149 1998 2183 continent
2015 2173 2025 2187 ,
2047 2146 2108 2181 nili
2135 2147 2286 2182 rationis

1348 2213 1489 2239 tanturn
1508 2227 1517 2241 ‚
1531 2212 1612 2247 quae
1628 2197 1790 2246 profesto
1804 2196 2004 2235 differentia
2017 2209 2088 2233 non
2102 2195 2230 2233 sufficit
2240 2196 2287 2232 ad

1345 2251 1639 2298 compositionem
1653 2277 1664 2289 .

1449 2303 1529 2339 Nec
1545 2302 1744 2349 quidquam
1758 2303 1842 2337 huic
1855 2300 2020 2348 positioni
2034 2298 2142 2334 officit
2156 2325 2168 2344 ‚
2185 2297 2287 2344 quod

1348 2352 1449 2389 aetus
1461 2365 1503 2387 ei<
1517 2355 1652 2400 quibus
1665 2364 1853 2392 ueneratur
1869 2379 1879 2393 ‚
1903 2353 1935 2388 8<
1961 2360 2113 2397 augetur
2141 2350 2287 2385 habitus

1351 2405 1540 2438 videamur
1554 2404 1651 2450 quasi
1669 2403 1783 2446 specie
1799 2401 1956 2442 differre,
1971 2414 2007 2436 ut
2024 2400 2288 2436 intellthiones

1349 2452 1574 2490 diversorum
1592 2455 1848 2502 principiorum
1863 2478 1873 2493 ,
1898 2452 1930 2485 8(
1953 2449 2168 2487 divers-irum
2202 2461 2290 2485 con-

1348 2503 1569 2544 clusionum3
1597 2517 1675 2540 nam
1695 2504 1794 2539 aetus
1824 2500 1988 2537 differunt
2017 2502 2116 2536 sicuti
2142 2499 2289 2545 objeista

1346 2554 1492 2599 cognita
1507 2580 1517 2596 ‚
1548 2553 1605 2590 sed
1621 2555 1768 2589 habitus
1785 2564 1878 2588 unus
1894 2564 1938 2588 ex
1953 2552 2122 2588 omnibus
2149 2551 2197 2586 est
2225 2562 2291 2594 geo

1348 2615 1494 2641 neratus
1509 2605 1551 2639 ad
1566 2604 1690 2641 fimiles
1709 2604 1809 2639 afliis
1823 2601 1973 2638 subinde
1990 2602 2166 2637 inclinans
2179 2628 2189 2638 .
2204 2602 2286 2636 Hoc

1348 2652 1582 2692 confirmatur
1602 2669 1612 2696 3
1634 2655 1818 2700 Siquidem
1853 2653 2064 2699 principium
2092 2650 2286 2697 perseffius

1349 2704 1581 2750 cognoscitur
1596 2717 1709 2753 quum
1724 2705 1845 2740 exilio
1868 2701 2048 2738 conclusio
2078 2701 2288 2744 deducitur3

1351 2766 1424 2791 non
1440 2765 1559 2790 autern
1578 2756 1612 2791 id
1630 2756 1788 2791 eveniret
1803 2753 1865 2790 nili
1882 2752 2027 2789 habitus
2042 2753 2208 2798 principii
2235 2753 2291 2786 in-

1352 2805 1557 2841 tenderetur
1573 2819 1584 2845 ;
1611 2817 1697 2851 ergo
1710 2806 1801 2840 alius
1814 2816 1884 2840 non
1898 2814 2087 2846 generatur
2103 2831 2112 2845 ,
2127 2802 2182 2838 led
2199 2813 2290 2848 prae·

1352 2854 1421 2891 eise
1437 2866 1586 2903 augetur
1600 2858 1630 2893 is
1643 2883 1653 2898 ‚
1681 2856 1747 2902 qui
1761 2854 1950 2899 pra-existit
1969 2882 1977 2890 .
1997 2853 2147 2891 Addunt
2165 2853 2290 2893 etiam,

1351 2906 1513 2942 habitum
1547 2907 1674 2942 nedum
1704 2905 1812 2942 modo
1839 2904 2007 2952 proedie'io
2033 2904 2156 2950 augeri
2180 2926 2192 2945 ,
2232 2900 2289 2937 sed

1350 2957 1457 2992 eiiam
1475 2958 1508 2991 in
1529 2955 1708 3005 frequenti
1725 2955 1883 3002 ejusdem
1897 2954 2174 2990 consideratione
2191 2963 2290 2998 :quo

1350 3006 1390 3041 fit
1407 3017 1445 3042 ut
1460 3018 1503 3041 eo
1521 3005 1643 3043 habitu
1659 3007 1770 3052 magis
1785 3005 2024 3051 cognoscatur
2054 3016 2165 3040 unum
2193 3003 2291 3050 prin-

1352 3058 1482 3104 cipium
1498 3082 1509 3098 ‚
1529 3068 1635 3103 quam
1649 3057 1742 3093 aliud
1762 3084 1771 3098 ‚
1787 3057 1819 3091 ἃ
1836 3068 1904 3091 una
1923 3054 2106 3090 conclusio
2122 3065 2190 3100 pra:
2206 3053 2289 3093 alia,

1350 3109 1435 3153 quia
1460 3107 1687 3153 frequentius
1710 3106 1952 3146 considerata;
1982 3103 2113 3151 semper
2138 3114 2290 3138 autem-s

1350 3156 1580 3192 conclusione
1596 3159 1695 3203 prius
1709 3157 1758 3193 est
1772 3153 2037 3204 principium,&
2054 3154 2143 3189 ratio
2155 3163 2291 3198 cogno*

1354 3206 1471 3242 scendi
1492 3206 1668 3254 posterior
1682 3235 1691 3244 .

1453 3259 1540 3292 Haec
1553 3257 1678 3304 opinio
1694 3256 1738 3292 fic
1751 3257 1930 3304 explicata
1946 3254 2050 3291 nobis
2075 3265 2145 3289 non
2162 3253 2292 3300 proba-

1350 3318 1437 3347 tui·;
1462 3319 1575 3353 quare
1601 3308 1718 3351 primo
1740 3309 1924 3353 arguimus
1954 3316 2081 3340 contra
2107 3305 2202 3339 illam
2231 3302 2290 3338 sic:

1349 3357 1465 3396 Astus
1479 3358 1685 3393 naturaliter
1699 3356 1778 3392 sunt
1795 3357 1982 3392 habituum
2000 3355 2199 3399 generarivi
2228 3355 2288 3388 in.-

1350 3406 1525 3443 sententia
1553 3408 1760 3449 communi,
1780 3419 1822 3442 co
1840 3406 1939 3453 quod
1953 3405 2162 3440 naturaliter
2194 3402 2290 3438 suam

1350 3456 1616 3492 similitudinem
1633 3456 1728 3503 palso
1743 3459 1959 3504 imprimant:
1974 3453 2212 3490 differentium
2232 3465 2292 3488 ve-

1351 3518 1392 3541 ro
1407 3506 1522 3553 specie
1537 3506 1729 3542 secundum
1745 3509 1908 3554 proprias
1923 3507 2075 3541 rationes
2106 3504 2291 3551 agentium

1352 3556 1431 3592 sunt
1447 3555 1591 3593 diversi»
1610 3556 1856 3594 similitudines
1872 3558 1982 3593 reales
2000 3569 2009 3596 ;
2053 3568 2139 3602 ergo
2156 3565 2293 3602 quanta

1352 3607 1402 3643 est
1417 3608 1561 3644 aftuurn
1578 3606 1776 3646 differentia
1791 3620 1888 3644 tanta
1914 3608 2109 3654 sitoportet
2131 3608 2164 3642 8<
2191 3604 2294 3640 liabi-

1353 3669 1458 3693 tuum
1475 3685 1483 3694 .
1501 3658 1771 3697 confirmatur:
1800 3658 1919 3695 Causa
1938 3670 2050 3707 quere
2064 3658 2164 3693 abhis
2190 3651 2295 3690 diffe-

1355 3710 1520 3745 tentesin
1534 3710 1696 3745 moribus
1716 3736 1726 3752 ‚
1748 3720 1786 3745 ut
1810 3709 2053 3757 temperantiae
2072 3735 2083 3750 ‚
2107 3709 2137 3743 8<
2151 3705 2296 3754 justitioe

1356 3771 1528 3803 generent
1551 3758 1708 3795 diversos
1738 3759 2007 3808 habitus‘specie
2027 3785 2036 3800 ‚
2065 3759 2128 3794 alia
2145 3769 2214 3793 non
2231 3753 2297 3797 est,

1360 3810 1418 3845 nisi
1439 3813 1522 3856 quia
1542 3808 1737 3847 secundum
1755 3811 1917 3860 proprias
1936 3811 2089 3846 rationes
2103 3804 2298 3857 specificas,

2151 3867 2254 3893 natu·

2332 3276 2448 3314 Qanta
2494 3275 2534 3306 est
2582 3281 2585 3307 ὲ

2330 3314 2530 3345 differentia..-

2335 3356 2457 3388 actuum,
2468 3363 2532 3383 tan·

2331 3399 2360 3419 ta
2387 3392 2409 3421 δι
2445 3392 2523 3422 habi-

2331 3439 2413 3459 tuum
2435 3449 2446 3461 ο
