2653 4088
89 590 180 628 bost.
193 595 221 625 in
234 593 324 626 Com

90 644 104 667 2
111 636 325 673 .metaphy·tex·

91 680 155 715 cap.
169 674 217 702 ιθ.

78 1113 230 1168 Ide-rerum
238 1124 316 1164 prin⁴

80 1170 156 1202 opio
167 1171 315 1203 qepun-2·

113 1556 200 1587 Dost.
212 1566 242 1594 5.
252 1567 312 1588 me-

76 1597 157 1637 taph·
170 1605 202 1635 ς.
213 1607 271 1627 tm.
281 1606 312 1627 ι.

81 1868 222 1901 Βοᾶ.ιιῐ>ἱ
234 1868 314 1906 supra

80 1913 110 1943 fl.
134 1910 186 1940 Ad
191 1907 313 1948 quaestt‘a·

74 1957 140 1981 nem
149 1966 159 1978 ι

68 3642 157 3676 Doti.
171 3650 196 3673 t.
208 3651 296 3676 meta-

64 3686 130 3724 Phr·
143 3693 199 3721 ‘7⁹2⁰
215 3686 241 3713 ‘a
253 3685 302 3716 Ad

58 3724 224 3767 solutionem
233 3741 243 3752 ι

885 181 1048 231 Tamus
1080 181 1163 231 m.
1191 184 1322 232 Part·
1351 189 1389 239 I,
1422 185 1616 256 Qaestio
1646 186 1682 233 I.
1709 191 1814 235 Art.
1828 190 1890 236 II.
2247 196 2280 254 ’ς

365 255 541 293 :taionem
554 251 665 300 ipsius
685 252 894 300 operantis,
925 264 970 288 ex
987 252 1143 289 articulo
1165 250 1318 300 praeced.

364 309 452 344 Non
465 304 641 350 contingit
668 313 791 339 autem
820 301 928 338 finem
955 303 1016 339 iud
1024 315 1110 340 uere
1134 304 1316 339 rationem

363 352 555 395 causaemisi
568 351 608 388 fit
623 353 921 401 praecognitus,&
942 354 1222 399 intentuszssrgo
1234 362 1319 387 cum

361 405 504 440 tantiim
521 403 704 440 rationalis
726 413 855 440 natura
878 402 980 451 poffit
1001 402 1320 451 praecognoscere,

359 465 471 500 atque
482 453 664 490 intendere
676 454 986 504 finem3ptoptium
999 451 1082 501 ejus
1098 465 1234 490 natutae
1249 453 1320 489 erit

358 516 464 552 agere
477 514 622 551 propter
635 504 742 542 finem
754 531 765 541 .

460 554 633 591 Praeterea
658 582 669 599 ‚
693 554 899 592 Secundum
926 555 1191 603 Anaxagoram
1219 553 1320 589 ordi-

358 605 461 640 natio
478 605 666 649 Univerfi,
681 607 715 642 8(
729 605 886 654 partium
900 604 980 651 ejus
995 605 1038 640 ad
1053 608 1210 653 primum
1224 613 1320 650 opus

359 655 410 692 est
426 656 555 692 mentis
569 656 834 704 Sapientifiimae
847 683 859 699 ‚
872 667 1022 704 propter
1033 655 1185 703 seipsum
1196 656 1319 690 omnia

358 704 595 754 producentis
613 719 627 748 ς
656 720 728 743 non
744 707 928 752 contingit
941 708 1054 751 igitur
1066 707 1191 753 aliqua
1220 707 1315 741 inter

359 755 393 792 se
405 755 472 792 esse
483 757 646 794 ordinata
660 785 673 802 ‚
698 759 734 795 8(
747 757 790 793 ad
820 756 1063 793 extrinsecum
1088 757 1197 793 finem
1213 782 1226 800 ‚
1250 755 1318 791 nifi

357 807 469 854 operi
497 809 626 845 mentis
643 807 972 858 praecognosccntis
989 834 1001 850 ‚
1031 808 1064 844 8(
1095 807 1314 844 intendentis

357 857 477 894 finem:
494 859 591 905 Ergo
603 871 674 897 nec
688 859 892 906 quidquam
911 869 1058 906 propter
1069 857 1176 894 finem
1192 869 1321 905 opera-

354 907 494 952 tur,nifi
510 909 672 957 id‚cujus
681 910 796 957 gratia
810 911 884 946 exit
897 909 932 946 in
946 919 1055 957 opus,
1069 909 1168 956 priiis
1182 920 1321 957 praeco-

355 958 548 1008 gnoscatur
563 974 574 1002 3
588 960 769 1010 Alioquin
783 959 945 1008 praestare
956 959 1116 996 valerent
1134 959 1222 1008 ipsa,
1238 971 1319 1005 qum

353 1009 519 1047 ordinata
544 1012 718 1049 dicuntur
734 1037 746 1054 ,
770 1011 868 1059 quod
883 1023 954 1046 non
982 1011 1082 1047 licuit
1096 1009 1320 1046 mentiordi-

353 1062 454 1097 nanti
473 1088 485 1105 ,
515 1063 549 1100 8(
577 1063 818 1099 consideranti
842 1062 962 1097 omnia
989 1062 1033 1098 ad
1059 1060 1210 1110 seipsum
1248 1072 1313 1109 per

351 1113 559 1162 sapientiam
571 1139 585 1156 ,
597 1115 632 1150 8(
649 1115 872 1150 voluntatem
886 1140 894 1148 .

455 1164 629 1201 Praetetea
645 1190 658 1207 ,
690 1165 810 1206 finis,
833 1163 868 1199 8(
895 1164 1031 1199 bonum
1055 1163 1151 1199 idem
1180 1162 1259 1199 sunt
1274 1163 1310 1206 3.

354 1215 509 1265 metaph.
534 1223 609 1252 tex.
633 1226 668 1261 3.
683 1215 718 1251 8(
742 1213 894 1262 idipsum
906 1213 1014 1250 habet
1031 1212 1318 1259 Augustinus,8.

352 1268 397 1305 de
418 1268 676 1315 Trinit.cap.4.
691 1265 833 1302 Bonum
846 1275 970 1300 autem
985 1264 1034 1301 est
1047 1263 1233 1311 objthum
1249 1274 1320 1298 vo·

351 1318 515 1354 luntatis.
527 1318 623 1353 Cum
637 1327 723 1363 ergo
735 1316 913 1365 appetitus
925 1315 1110 1351 rationalis
1128 1326 1199 1350 non
1212 1313 1251 1349 {it
1265 1312 1322 1348 fa-

352 1368 487 1404 (stibilis
499 1367 572 1404 fine
585 1368 746 1413 potentia
759 1367 950 1416 cognitiva
968 1366 1010 1401 ad
1025 1364 1142 1413 ipsum
1164 1364 1313 1400 ordina-

351 1429 402 1461 ta,
417 1416 512 1461 finis,
525 1418 560 1454 8(
573 1419 710 1454 bonum
725 1430 797 1454 non
810 1417 860 1454 est
872 1418 1089 1463 attingibile,
1102 1415 1162 1451 nifi
1177 1426 1238 1463 per
1251 1427 1314 1450 vo.

350 1470 527 1506 luntatem
544 1469 676 1516 praevia
687 1467 887 1505 ostensione
904 1466 1186 1507 intelleffistsffist
1199 1467 1312 1511 igitur

349 1521 536 1570 proprium
550 1520 735 1555 rationalis
751 1530 887 1555 natutae
900 1529 1008 1564 agere
1025 1515 1282 1565 propterfinem
1302 1541 1314 1552 .

448 1569 593 1608 Contra
624 1597 634 1607 .
659 1569 907 1618 PhIlosophus
922 1596 933 1612 ,
954 1579 987 1605 2.
1006 1568 1112 1618 Phys.
1128 1577 1207 1605 tex.
1226 1579 1313 1604 com.

356 1632 420 1667 49.
432 1619 564 1654 dividit
577 1630 686 1665 agens
700 1631 846 1665 propter
866 1621 973 1656 finem
992 1620 1026 1654 in
1044 1630 1155 1665 agens
1175 1621 1195 1655 a.
1207 1629 1314 1655 natu-

359 1681 399 1706 ra
413 1695 426 1711 ,
438 1668 471 1703 8(
487 1667 523 1703 in
539 1678 651 1714 agens
664 1669 709 1703 ab
724 1669 925 1704 intelleau.
939 1673 1025 1706 Non
1039 1669 1089 1704 est
1099 1672 1213 1720 igitur
1229 1681 1315 1716 pro-

360 1721 483 1768 prium
493 1718 665 1763 agentis'a
681 1718 866 1762 propofito
880 1744 893 1759 ,
914 1719 1021 1764 quale
1050 1730 1160 1764 agens
1174 1717 1225 1755 est
1250 1731 1315 1754 na·

357 1779 440 1806 tura
453 1767 637 1804 rationalis
650 1792 660 1808 ,
674 1778 781 1812 agere
797 1777 943 1812 propter
956 1767 1064 1801 finem
1081 1793 1090 1802 .

460 1815 681 1864 Respondeo
703 1816 898 1852 dicendum
916 1842 927 1858 ‚
947 1816 1059 1851 Omni
1080 1816 1189 1863 perse
1205 1828 1313 1860 agen-

355 1870 385 1906 ti
397 1869 566 1905 covenite
579 1879 686 1915 agere
698 1878 845 1915 propter
871 1866 978 1903 finem
996 1894 1007 1910 ,
1032 1877 1074 1902 ac
1100 1865 1250 1911 proinde
1276 1865 1314 1901 id

355 1918 542 1969 proprium
558 1930 629 1954 non
643 1916 712 1954 effe
726 1928 861 1953 naturae
873 1918 1056 1954 rationalis
1066 1944 1075 1954 .
1093 1918 1201 1953 Decla
1210 1917 1315 1953 ratio:

353 1971 453 2009 finis
466 1968 662 2008 secundum
683 1968 921 2011 Avstennam,
935 1968 971 2004 6.
984 1967 1125 2016 metaph
1138 1965 1223 2012 suae
1236 1976 1311 2015 cap.

356 2033 391 2069 5.
407 2020 456 2057 est
471 2021 587 2071 prima
602 2019 795 2057 causarum
815 2046 826 2063 ,
842 2020 1096 2068 praecedensin
1115 2017 1173 2055 sua
1188 2018 1314 2056 causa·

353 2074 452 2111 litate
467 2099 482 2116 ,
505 2083 615 2119 quam
633 2081 778 2108 exercet
793 2098 803 2113 ,
825 2070 926 2108 utest
956 2072 992 2107 in
1019 2072 1137 2107 anima
1153 2097 1165 2112 ,
1188 2068 1313 2107 causas

353 2132 500 2171 agentes
512 2149 524 2166 ‚
552 2123 585 2158 3(
611 2121 828 2167 recipientes
845 2135 857 2164 3
873 2121 932 2158 etii
951 2121 995 2158 de
1016 2123 1155 2158 eaeteris
1183 2122 1314 2165 caulis,

354 2185 436 2212 cum
450 2172 579 2210 fuerint
593 2173 627 2208 in
644 2171 773 2209 effthu
788 2171 976 2220 procedat3
988 2184 1027 2208 ut
1041 2172 1114 2219 ipsa
1138 2173 1245 2209 causa
1272 2172 1315 2208 fi·

353 2223 446 2262 nalis
459 2224 499 2261 fit
514 2225 551 2261 in
565 2221 697 2261 effefflu
728 2248 738 2259 .
760 2226 848 2260 Haec
864 2225 945 2267 ille,
976 2223 1099 2268 infine
1127 2233 1203 2273 cap.
1216 2225 1251 2261 Si
1268 2222 1314 2261 de

355 2287 578 2323 unaquaque
591 2301 604 2318 ,
615 2275 731 2323 inquit
745 2304 751 2315 2
767 2273 956 2311 causarum
975 2275 1058 2311 esset
1072 2274 1218 2312 scientia
1231 2302 1243 2315 ,
1257 2278 1312 2311 in·

354 2337 409 2362 ter
422 2338 480 2363 eas
495 2326 616 2362 notior
631 2324 723 2361 foret
740 2323 881 2362 scientia
894 2326 937 2362 de
954 2325 1217 2374 finali,ipsaque
1229 2327 1313 2363 effet

353 2376 526 2425 sapientia
550 2403 560 2413 .
590 2378 632 2412 Et
658 2388 784 2413 revera
807 2375 1090 2414 extrinsecarum
1120 2377 1310 2415 causarum

354 2429 456 2476 priiis
473 2425 596 2464 causat
609 2426 720 2469 finis3
738 2427 773 2464 ls
790 2430 885 2464 enim
913 2439 1036 2464 movet
1065 2427 1312 2466 efficientem-

354 2478 498 2515 causam
514 2479 549 2514 in
562 2478 700 2515 ratione
711 2479 844 2522 amati,
859 2481 892 2516 8(
906 2490 1095 2527 propterea
1109 2491 1215 2527 agens
1227 2492 1313 2515 cau-

353 2529 407 2566 sat
423 2557 435 2573 ‚
459 2531 493 2566 8(
505 2540 583 2567 non
596 2529 615 2566 ὲ
631 2540 756 2567 contra
773 2543 785 2570 ;
799 2532 893 2578 Ergo
905 2529 1018 2565 causae
1030 2542 1155 2566 omnes
1171 2544 1233 2578 per
1248 2529 1312 2571 se,

351 2580 548 2618 necessario
578 2591 692 2627 agunt
711 2592 860 2627 propter
886 2580 1013 2617 finem}
1042 2581 1178 2629 quippe
1195 2584 1214 2617 a
1233 2595 1314 2628 quo

352 2632 530 2678 pendeant
540 2642 667 2667 omnes
680 2632 715 2667 in
729 2631 883 2677 ipsarum
896 2631 1119 2668 causalitate.
1134 2633 1310 2679 Alioquin

353 2680 417 2717 nifi
429 2684 463 2717 in
476 2683 617 2726 agendo
633 2694 770 2718 certum
787 2685 1012 2720 intenderent
1030 2682 1136 2718 finem
1150 2710 1162 2725 ‚
1191 2685 1312 2723 intra,

351 2729 521 2780 sphaeram
535 2730 731 2768 affivitatis
742 2732 895 2780 ipsarum
907 2734 1208 2778 repertum.causa
1216 2747 1315 2773 rum-

350 2795 425 2830 que
440 2780 594 2829 ipsarum
613 2783 752 2820 viribus
768 2785 1029 2830 attinpibilen«,
1043 2786 1228 2829 temere-,ik
1246 2801 1311 2824 va·

351 2833 396 2880 gt»
409 2832 586 2880 propriam
603 2845 814 2871 e⁰ercerent
831 2834 1094 2876 causalitatem,
1112 2837 1144 2871 8(
1161 2849 1230 2873 non
1244 2839 1307 2876 nis,

349 2884 506 2919 fortuito
520 2883 633 2919 causae
646 2896 710 2933 per
727 2883 760 2922 se
775 2884 941 2923 effe-§lum
955 2887 1233 2933 attingerenqld
1248 2903 1312 2926 ve-

350 2936 391 2971 ro
404 2933 551 2970 videtur
565 2946 726 2972 evertere
741 2939 916 2974 rationem
933 2948 995 2983 per
1020 2936 1052 2971 se
1066 2937 1306 2982 causarum..;

347 2996 438 3031 ergo
450 2984 494 3020 ad
505 2995 643 3021 certum
655 2985 1005 3031 determinatumque
1032 2986 1177 3025 scopum
1208 2991 1307 3026 colli-

348 3046 447 3072 mant
466 3048 479 3076 ;
508 3048 552 3071 ex
563 3046 640 3082 quo
657 3035 694 3071 fit
706 3059 719 3078 ‚
742 3049 782 3072 ut
794 3039 829 3073 in
842 3038 1119 3075 affibusearum
1133 3052 1204 3076 non
1217 3052 1306 3077 con-

348 3087 462 3129 tingat
479 3097 577 3121 error
591 3085 801 3133 regulariter
816 3115 826 3124 .
850 3088 917 3124 Ftfi
931 3089 1097 3127 aberrare
1114 3103 1131 3125 a
1144 3090 1213 3126 fine
1224 3104 1308 3137 pro·

346 3136 465 3184 polito
479 3136 656 3172 interdum
670 3139 810 3174 eveniat
825 3151 870 3175 ex
883 3138 1077 3177 incidentia
1104 3153 1228 3176 contra
1237 3144 1306 3178 ria-

346 3198 425 3223 rum
439 3185 624 3223 causarum
637 3210 650 3230 ‚
677 3197 740 3222 aut
754 3189 1036 3238 impendentium
1061 3193 1305 3238 primarium

345 3235 517 3273 effeEmm
535 3264 546 3280 ‚
568 3248 631 3272 aut
643 3237 742 3273 certe
754 3263 766 3280 ,
789 3251 832 3276 ne
843 3240 1013 3275 omnibus
1030 3244 1187 3278 numeris
1199 3243 1303 3280 abso·

347 3287 448 3323 lutus
461 3286 942 3332 producatur,efficientium.
955 3290 985 3323 Si
996 3291 1106 3336 igitur
1117 3293 1229 3330 caufis
1241 3305 1303 3341 pet

346 3337 381 3373 se
394 3336 622 3374 causantibus
636 3336 715 3375 fieri
732 3340 846 3385 potest
863 3367 869 3376 .
884 3352 924 3376 ut
941 3341 1078 3376 accidat
1097 3346 1307 3384 error3Pr0.

345 3388 441 3425 seem
459 3390 655 3434 ‚quoniam
669 3400 710 3425 ut
727 3392 921 3434 patrimum
938 3391 1106 3428 effeetum
1125 3419 1135 3434 ‚
1152 3396 1210 3430 cui
1224 3407 1305 3442 pro-

342 3439 511 3475 ducendo
528 3439 610 3474 sunt
624 3439 981 3487 idoneae,attingunt,
1001 3441 1074 3488 ipsa
1092 3455 1202 3488 agunt
1221 3459 1305 3492 pro-

343 3501 424 3538 pter
438 3488 543 3525 finem
563 3515 574 3533 ,
597 3491 662 3535 qui
679 3489 759 3526 finis
777 3502 847 3526 non
867 3491 915 3527 est
940 3493 1055 3536 alius,
1085 3497 1194 3540 quam
1219 3494 1305 3532 effe·

342 3539 424 3575 &us
443 3538 610 3576 causatus
626 3541 645 3575 a
661 3552 761 3587 parte
776 3542 823 3577 rei
844 3555 855 3582 ;
874 3543 906 3578 ls
921 3544 1013 3579 enim
1031 3545 1132 3591 prius
1147 3571 1156 3585 ‚
1188 3557 1227 3581 ut
1244 3546 1306 3584 de·

342 3590 518 3627 fideratus
536 3592 704 3627 movebat
720 3591 928 3628 efficientem
945 3593 1086 3630 causam
1103 3594 1145 3629 ad
1159 3607 1252 3641 opus
1269 3623 1279 3633 .

444 3641 724 3684 intelligendum
738 3652 862 3679 tamen
883 3671 894 3686 ,
918 3645 1036 3680 nonin
1052 3646 1226 3682 omnibus
1242 3659 1304 3694 ap-

340 3693 548 3739 petentibus
568 3690 674 3727 finem
692 3718 701 3733 ,
730 3703 840 3741 atque
853 3694 888 3729 in
902 3691 982 3739 ejus
1000 3695 1305 3741 acquilitionem...

343 3742 572 3778 tendentibus
584 3740 661 3779 dari
675 3742 784 3786 ipfius
800 3743 879 3779 finis
894 3746 1313 3791 proecognirioncmssmb

342 3801 460 3827 totum
476 3803 591 3837 genus
619 3793 733 3828 causae
757 3807 818 3841 per
833 3794 868 3830 se
900 3795 1232 3832 contradistinfflum
1260 3799 1307 3833 ab

342 3842 676 3932 ςεηετιεῒαςεηῗῆηῑ
693 3845 711 3880 a
726 3845 937 3895 propofito,
963 3847 1097 3895 appetit
1123 3846 1309 3894 quidem..

495 3903 563 3930 om-
645 3917 656 3930 ο

1398 256 1504 291 finem
1522 253 1721 298 (aliteribi
1737 258 1854 291 nullus
1881 259 2060 295 accideret
2088 270 2186 295 error
2203 274 2216 301 ;
2239 262 2354 308 quia...

1397 302 1655 351 cujuscunque
1670 315 1824 340 eventus
1840 319 1901 343 aut
1918 308 1998 344 esset
2013 321 2076 356 per
2088 309 2120 344 se
2130 309 2234 345 causa
2247 337 2257 352 ‚
2290 322 2350 345 aut

1398 356 1533 392 nullius
1550 352 1732 399 ejusmodi
1746 354 1851 390 causa
1867 358 1957 395 foret
1974 359 1993 403 )
2009 359 2132 406 estque
2149 360 2183 394 in
2214 371 2257 394 eo
2271 361 2351 395 vere

1397 405 1480 441 finis
1492 406 1674 452 appetitus
1689 431 1701 447 ,
1729 406 1764 442 8(
1783 416 1899 442 tamen
1916 422 1986 445 non
2013 409 2061 444 est
2078 409 2265 457 praeditum
2291 421 2352 444 co-

1395 455 1560 502 gnitione
1578 454 1660 490 finis
1684 481 1693 491 .
1728 455 1788 493 Ad
1806 456 1922 503 ipsum
1939 459 2058 506 itaque
2075 460 2179 495 finem
2196 472 2348 507 propen-

1395 506 1449 541 dit
1462 532 1473 548 ,
1504 516 1614 552 atque
1630 505 1822 541 inclinatur
1838 520 1857 542 a
1875 510 2015 556 propria
2047 521 2174 545 natura
2190 537 2201 553 ,
2232 511 2350 546 veluti

1394 556 1429 590 in
1443 557 1530 592 illud
1548 582 1560 599 ,
1591 558 1610 591 a
1624 567 1700 601 quo
1717 555 1840 603 perfici
1858 559 1971 604 potest
2003 557 2207 596 secundaria
2231 560 2346 607 perfe-

1394 605 1515 643 &tione
1541 633 1553 643 .
1579 606 1751 643 Primaria
1769 608 1863 642 enim
1893 608 2147 656 cujuscunque
2174 610 2348 657 perfefflo

1395 659 1541 706 propria
1556 657 1670 693 forma
1685 655 1733 692 est
1745 683 1756 698 ,
1771 656 1827 694 sed
1838 657 2042 695 secundaria
2054 660 2102 696 est
2113 663 2274 708 operatio
2285 673 2347 707 ap·

1395 710 1550 756 petentis
1565 735 1576 750 ‚
1600 719 1662 744 aut
1677 718 1812 743 naturae
1827 710 2007 746 tendentia
2025 735 2037 751 ,
2058 711 2130 758 qua
2143 711 2347 747 extrinseco

1396 758 1853 806 appetibiliconjuugitur.
1873 760 1982 797 Unde
1997 760 2259 809 imperfedtioni
2284 763 2348 797 ali—

1395 810 1457 845 cui
1473 808 1589 847 subest
1603 821 1714 856 grave
1727 835 1740 850 ,
1758 811 1940 855 quatenus
1953 823 2053 848 eXtra
2079 822 2244 848 centrum
2268 812 2349 847 vio-

1395 857 1511 897 lenter
1522 861 1719 897 detinetur.
1739 859 1796 896 Ad
1810 861 1899 896 hanc
1915 864 2036 909 itaque
2048 861 2249 910 specificam
2267 873 2349 909 pet-

1397 909 1591 948 fefflonem
1608 911 1899 959 unumquodque
1910 915 2121 949 naturaliter
2133 914 2325 949 inclinatur
2337 938 2350 954 ,

1400 973 1475 998 non
1490 962 1591 1009 quasi
1608 974 1646 997 ea
1660 962 1844 998 Inclinatio
1859 962 1960 999 astus
1973 964 2106 1012 aliquis
2124 964 2264 999 elicitus
2280 963 2320 998 fit
2335 988 2351 1005 ‚

1398 1010 1458 1047 sed
1483 1012 1534 1049 est
1562 1012 1759 1050 eademmet
1785 1024 1911 1049 natura
1929 1015 1964 1050 in
1994 1015 2177 1062 propriam
2201 1013 2352 1050 tendens

1397 1063 1654 1110 perfefflionem
1670 1091 1683 1107 ,
1706 1064 1820 1111 estque
1832 1063 2014 1101 tendentia
2027 1064 2173 1112 praedita
2184 1065 2233 1101 est
2244 1074 2352 1101 natu·

1398 1125 1437 1150 ra
1451 1113 1706 1163 cujuscunque
1719 1140 1731 1157 ‚
1756 1125 1797 1150 ut
1812 1113 1861 1150 est
1875 1117 1973 1161 prior
1983 1117 2084 1151 omni
2099 1116 2350 1160 cognitione„

1400 1165 1520 1211 Igitur
1536 1167 1582 1202 ab
1604 1178 1647 1201 eo
1662 1166 1726 1213 qui
1739 1166 1865 1201 tribuit
1889 1164 2039 1202 formam
2056 1193 2066 1208 ,
2081 1166 2165 1201 data
2191 1166 2240 1202 est
2266 1167 2351 1201 talis

1397 1216 1586 1253 inclinatio
1602 1242 1613 1258 ,
1634 1215 1707 1252 fine
1717 1227 1788 1263 qua
1801 1227 1864 1252 nec
1879 1216 1967 1253 bene
1982 1216 2050 1253 effe
2060 1227 2244 1265 appeteret
2256 1242 2265 1257 ‚
2284 1227 2350 1253 nec

1395 1268 1554 1315 proptia:
1570 1266 1785 1315 prospiceret
1797 1267 2062 1305 conservationi
2085 1293 2094 1303 .
2124 1267 2351 1303 Determina·

1396 1330 1458 1355 tur
1472 1329 1561 1364 ergo
1576 1328 1695 1354 totum
1724 1329 1841 1364 genus
1864 1317 1978 1355 causae
1992 1319 2167 1354 naturalis
2196 1317 2240 1352 ad
2265 1330 2350 1367 pro-

1393 1370 1511 1418 prium
1524 1367 1630 1405 finem
1645 1395 1658 1411 ,
1690 1379 1839 1417 propter
1852 1381 1962 1417 quem
1976 1369 2012 1407 8(
2025 1371 2101 1416 agit
2118 1395 2128 1410 ‚
2154 1369 2200 1403 ab
2218 1369 2354 1405 Intelli-

1394 1421 1516 1467 gentia
1533 1420 1646 1466 prima
1660 1446 1673 1462 ,
1700 1421 1720 1455 a
1736 1431 1809 1466 qua
1822 1422 1850 1457 is
1865 1419 1956 1456 ordo
1977 1422 2112 1456 volitus
2137 1418 2186 1456 est
2203 1444 2216 1460 ‚
2238 1421 2351 1467 quia-2

1393 1471 1561 1508 intentus
1573 1471 1777 1516 unicuique
1792 1472 1930 1507 entium
1948 1469 2119 1519 proprius
2133 1470 2214 1505 finis
2231 1497 2242 1513 ,
2257 1471 2353 1507 unde

1391 1522 1427 1558 in
1440 1520 1504 1557 suo
1515 1520 1582 1557 esse
1595 1521 1772 1567 complete
1785 1521 2032 1570 perficeretur.
2044 1519 2188 1558 Natura
2200 1522 2250 1557 ita
2277 1535 2354 1558 ue„

1392 1574 1470 1618 agit
1483 1583 1630 1621 propter
1656 1569 1764 1609 finem
1779 1585 1853 1609 non
1865 1575 1885 1607 a
1896 1571 1930 1608 se
1943 1600 1953 1614 ‚
1977 1572 2034 1609 sed
2049 1574 2096 1609 ab
2119 1573 2190 1607 alio
2215 1585 2351 1620 praeco-

1391 1625 1555 1671 gnitum:
1573 1624 1607 1659 8(
1624 1635 1712 1670 quia
1730 1634 1769 1658 ut
1798 1624 1994 1671 plutimitm
2018 1636 2090 1660 non
2105 1633 2195 1659 errat
2212 1625 2246 1658 in
2261 1633 2350 1670 ope·

1392 1673 1504 1711 tando
1519 1700 1530 1716 ‚
1556 1673 1653 1710 refite
1668 1674 1805 1710 dicitur
1821 1685 1914 1720 opus
1929 1685 2068 1710 naturae
2085 1701 2096 1718 ,
2122 1685 2214 1720 opus
2241 1674 2350 1709 intel-

1391 1725 1550 1767 ligentia:
1564 1750 1574 1759 .
1589 1726 1630 1759 Et
1646 1726 1818 1769 quamvis
1836 1726 1937 1760 bruta
1953 1722 2349 1769 praecognoscant,quae

1390 1773 1471 1819 ipsis
1485 1774 1586 1809 utilia
1605 1773 1687 1808 sunt
1702 1799 1713 1815 ‚
1737 1785 1781 1808 ac
1796 1774 1978 1817 refugiant
1990 1799 2002 1815 ,
2022 1776 2232 1819 evitentque
2249 1776 2350 1810 noci-

1391 1833 1437 1855 va
1453 1847 1462 1861 ‚
1478 1822 1604 1868 suapte
1620 1832 1741 1858 tamen
1761 1826 1890 1859 natura
1900 1824 1947 1859 ab
1959 1822 2114 1869 objeclis
2126 1825 2268 1860 ostensis
2280 1825 2349 1860 du-

1388 1881 1526 1906 cuntur
1541 1896 1552 1913 ,
1581 1882 1693 1918 atque
1706 1870 1904 1911 trahun·ur
1922 1899 1932 1914 ,
1958 1874 1990 1909 8(
2010 1885 2080 1909 non
2106 1875 2348 1922 potestativa.»

1387 1921 1638 1958 dominatione
1659 1922 1821 1957 circailla
1837 1921 2037 1970 versantur,
2047 1924 2136 1959 ade'o
2148 1936 2187 1960 ut
2201 1927 2348 1962 valeant

1390 1973 1449 2008 illa
1463 1972 1631 2017 ampleffi
1645 2000 1654 2014 ,
1683 1983 1746 2009 aut
1763 1983 1888 2008 contra
1903 1973 2094 2019 refragari.
2127 1976 2348 2023 Propterea.-

1391 2022 1464 2059 sola
1483 2024 1626 2070 agentia
1639 2026 1656 2059 a
1673 2023 1858 2072 proposito
1870 2024 1915 2059 ab
1937 2025 2161 2062 intelleffivo
2185 2029 2350 2074 appetitu.

1391 2073 1700 2123 praedominantur
1712 2074 1755 2109 ad
1768 2074 1945 2119 agendum
1966 2086 2113 2124 propter
2125 2075 2231 2113 finem
2243 2090 2349 2115 antea

1391 2126 1654 2173 praecognitum
1670 2152 1682 2169 ‚
1708 2137 1770 2161 aut
1784 2137 1857 2162 non
1875 2126 2054 2179 zgsndum
2074 2152 2084 2169 ‚
2110 2138 2146 2161 ut
2162 2127 2349 2164 fibilibue..

1386 2177 1434 2212 rit
1460 2202 1470 2212 .
1491 2177 1738 2224 Qaecunque
1761 2178 1884 2223 itaque
1895 2189 1958 2225 per
1985 2175 2017 2212 se
2030 2176 2132 2212 causa
2147 2189 2291 2225 propter
2306 2178 2350 2215 fi-

1389 2239 1472 2263 nem
1489 2227 1562 2272 agit
1577 2251 1588 2267 ,
1615 2226 1674 2262 sed
1687 2226 1802 2264 causaz
1817 2229 1997 2264 naturales
2010 2228 2052 2263 ad
2069 2230 2235 2277 proprios
2258 2229 2348 2268 fines

1389 2278 1635 2314 determinatae
1653 2277 1735 2314 sunt
1754 2292 1770 2313 a
1784 2278 1909 2315 formis
1924 2278 2077 2327 ipsarum
2092 2307 2102 2321 ,
2115 2290 2222 2326 prout
2246 2280 2348 2316 incli-

1389 2329 1470 2366 nati
1484 2355 1493 2368 ,
1508 2329 1542 2365 8(
1554 2339 1722 2375 appetere
1738 2328 1838 2376 juffae
1849 2328 1928 2366 sunt
1940 2331 1959 2365 a
1973 2328 2107 2367 faetore
2137 2330 2350 2373 formarum.

1388 2378 1519 2417 Causae
1535 2380 1621 2415 vero
1637 2382 1776 2426 agentis
1791 2392 1855 2429 per
1870 2378 2087 2417 intellefi'tum
2115 2383 2148 2418 8(
2180 2383 2351 2419 volunta·

1389 2443 1462 2468 tem
1487 2457 1497 2473 ‚
1519 2429 1580 2467 etsi
1596 2429 1702 2467 finem
1718 2457 1729 2473 ,
1761 2434 1817 2469 vel
1831 2431 2010 2468 bonum'm
2026 2430 2058 2468 se
2071 2433 2163 2469 nolle
2182 2445 2252 2469 non
2269 2435 2350 2478 pof-

1389 2483 1454 2518 fint
1475 2494 1486 2522 3
1502 2482 1620 2517 valent
1634 2482 1865 2519 nihilominus
1880 2481 1968 2518 illud
1982 2494 2051 2518 non
2065 2484 2169 2526 velle,
2184 2484 2218 2519 8(
2235 2481 2347 2522 etiam

1389 2532 1501 2569 odiffe
1517 2532 1581 2567 alia
1596 2558 1607 2574 ,
1628 2543 1710 2579 quae
1723 2534 1767 2569 ad
1778 2532 1890 2580 ipsum
1904 2545 1966 2579 per
1982 2531 2012 2568 se
2026 2533 2161 2569 bonum
2176 2535 2347 2571 ordinan-

1386 2595 1448 2620 tur
1465 2598 1477 2625 ;
1494 2585 1583 2620 Non
1600 2581 1647 2617 est
1665 2584 1775 2626 igitur
1794 2585 1977 2632 proprium
1993 2595 2128 2619 naturae
2158 2585 2347 2623 rationalis

1388 2647 1496 2680 agere
1509 2644 1659 2680 propter
1679 2632 1787 2671 finem
1803 2662 1815 2678 ,
1835 2634 1935 2680 quod
1949 2643 2023 2669 erat
2035 2635 2284 2671 declarandum
2299 2662 2312 2672 .

1493 2683 1552 2721 Ad
1565 2695 1776 2727 argumenta
1793 2714 1803 2722 .
1821 2686 1881 2721 Ad
1898 2687 2054 2733 primum
2068 2685 2347 2729 dicimusmatu-

1390 2748 1465 2772 ram
1483 2747 1587 2781 agere
1602 2746 1745 2782 propter
1759 2737 1865 2772 finem
1881 2762 1892 2778 ,
1916 2735 1964 2772 est
1979 2735 2089 2783 ipsam
2104 2736 2146 2771 ad
2164 2739 2346 2785 propriam

1389 2785 1649 2834 perfef’tionem
1693 2786 1856 2824 inclinari
1892 2798 1937 2822 ex
1978 2785 2148 2822 instinflu
2191 2790 2316 2824 innato
2331 2815 2345 2832 ,

1389 2838 1454 2873 fibi
1475 2839 1519 2872 ab
1540 2836 1693 2873 authore
1719 2836 1960 2875 univetfitatis
1989 2849 2106 2873 rerum
2134 2838 2270 2874 indito.
2301 2841 2343 2876 Et

1387 2889 1469 2924 etim
1487 2886 1655 2922 subditur
1674 2900 1685 2928 3
1712 2901 1782 2925 non
1797 2888 1945 2925 induere
1956 2887 2060 2923 finem
2073 2890 2244 2926 rationem
2259 2901 2340 2925 cau.

1385 2936 1454 2981 sae,
1478 2937 1537 2973 nili
1557 2937 1595 2973 fit
1611 2941 1854 2988 praecognitus
1869 2965 1879 2980 ,
1902 2940 1935 2976 8<
1955 2940 2138 2976 intentus.
2160 2939 2338 2984 Dicimus,

1387 2988 1469 3024 satis
1486 2988 1553 3024 esse
1568 3015 1578 3030 ,
1597 3001 1637 3026 ut
1656 2990 1968 3036 praecognoscatur
1983 2990 2038 3025 vel
2052 2991 2096 3026 ab
2113 3001 2241 3035 agente
2255 3004 2337 3037 pro-

1385 3050 1466 3086 pter
1484 3038 1615 3082 finem3
1633 3041 1688 3076 vel
1706 3043 1751 3078 ab
1763 3041 1834 3076 alio
1845 3040 2033 3079 ordinante
2049 3053 2209 3077 naturam
2225 3042 2268 3076 ad
2282 3054 2338 3078 ta·

1385 3092 1452 3127 lem
1466 3089 1625 3133 finem&
1644 3091 1688 3127 fic
1706 3091 1740 3128 in
1753 3091 1834 3128 casu
1849 3093 2017 3128 evenire:
2044 3095 2139 3129 Nam
2153 3103 2260 3139 agens
2276 3105 2337 3128 na-

1385 3141 1502 3177 turale
1520 3142 1666 3188 praecise
1679 3142 1941 3179 consideratum
1956 3168 1965 3183 ,
1997 3155 2042 3178 ex
2060 3143 2258 3179 necestitate
2273 3170 2283 3185 ,
2297 3145 2332 3180 8(

1385 3202 1485 3239 aeque
1501 3203 1621 3236 ageret
1640 3219 1648 3234 ,
1667 3192 1687 3228 fi
1702 3192 1744 3228 ad
1760 3194 1898 3229 nullum
1917 3192 2024 3228 finem
2041 3204 2160 3239 ageret
2174 3206 2183 3229 ε
2199 3195 2235 3230 Si
2248 3207 2334 3240 ergo

1382 3255 1454 3279 non
1471 3243 1559 3290 agit:
1572 3242 1632 3277 nifi
1650 3254 1796 3289 propter
1812 3243 1918 3279 finem
1934 3270 1946 3286 ,
1968 3254 2006 3279 ut
2022 3243 2282 3280 declaravimus
2299 3247 2331 3281 in

1372 3292 1572 3341 solutione,
1596 3294 1759 3340 profesio
1771 3306 1816 3330 ex
1830 3294 1930 3330 coita
1948 3293 1987 3329 fit
2004 3322 2016 3336 ,
2045 3297 2130 3341 quia
2157 3294 2331 3340 dependet

1381 3346 1428 3380 ab
1441 3355 1569 3389 agente
1581 3355 1722 3379 amante
1737 3343 1844 3380 finem
1860 3370 1870 3380 .
1899 3348 2038 3382 Natura
2054 3347 2146 3381 enim
2171 3344 2219 3380 cst
2246 3346 2333 3382 ficut

1381 3394 1545 3441 quaedam
1562 3405 1619 3430 ars
1632 3395 1757 3430 divina
1770 3422 1779 3436 ,
1797 3394 1831 3430 8(
1848 3395 1929 3431 ideo
1945 3395 2135 3431 necessarii>
2151 3395 2335 3432 reducitur

1381 3445 1424 3481 ad
1442 3444 1660 3492 superiorem
1676 3455 1836 3481 naturam
1849 3444 1957 3492 cujus
1970 3445 2018 3481 est
2030 3457 2104 3482 ars.
2136 3446 2233 3494 Qia
2246 3458 2336 3493 ergo

1383 3495 1490 3532 finem
1507 3506 1579 3530 non
1593 3494 1778 3543 cognoscit
1792 3523 1804 3538 ,
1829 3496 1863 3531 8(
1880 3496 2108 3532 uniformiter
2121 3498 2192 3541 agit
2209 3523 2219 3538 ‚
2238 3508 2332 3546 opus

1381 3545 1444 3582 fibi
1459 3544 1508 3582 est
1525 3545 1593 3581 alia
1609 3545 1714 3582 causa
1733 3545 1912 3594 superiore
1930 3573 1940 3588 ,
1961 3549 1980 3581 ἓι
1996 3559 2067 3593 qua
2083 3547 2258 3591 dirieatur
2276 3574 2287 3583 .

1481 3595 1542 3631 Ad
1558 3594 1751 3632 secundum
1767 3596 1965 3644 respondeo
1977 3597 2208 3633 concedendo
2223 3625 2233 3641 ‚
2257 3609 2339 3641 ομ,

1382 3659 1465 3694 qua:
1478 3658 1541 3693 pet
1554 3658 1707 3683 mentem
1735 3646 2003 3691 sapientifimam
2035 3647 2196 3684 ordinata
2211 3650 2340 3685 dicun-

1391 3708 1451 3733 tur
1467 3724 1476 3739 ,
1493 3709 1596 3742 agere
1608 3709 1752 3745 propter
1766 3696 1871 3733 finem
1885 3697 2005 3733 abillo
2029 3700 2339 3745 praecognitum...

1390 3759 1500 3794 atque
1511 3759 1668 3783 amatum
1692 3775 1702 3791 ,
1729 3749 1761 3784 8<
1780 3750 1826 3784 ita
1839 3760 1883 3783 ex
1901 3759 2026 3784 eorum
2041 3749 2338 3795 imperil-&ioum

1383 3809 1486 3844 agere
1502 3809 1647 3845 propter
1662 3798 1768 3834 finem
1789 3824 1800 3839 ,
1821 3811 1931 3844 quem
1946 3801 2087 3835 minime
2100 3797 2333 3843 cognoscunt.

1382 3849 1522 3886 Etcum
1534 3849 1710 3889 infertur;
1735 3860 1822 3895 ergo
1837 3850 1957 3886 liceret
1974 3862 2108 3886 naturae
2125 3875 2135 3889 ‚
2151 3849 2252 3894 quod
2267 3862 2339 3887 non

1596 3901 1631 3939 Δ
1661 3909 1683 3934 z
2157 3910 2289 3936 conve-

2433 309 2466 340 l'n
2488 309 2617 351 prologo

2385 349 2528 387 metaphy.
2547 360 2574 379 n.
2584 363 2618 390 4.

2384 395 2413 421 4.
2424 387 2453 415 d.
2479 400 2525 422 49·
2535 398 2564 425 q.
2586 401 2615 421 ι.

2385 427 2410 455 6.
2431 426 2531 454 Tertia
2554 438 2615 457 con.

2384 463 2459 498 clario
2472 481 2482 497 ‚
2496 465 2524 492 8(
2537 473 2563 500 9.
2570 468 2615 500 Dg

2383 501 2511 531 Secunda
2521 519 2532 531 0

2384 1960 2414 1981 ι.
2427 1951 2457 1982 d.
2471 1961 2619 1990 25.9.me.

2384 1992 2463 2030 taph.
2475 2002 2504 2031 q·
2517 2004 2563 2031 ις.

2381 2867 2408 2889 t.
2419 2859 2482 2890 dist.
2496 2869 2559 2901 Μ.
2581 2868 2612 2895 t..

2377 2902 2402 2931 ᾗ.
2413 2900 2524 2939 Ossenfia
2535 2900 2614 2939 effe)

2372 2938 2424 3005 ‘a'
2430 2939 2613 3006 proprietati·

2370 3250 2459 3281 Dos-l·
2481 3257 2526 3281 τι.
2546 3259 2611 3283 πιεο·

2368 3291 2446 3356 tajih.
2455 3290 2611 3337 ⁶³¹¹,2st-4·⁶.
2652 3326 2653 3329 Ἴ

2368 3332 2390 3357 A
2437 3331 2599 3374 ultumum„

2363 3368 2486 3408 printtp·

2414 3762 2470 3792 Ubi
2492 3761 2568 3801 supra
2581 3763 2610 3793 0·

2379 3802 2451 3831 Item
2461 3800 2608 3840 arguitur·
2621 3804 2627 3814 ¹
