2602 4011
126 155 199 191 Q:
214 152 275 180 fiint

1 195 3 199 ⁴
33 215 35 218 .
77 191 209 227 explicite
222 199 279 218 cre.

44 229 47 256 ὦ
78 229 169 257 denda
182 229 282 256 aPrae·

79 267 142 294 satis
158 286 167 300 ‚
179 275 275 304 quaeve

42 327 44 340 A
81 303 226 334 aSubditi's
236 323 246 335 .

918 120 1077 171 Tomus
1109 124 1192 176 III.
1222 129 1415 178 Secunda
1431 133 1658 181 Secunde}

309 188 548 237 explicitum,
572 188 606 224 32
634 192 790 226 maxime
817 190 979 237 respenu
1004 194 1147 230 illorum
1176 207 1256 242 quar

311 240 392 275 snn't
407 250 514 286 captu
532 238 646 274 facilia
659 266 670 281 ,
687 251 799 288 atque
814 243 933 278 cuivis
946 244 1052 279 obvia
1065 270 1078 285 ,
1106 246 1159 280 uti
1175 245 1255 283 sunt

309 291 499 329 Christum
511 299 637 324 natum
649 289 740 333 esse,
767 293 802 329 8(
819 292 951 339 passum
966 320 977 335 ,
1003 295 1122 341 aliqua
1142 295 1189 331 ad
1203 309 1257 333 re-

308 343 553 391 demptionem
568 341 782 388 pertinentia
797 367 813 385 ‚
838 344 876 379 8(
891 354 931 380 ea
961 355 1042 390 quae
1055 348 1258 382 communi-

311 400 367 432 ter
377 391 615 442 praedicantur
628 389 663 426 in
691 393 844 431 Ecclesia
869 395 904 431 8(
935 394 1077 443 speciali
1108 397 1178 433 ritu
1200 396 1256 432 so·

311 444 557 484 iemn'rzantur
569 467 579 476 .
593 440 724 489 ltaque
733 456 857 482 omnes
868 448 1018 482 omnino
1031 456 1199 483 tenentur
1213 442 1266 482 ad*

311 498 470 545 al³quem
482 493 602 528 &Rum
617 494 831 540 explicitum
846 508 912 545 pro
927 497 1120 543 aliquando
1135 524 1146 539 ,
1163 498 1196 533 8(
1210 497 1256 533 ad

287 577 296 586 ,
315 548 401 584 alios
415 546 449 580 in
465 543 626 589 generali
640 568 652 585 ,
674 546 842 583 nimirum
858 546 900 583 ad
911 547 1130 584 credendum
1151 549 1253 594 quod

310 595 463 636 Ecclesia
479 593 592 630 credit
607 619 618 629 ·
629 594 699 633 Sed
713 597 756 632 ad
771 599 889 634 omnia
904 598 1074 648 explicite
1104 597 1255 633 creden-

312 647 356 683 da
369 656 539 683 tenentur
553 643 710 691 majores
725 651 761 684 in
773 647 924 684 Ecclesia
937 675 948 690 ‚
968 649 1033 696 qui
1052 647 1254 696 praeficiun-

309 709 371 737 rur
394 697 472 734 aliis
500 724 509 737 ,
552 696 702 744 illosque
723 699 762 736 in
782 698 852 735 fide
880 698 1056 734 instruere
1083 709 1256 734 tenentur

310 749 425 785 verbo
436 748 625 791 veritatis,
646 749 680 784 &
696 750 864 798 exemplo
885 747 1085 784 honestatis
1113 774 1122 784 .
1148 747 1191 785 Et
1209 748 1254 786 de

311 799 370 835 his
391 798 554 845 loquitur
579 799 812 846 Augustinus
834 827 848 843 ,
887 812 939 846 ¹4-
953 799 998 835 de
1010 800 1111 835 Trin.
1125 810 1200 848 cap.
1225 812 1256 836 i.

314 847 458 887 mliud
468 849 516 896 est
528 875 539 890 ‚
565 849 733 895 inquiens
749 878 760 893 ,
768 849 872 894 fiir-e
881 848 1119 885 tantummodo
1132 877 1143 893 ‚
1165 851 1256 898 quid

311 898 409 936 homo
422 899 565 935 credere
577 898 704 935 debeat
715 909 856 947 propter
866 898 1125 948 adipffcendam
1139 903 1253 938 vitam

315 948 455 985 beatam
469 973 482 992 ‚
500 948 857 997 quaenonnist'aeterna
871 952 927 987 ef?
940 965 952 992 ;
979 950 1084 986 atiud
1094 953 1143 999 est
1155 951 1254 999 scire

314 999 607 1049 quemadmodum
618 1000 676 1034 hoc
687 1001 799 1047 ipsum
812 1001 858 1043 ὠ·
867 1004 936 1048 piis
961 1001 1159 1049 opituletur
1176 1029 1186 1045 ,
1209 1001 1254 1040 ὤ·

313 1058 436 1086 contra
445 1052 567 1098 impios
581 1049 795 1096 defendatur
810 1078 819 1088 .
830 1051 943 1099 Quod
955 1051 1004 1087 est
1021 1051 1199 1097 majorum
1217 1054 1253 1088 in

312 1100 466 1137 Ecclesia
486 1114 498 1142 ;
523 1100 626 1136 aliter
641 1101 715 1137 cito
726 1101 891 1137 deficeret
918 1101 1004 1138 fides
1028 1102 1254 1149 simplicium.

314 1149 477 1196 Maiores
488 1152 599 1198 igitur
608 1152 671 1197 qui
682 1151 771 1187 alios
783 1152 951 1188 instruere
963 1163 1258 1199 tenentur30por.

313 1211 365 1238 tet
389 1201 458 1237 fide
485 1201 655 1246 explicita
680 1203 813 1248 pollere
835 1202 880 1237 de
903 1204 1075 1240 omnibus
1086 1230 1097 1246 ‚
1125 1215 1165 1239 ac
1190 1215 1258 1249 pro

313 1262 476 1299 tempore
492 1278 504 1294 ‚
526 1251 586 1286 illa
603 1262 685 1297 quae
699 1252 872 1289 credenda
891 1251 970 1289 sunt
986 1255 1066 1292 aliis
1096 1255 1259 1304 explica-

313 1300 468 1349 rejuxea
478 1299 718 1351 capacitatem
734 1304 957 1349 singulorum
971 1329 980 1340 .

478 1402 986 1442 ARTlCULUS
1035 1405 1106 1443 vi.

309 1506 447 1544 Utrum
458 1517 584 1545 omnes
595 1506 779 1552 :equaliter
789 1515 979 1541 teneantur
998 1506 1042 1543 ad
1055 1503 1260 1543 habendam

597 1555 705 1593 fidem
720 1554 925 1604 explicitam
944 1581 955 1591 .

405 1659 544 1697 Doffor
558 1669 592 1705 3.
608 1658 696 1695 diff.
714 1666 773 1702 ις.
785 1669 818 1704 q.
831 1667 861 1693 ιμ
878 1669 899 1692 a
911 1669 944 1692 n.
957 1668 993 1701 ⁷-
1009 1657 1163 1705 &se-qq.

517 1710 563 1747 S.
584 1709 703 1746 Thom-
722 1717 758 1745 2.
770 1718 804 1745 2.
821 1721 854 1758 q.
873 1719 907 1743 α.
919 1717 990 1744 art.
1006 1710 1042 1743 6.

306 1812 346 1887 Ἴ
375 1814 393 1864 Ῑ
427 1814 704 1850 {dentur-omnes
724 1811 907 1856 aequaliter
927 1809 1038 1844 teneri
1067 1808 1109 1843 ad
1121 1806 1256 1843 haben·

435 1866 513 1900 dam
526 1862 632 1899 fidem
649 1861 856 1909 explicitam
888 1887 898 1897 .
929 1861 1068 1895 Etenim
1089 1858 1109 1891 si
1125 1858 1257 1906 dispari

304 1916 414 1954 modo
428 1916 462 1951 in
476 1914 558 1957 his,
580 1924 690 1959 atque
712 1912 778 1946 illis
806 1910 917 1957 posset
943 1909 1131 1945 consistere
1153 1908 1257 1951 fides,

304 1966 503 2003 secundum
517 1964 609 2000 dista
622 1972 694 1998 art·
707 1962 930 2006 praecedenti.
948 1959 978 1994 8(
995 1961 1168 2007 {imputes
1182 1966 1256 1994 non

303 2026 513 2054 tenerentur
529 2015 571 2050 de
584 2012 782 2049 necessitate
797 2011 917 2047 saiU'iS
932 2013 1052 2047 omnia
1069 2011 1254 2046 credibilia

303 2067 522 2114 explicite&
553 2062 717 2100 distinete
745 2061 917 2102 credere3
945 2063 1053 2106 igitur
1072 2060 1254 2108 'simplices

303 2129 414 2165 nque
427 2116 532 2151 rudes
557 2126 629 2150 non
657 2123 826 2148 tenentur
839 2113 1034 2159 quemlibet
1059 2122 1256 2147 errorem-1

303 2168 519 2207 contrarium
532 2165 692 2199 articulis
705 2173 832 2198 civere
848 2176 859 2204 3
883 2174 955 2197 non
969 2162 1063 2198 enim
1086 2171 1256 2197 tenentur

303 2218 507 2267 oppositum
522 2216 616 2250 illius
630 2213 820 2253 declinare,
834 2210 942 2255 cujus
956 2211 1163 2257 oppositum
1183 2223 1255 2247 non

305 2279 470 2307 tenentur
483 2263 670 2313 agnoscere
689 2260 1046 2309 ;aiqueitas1mplici
1069 2261 1201 2295 labenti
1219 2263 1255 2295 in

307 2329 462 2357 errorem
484 2343 496 2360 ‚
522 2314 578 2351 vel
593 2312 748 2349 bxi-esim
775 2323 847 2348 non
858 2310 940 2348 esset
971 2310 1184 2357 imputabile
1212 2310 1256 2346 ad

306 2372 445 2419 culpam
464 2394 473 2403 .
892 2395 893 2398 ,

409 2419 610 2459 Praererea,
633 2413 818 2451 sisufficiat
845 2413 1066 2461 simplicibus
1092 2411 1257 2449 habere„

305 2470 411 2509 fidem
427 2470 633 2516 explicitam
646 2465 690 2502 de
705 2465 888 2513 aliquibus
905 2463 1088 2501 credendis
1100 2489 1112 2506 ,
1141 2464 1173 2499 8(
1190 2464 1258 2499 im·

307 2523 467 2573 plicitam
481 2521 526 2556 de
538 2520 643 2558 aliis;
671 2519 783 2563 igitur
810 2517 833 2553 fi
849 2517 935 2561 ille,
963 2514 1070 2561 cujus
1097 2513 1145 2551 est
1168 2515 1256 2552 alios

306 2573 449 2612 erudire
464 2598 473 2613 ,
501 2569 708 2619 praedicaret
723 2569 757 2604 &
773 2578 988 2615 proponeret
1004 2565 1140 2612 aliquid
1157 2563 1257 2602 essm

307 2621 538 2662 credendum,
554 2617 653 2667 quod
672 2619 813 2654 interim
826 2615 906 2653 esset
920 2617 1002 2652 fidei
1015 2617 1256 2658 contrarium,

305 2674 419 2723 posset
448 2673 593 2718 simplex
616 2668 729 2704 homo
758 2669 854 2704 licite
884 2669 1062 2703 adriaerere
1084 2666 1256 2703 doarium

305 2727 401 2762 illius
425 2722 602 2759 credendo
629 2731 816 2766 tamquam
831 2729 959 2755 verum
979 2718 1112 2763 aliquid
1129 2717 1254 2754 falsum

306 2778 341 2814 8(
360 2785 550 2811 erroneum
569 2784 580 2812 3
608 2769 697 2807 soret
716 2768 861 2818 proinde
873 2771 956 2805 talis
971 2780 1042 2803 una
1057 2768 1175 2805 fidelis
1189 2795 1202 2811 ‚
1219 2770 1254 2805 8(

304 2826 460 2864 infidelis
490 2850 499 2859 .
531 2821 664 2859 Fidelis
694 2822 839 2869 quidem
857 2847 868 2864 ‚
895 2821 981 2868 quia
1011 2830 1082 2855 non
1112 2829 1256 2856 tenetur

305 2877 424 2913 aetum
438 2874 653 2923 explicitum
670 2872 801 2909 habere
815 2870 857 2907 de
872 2869 1026 2906 articulo
1052 2872 1252 2911 contrario;

305 2927 460 2964 infidelis
483 2937 571 2962 vero
589 2950 599 2966 ,
624 2923 709 2971 quia
739 2921 849 2959 credit
878 2921 946 2961 esse
977 2932 1127 2965 verum,
1152 2921 1254 2969 quod

303 2977 414 3030 reipsa
431 2975 513 3014 fidei
527 2986 701 3023 repugnat
716 3000 726 3010 .

405 3027 590 3069 Praeterea,
610 3025 767 3072 Majores
779 3025 814 3060 in
829 3024 982 3060 Ecclesia
995 3035 1067 3060 non
1083 3033 1251 3061 tenentur

302 3080 470 3128 explicite
504 3077 649 3113 credere
674 3077 785 3124 magis
825 3086 935 3121 quam
971 3075 1029 3110 alii
1072 3076 1227 3110 minores
1240 3102 1249 3110 .

300 3130 443 3169 Etenim
457 3129 501 3164 de
515 3127 714 3164 necessitate
738 3125 860 3162 salutis
888 3136 958 3160 non
984 3135 1129 3162 tenetur
1157 3137 1250 3161 unus

302 3183 384 3231 plus
398 3191 508 3227 quam
524 3178 614 3214 alius
628 3177 690 3215 nisi
703 3177 744 3212 ad
757 3178 860 3225 plura
871 3176 1074 3220 obligetur3
1091 3174 1160 3213 Sed
1178 3187 1248 3212 non

301 3232 482 3276 obligatur
494 3230 594 3265 aliter
607 3227 648 3263 ad
667 3227 883 3264 credendum
895 3225 1010 3272 major
1024 3251 1035 3267 ‚
1055 3239 1164 3272 quam
1184 3227 1252 3262 mi-

302 3292 368 3317 nor
379 3282 416 3315 iri
429 3278 589 3316 Ecclesia:
606 3280 744 3316 Omnes
759 3277 853 3314 enim
864 3277 1071 3323 obligantur
1083 3278 1117 3312 in
1129 3277 1252 3324 Bapti-

301 3331 378 3367 smo
392 3330 435 3365 ad
449 3329 683 3372 credendum,
695 3329 758 3364 ubi
773 3328 890 3363 minor
905 3327 1087 3373 aequaliter
1101 3326 1252 3363 adstrin-

303 3381 422 3428 gitur3
437 3380 548 3424 igitur
561 3391 630 3414 non
646 3378 759 3425 magis
771 3376 938 3426 explicite
951 3387 1096 3413 tenetur
1106 3377 1251 3416 credere

303 3442 397 3470 unus
410 3456 422 3473 ,
449 3440 557 3475 quam
572 3429 662 3465 alius
674 3455 685 3465 .

402 3479 555 3521 Contra,
567 3478 671 3524 Mag.
686 3487 757 3528 cap.
771 3488 807 3515 2.
820 3480 882 3515 cit.
898 3475 1118 3526 difl.3.Job.
1142 3478 1250 3514 nno-

302 3542 367 3569 νει
391 3531 534 3567 arabant
549 3555 560 3572 ,
584 3529 618 3565 8(
636 3530 753 3567 Asine
778 3529 1015 3578 pascebantur
1043 3527 1147 3574 juxta
1169 3539 1248 3571 eos3

304 3581 488 3631 Simplices
504 3579 547 3619 ὠ·
559 3582 707 3615 minores·
712 3579 800 3627 sunt
810 3579 909 3626 afinae
920 3579 1249 3627 pas'centesjuxtae...

305 3633 408 3671 boves
425 3644 436 3672 ς
452 3633 536 3679 quia
553 3630 758 3669 bumilitate
773 3629 963 3675 majoribus
974 3629 1196 3672 adherendo,
1211 3634 1249 3666 in

303 3682 465 3734 mysterio
485 3681 679 3719 credebam
688 3708 700 3726 ,
714 3693 789 3731 quae
804 3683 850 3727 <fi-
861 3682 917 3719 illi
929 3684 968 3719 in
979 3682 1136 3731 mjsterio
1149 3679 1250 3718 doce·

299 3737 387 3774 bant
403 3759 413 3768 .

404 3781 618 3833 Respondeo
632 3783 837 3830 dicendum,
852 3781 1012 3830 Major-es
1025 3783 1059 3821 8(
1077 3783 1248 3821 Praelatos

1329 201 1365 236 in
1379 199 1530 236 Ecclesia
1541 204 1692 237 omnino
1703 211 1873 249 oportere
1889 208 1948 243 lon
1956 218 1999 254 ge
2011 155 2272 256 talmatii-{licr-

1330 262 1366 287 te
1378 251 1523 286 credere
1536 277 1548 293 ,
1576 263 1617 287 ac
1634 252 1806 297 simplices
1820 255 1852 290 8(
1870 257 1975 292 rudes
1990 283 1999 290 .
2014 261 2058 295 Et
2079 262 2272 296 declaratio

1331 302 1492 348 exposita
1507 300 1556 337 est
1571 301 1723 338 articulo
1734 304 1970 350 praecedenti.
1989 309 2041 344 Ex
2054 321 2130 356 quo
2145 314 2270 348 enim..

1332 351 1488 398 majores
1500 353 1575 389 aliis
1589 351 1668 389 sunt
1682 354 1856 400 praepositi
1869 380 1880 396 ,
1892 357 1994 401 plane
2006 358 2084 395 illos
2095 359 2272 397 instruere

1332 412 1501 439 tenentur
1516 402 1558 437 de
1573 402 1772 440 necessariis
1783 404 1826 439 ad
1839 403 1990 442 salutem
2001 432 2013 448 ,
2040 410 2097 444 nisi
2112 412 2205 446 enim
2219 413 2272 447 illi

1331 452 1466 488 assiduo
1477 451 1592 488 studio
1604 454 1849 490 incumberent
1876 455 2080 492 erudiendis
2105 460 2273 506 simplici-

1332 505 1401 539 bus
1412 504 1523 538 verbo
1548 505 1710 541 veritatis
1730 505 1802 540 cito
1814 503 2004 541 admodum
2017 507 2171 551 ipsorum
2186 511 2272 547 fides

1330 552 1698 591 deficeret.Tenentur
1710 556 1820 601 igitur
1833 553 1992 600 Major-es
2002 557 2045 591 ad
2057 559 2274 597 credendum

1331 604 1443 649 magis
1455 604 1627 651 explicite
1645 631 1655 646 ,
1683 607 1716 642 &
1735 605 1779 640 ad
1796 606 1981 641 veritatem
1999 608 2190 655 Scripturae
2202 624 2275 647 ma·

1330 656 1386 700 gis
1402 655 1686 701 intelligendam,
1697 668 1804 703 quam
1822 656 1996 703 {implices
2009 683 2022 699 ,
2033 659 2168 704 quibus
2187 661 2276 698 Prae-

1329 705 1523 752 positorum
1541 705 1684 743 suorum
1710 718 1821 756 opera
1846 707 1881 743 &
1909 705 2053 744 scientia
2067 707 2115 744 est
2142 712 2276 759 plant,

1328 753 1517 793 necessaria
1536 782 1546 791 .

1432 807 1570 842 Deinde
1583 807 1626 844 ad
1641 806 1724 844 fidei
1738 806 1855 844 aetum
1879 807 1954 844 duo
1976 807 2168 846 necessario
2192 823 2277 847 con·

1331 866 1482 891 currunt
1494 882 1505 897 ‚
1532 869 1657 903 nempe
1670 859 1704 893 &
1719 856 1802 892 fidei
1814 858 1959 895 babitus
1975 859 2207 897 determinate
2224 863 2280 897 in-

1331 906 1469 940 clinans
1482 906 1517 941 in
1530 918 1654 942 verum
1671 932 1682 947 ,
1705 908 1737 942 8(
1754 906 1826 952 ipsa
1839 910 2022 945 credibilia
2035 911 2153 957 aliqua
2169 913 2279 948 ratio-

1331 966 1374 990 ne
1387 954 1585 1002 praesentia.
1601 956 1797 992 Credibilia
1814 969 1932 996 autem
1949 971 2021 995 non
2035 958 2114 996 sunt
2128 961 2280 1009 praesen-

1331 1006 1380 1040 tia
1396 1005 1431 1039 in
1446 1004 1569 1040 habitu
1581 1032 1593 1049 ‚
1607 1006 1689 1042 ideo
1706 1007 1902 1054 requiritur
1912 1009 2038 1046 doetor
2049 1036 2060 1051 ‚
2083 1013 2148 1059 qui
2159 1013 2279 1059 aliqua

1333 1055 1470 1091 ratione
1485 1055 1606 1091 eadem
1618 1067 1817 1104 proponat,
1834 1070 1944 1106 atque
1955 1061 2112 1107 explicet
2127 1089 2136 1102 .
2166 1064 2197 1099 ls
2211 1066 2279 1098 do·

1333 1105 1412 1142 Εὶοι·
1423 1116 1484 1141 aut
1497 1106 1545 1142 est
1562 1109 1660 1142 Deus
1671 1133 1682 1149 ,
1693 1118 1755 1142 aut
1767 1109 1897 1154 aliquis
1909 1111 2001 1147 alius
2017 1138 2028 1153 ,
2054 1114 2117 1159 qui
2130 1125 2279 1161 accepe-

1332 1156 1376 1192 rit
1388 1155 1563 1193 credenda
1580 1168 1641 1202 per
1654 1156 2089 1211 revelationem.Qiibet
2101 1164 2210 1208 igitur
2223 1174 2277 1199 te-

1332 1217 1442 1243 netur
1452 1207 1497 1241 ad
1512 1218 1568 1243 tot
1583 1207 1757 1244 credenda
1775 1219 1819 1242 ex
1830 1208 1973 1251 habitu,
1987 1223 2076 1258 quor
2093 1213 2280 1249 credibilia

1330 1256 1414 1292 sunt
1428 1257 1492 1293 sibi
1507 1258 1664 1294 revelata
1678 1260 1723 1294 ab
1736 1257 1812 1293 aliis
1825 1258 2019 1297 scientibus
2054 1262 2152 1298 Cum
2165 1264 2279 1307 igitur

1331 1306 1516 1353 Majorum
1533 1310 1566 1345 8(
1585 1309 1817 1345 Praelatorum
1833 1312 1869 1345 in
1886 1312 2034 1348 Ecclesia
2051 1313 2089 1348 fit
2104 1312 2279 1360 simplices

1330 1358 1394 1394 sibi
1410 1356 1590 1404 subjeeios
1602 1359 1730 1396 docere
1741 1385 1752 1402 ,
1768 1359 1891 1408 eisque
1906 1362 2079 1400 credenda
2095 1375 2277 1410 propone-

1331 1421 1368 1445 re
1390 1434 1401 1450 ,
1414 1410 1562 1445 evidens
1573 1409 1624 1446 est
1642 1437 1654 1454 ,
1669 1420 1833 1458 oportere
1846 1411 1924 1446 illos
1935 1413 2042 1458 longe
2056 1414 2156 1461 plura
2173 1413 2275 1458 scii-e,

1327 1460 1363 1496 8(
1376 1461 1547 1507 explicite
1559 1461 1704 1497 credere
1717 1489 1727 1503 ,
1742 1473 1850 1508 quam
1864 1461 2051 1501 inferiores
2066 1492 2075 1500 .

1434 1511 1493 1550 Ad
1509 1523 1718 1558 argumenta
1732 1537 1742 1546 .
1758 1511 1814 1549 Ad
1825 1512 1979 1560 primum
1992 1514 2202 1561 respondeo,
2218 1527 2277 1552 ne.

1329 1562 1449 1611 gando
1461 1560 1750 1609 consequentiam
1766 1564 2018 1612 primamtquia
2033 1566 2184 1612 quilibet
2198 1565 2279 1602 sim-

1329 1615 1411 1662 plex
1423 1624 1565 1649 tenetur
1577 1624 1705 1649 cavere
1717 1623 1787 1648 non
1800 1611 1915 1649 solum
1927 1626 2071 1652 omnem
2084 1627 2277 1653 errorem..

1329 1665 1547 1700 contrarium
1559 1664 1720 1699 articulis
1735 1663 1904 1700 revelatis
1924 1691 1936 1708 ,
1951 1663 2006 1702 sed
2017 1667 2125 1702 etiam
2139 1678 2278 1704 omne„

1328 1714 1428 1762 quod
1442 1714 1492 1750 est
1505 1715 1727 1749 contrarium
1757 1713 1900 1749 veritati
1926 1714 2109 1764 scripturae
2136 1716 2278 1753 divinae.

1331 1769 1419 1804 Non
1438 1764 1548 1813 posset
1566 1765 1657 1799 enim
1685 1763 1815 1809 aliquis
1845 1766 2073 1810 pertinaciter
2099 1767 2280 1804 adbaerere

1329 1816 1511 1851 contrario
1526 1812 1678 1860 alicujus
1693 1815 1852 1850 veritatis
1864 1816 1899 1850 in
1912 1817 2026 1853 Biblia
2038 1842 2051 1859 ,
2063 1818 2151 1864 quin
2167 1818 2281 1855 haere·

1331 1867 1427 1902 ticus
1440 1863 1663 1910 judicaretur
1679 1889 1690 1899 .

1433 1918 1476 1953 Et
1491 1925 1573 1950 cum
1589 1915 1752 1960 arguitur
1763 1942 1771 1949 .
1790 1917 1877 1952 Non
1894 1926 2037 1954 tenetur
2052 1918 2134 1964 quis
2149 1928 2279 1957 cavere

1332 1976 1488 2003 errorem
1503 1992 1512 2007 ,
1536 1965 1598 2002 nisi
1612 1976 1774 2001 teneatur
1790 1966 1832 2000 ad
1846 1968 2014 2012 explicite
2030 1968 2280 2006 credendum,

1333 2015 1415 2063 ejus
1428 2018 1628 2064 oppositum
1641 2041 1650 2050 .
1666 2015 1881 2064 Responsio:
1893 2017 2163 2066 Consequentia
2181 2031 2282 2056 non...

1333 2079 1430 2104 tenet
1444 2094 1455 2109 ,
1480 2067 1567 2104 sicut
1585 2076 1683 2114 patet
1695 2068 1729 2102 in
1741 2066 1819 2102 aliis
1835 2069 2055 2110 moralibus;
2085 2074 2180 2108 Nam
2197 2071 2283 2117 qui-

1333 2119 1420 2154 libet
1435 2128 1578 2154 tenetur
1591 2128 1720 2152 cavere
1734 2127 1921 2163 peccatum
1934 2121 2101 2162 mortale,
2115 2121 2146 2158 8(
2162 2131 2281 2157 tamen

1334 2181 1406 2205 non
1419 2178 1564 2204 tenetur
1577 2166 1662 2202 scire
1677 2166 1711 2202 8(
1729 2167 1941 2213 cognoscere
1954 2169 2116 2208 distinete
2142 2172 2177 2207 in
2191 2182 2277 2218 quo-

1336 2231 1414 2255 nam
1430 2216 1543 2264 gradu
1561 2216 1727 2264 superbia
1746 2216 1783 2253 sit
1801 2230 1989 2265 peccatum
2023 2225 2171 2258 mortale
2186 2249 2197 2264 ,
2226 2223 2281 2258 ves

1334 2270 1418 2314 gula
1434 2294 1444 2309 ‚
1473 2269 1560 2313 quia
1587 2276 1651 2301 nec
1683 2266 1787 2302 multi
1826 2272 1964 2318 experti
1994 2272 2031 2307 in
2070 2271 2215 2310 scientia
2244 2273 2281 2309 id

1335 2316 1450 2355 sciunt
1467 2343 1477 2352 .

1439 2368 1535 2403 Dico
1548 2368 1657 2415 igitur
1672 2366 1874 2415 sic-Aliqua
1892 2371 1971 2408 sunt
1987 2383 2068 2418 quae
2083 2375 2281 2410 communi-

1334 2430 1388 2455 ter
1404 2419 1642 2467 praedi'cantur
1658 2421 1691 2455 in
1708 2419 1858 2456 Ecclesia
1875 2448 1886 2464 ‚
1899 2423 1933 2458 8(
1951 2421 2279 2472 ejusmodioportet

1335 2471 1511 2518 {implices
1526 2471 1693 2520 explicite
1707 2470 1849 2507 credere
1863 2499 1875 2515 ,
1905 2485 1943 2508 ut
1956 2474 2139 2510 Christum
2156 2486 2281 2511 natum

1334 2521 1401 2559 esse
1414 2523 1456 2557 de
1474 2523 1624 2568 Virgine
1656 2520 1771 2557 Maria
1787 2548 1797 2564 ,
1823 2523 2044 2559 crucifixum
2060 2550 2072 2566 ,
2099 2536 2282 2561 mortuum

1333 2584 1401 2621 pro
1412 2573 1655 2620 redemptione
1667 2574 1805 2621 generis
1816 2571 1963 2610 humani
1976 2601 1986 2618 ,
2012 2586 2029 2608 a
2045 2578 2198 2611 mortuis
2211 2587 2282 2610 ter-

1335 2624 1384 2658 tia
1403 2623 1459 2658 die
1473 2622 1717 2666 resurrexisse,
1729 2624 1819 2660 acin
1831 2624 1972 2660 Caelum
1985 2624 2281 2668 ascendisse‚alia-

1336 2685 1408 2721 que
1441 2672 1477 2707 id
1498 2685 1631 2720 genus·
1650 2675 1683 2708 si
1699 2684 1818 2709 autem
1835 2675 1973 2723 aliquid
1992 2675 2031 2711 sit
2047 2675 2282 2718 credendum,

1334 2723 1435 2769 quod
1453 2735 1569 2761 tamen
1586 2736 1655 2761 non
1673 2722 1889 2772 pra-,dicatur
1919 2726 2084 2762 universe
2111 2727 2147 2762 in
2161 2727 2283 2762 Eccle-

1336 2776 1382 2811 sia
1399 2802 1410 2816 ,
1439 2771 1540 2811 sedin
1553 2787 1627 2811 uno
1642 2775 1879 2811 determinato
1890 2776 1971 2812 loco
1984 2803 1994 2818 ,
2016 2789 2087 2812 non
2104 2776 2152 2812 est
2167 2774 2285 2812 neces-

1336 2826 1464 2862 sarium
1482 2826 1628 2873 simplici
1658 2824 1801 2861 credere
1831 2826 1922 2861 illud
1946 2826 2159 2863 adhaerendo
2172 2826 2284 2861 firmi·

1335 2888 1389 2913 ter
1403 2876 1465 2911 tali
1476 2875 1716 2924 complexioni
1727 2886 1912 2923 tamquam
1925 2888 2056 2918 certae3
2080 2878 2153 2912 imo
2163 2875 2282 2912 neces-

1335 2927 1464 2963 sarium
1481 2927 1530 2963 est
1545 2929 1594 2963 illi
1610 2937 1681 2963 non
1696 2927 1888 2970 adbaerere,
1900 2927 2138 2974 quoadusque
2152 2926 2233 2962 sciat
2249 2926 2283 2961 id

1334 2980 1380 3015 ab
1392 2979 1546 3015 Ecclesia
1573 2978 1767 3025 approbari
1795 2989 1969 3025 tanquam
1984 2990 2110 3014 vetum
2127 3003 2139 3020 ,
2152 2989 2227 3024 quo
2241 2976 2283 3012 si-

1328 3029 1373 3066 ·bi
1389 3028 1544 3065 constito
1558 3037 1700 3064 tenetur
1714 3028 1747 3063 ei
1762 3027 1910 3065 firmiter
1933 3029 2109 3064 adbaerere
2142 3041 2153 3068 ;
2179 3030 2283 3076 Q-

1334 3079 1564 3117 madmodum
1580 3077 1615 3113 8:
1629 3080 1664 3114 in
1675 3080 1893 3121 moralibus,
1912 3091 2028 3126 quum
2047 3077 2211 3114 incidunt
2234 3078 2283 3112 al·

1333 3131 1551 3167 tercationes
1566 3128 1609 3164 de
1624 3130 1748 3175 aliquo
1764 3140 1927 3176 peccat03
1941 3129 2088 3175 quando
2103 3129 2216 3174 primo
2233 3128 2280 3163 est

1332 3181 1618 3223 mortale‚tutum
1628 3179 1676 3215 est
1690 3189 1761 3214 non
1777 3179 1965 3226 procedere
1977 3177 2081 3225 juxta
2095 3189 2282 3220 unam,aut

1333 3233 1476 3267 alteram
1488 3230 1695 3277 opinionem
1709 3255 1719 3270 ,
1745 3229 1801 3265 sed
1817 3229 2003 3277 expeliiare
2018 3228 2209 3274 quousque
2222 3241 2283 3264 ve-

1333 3283 1420 3318 ritas
1438 3279 1581 3317 aliunde
1593 3291 1724 3328 pateat.
1739 3281 1776 3317 Si
1789 3279 1883 3315 enim
1896 3292 1990 3317 unus
2005 3278 2145 3315 Doaor
2157 3277 2283 3314 asserat

1333 3333 1491 3378 aliquem
1505 3341 1651 3378 peccare
1668 3331 1947 3371 mortalitermisi
1966 3333 2012 3366 ita
2028 3328 2060 3366 s'e
2074 3340 2207 3375 geram
2218 3330 2283 3364 lius

1333 3393 1422 3419 vero
1436 3392 1560 3417 contra
1573 3382 1740 3429 opinetur
1753 3408 1764 3424 ‚
1788 3380 1914 3418 debere
1926 3393 2108 3429 quemque
2125 3380 2229 3414 aliter
2250 3379 2284 3416 se

1332 3444 1455 3480 gerere
1466 3430 1646 3479 ejusmodi
1661 3433 1696 3469 in
1710 3431 1826 3472 Ειξὶος
1840 3442 1925 3467 tunc
1944 3432 2087 3477 simplex
2104 3429 2193 3464 foret
2207 3441 2285 3477 pcr-

1331 3483 1458 3531 plexus
1471 3509 1482 3520 .
1499 3481 1689 3531 Propterea
1706 3484 1795 3518 bene
1812 3482 2005 3518 videndum
2022 3481 2067 3517 est
2084 3482 2118 3514 in
2145 3481 2287 3516 morali·

1332 3536 1402 3570 bus
1416 3531 1623 3581 priusquam
1635 3533 1771 3579 aliquid
1789 3532 1936 3568 indubie
1952 3531 2122 3569 asseratur
2139 3555 2148 3564 ·

1435 3583 1494 3619 Ad
1508 3585 1650 3619 tertium
1663 3583 1870 3624 dicendum,
1884 3583 1996 3618 teneri
2012 3581 2154 3629 prorsus
2172 3579 2285 3627 majo-

1332 3645 1387 3671 res
1398 3633 1441 3668 ad
1457 3632 1674 3670 credendum
1686 3634 1872 3681 explicite,
1889 3633 1923 3669 8(
1942 3631 1985 3666 ad
2001 3634 2184 3667 veritatem
2204 3632 2288 3668 scri-

1331 3695 1446 3733 ptura:
1459 3685 1574 3728 magis
1590 3684 1854 3730 intelligendam
1868 3710 1878 3725 ,
1896 3695 1936 3718 ac
1955 3683 2127 3729 simplices
2141 3694 2287 3727 tenean-

1330 3745 1421 3776 tur3
1450 3735 1517 3771 Sed
1534 3745 1604 3770 non
1619 3736 1667 3770 ob
1684 3733 1826 3770 causam
1844 3736 1877 3769 in
1891 3744 2104 3779 argumento
2121 3735 2285 3774 auarum

1329 3785 1374 3822 de
1390 3784 1610 3834 susceptione
1627 3784 1815 3835 Baptismi3
1833 3783 1891 3821 sed
1907 3794 2096 3833 propterea
2109 3785 2207 3831 qums
2221 3796 2286 3818 cu-

2162 3845 2237 3869 raim

2367 192 2510 227 oportere

2311 227 2430 265 Majores
2447 233 2473 259 iu

2315 268 2436 297 Ecclesia
2450 272 2511 297 ,isu-

2314 312 2344 330 ra
2385 307 2513 343 explicite

2313 342 2426 371 credere
2440 363 2450 377 ‚
2460 347 2512 382 qui

2313 379 2449 418 simplices
2464 401 2472 411 .

2319 1914 2364 1943 ΕΩ
2380 1913 2519 1953 responsio

2320 1954 2364 1981 Ad
2388 1954 2518 1987 secunde,

2321 1992 2471 2030 obligatio
2484 1994 2518 2021 ad

2321 2037 2518 2059 ‹tenendum-³

2321 2069 2347 2096 in
2368 2072 2518 2107 plur-112,

2321 2114 2456 2141 extendit,
2468 2108 2519 2145 qui

2321 2148 2458 2185 obliSatio
2484 2148 2519 2174 ad

2320 2183 2462 2215 stimuum
2472 2200 2482 2211 ι

2319 2375 2393 2414 Qae
2425 2382 2521 2405 tenen·

2320 2423 2363 2442 tui·
2415 2415 2520 2453 simpli·

2318 2462 2363 2481 (ξς
2389 2460 2520 2492 explicite

2319 2493 2453 2525 credere.

2324 3085 2433 3123 Regula
2466 3095 2521 3114 no·

2323 3132 2407 3152 tauris
2422 3134 2446 3152 iu
2461 3128 2521 3154 Μο-

2321 3171 2424 3192 ‘anons
2437 3181 2446 3190 ο
