2628 4011
13 798 242 845 ils-Thomaepvt'.

13 846 114 875 smum
127 848 164 874 εἴ
177 853 237 873 ter·

12 883 110 920 titi-'usn
127 882 236 924 princi-

11 921 118 963 ilpale,
156 948 163 959 ὸ

21 1260 24 1287 i
33 1261 241 1306 &dist-uqa·

14 1999 17 2031 l
45 2049 48 2052 ,
76 2008 248 2058 Qodlibq.

14 2053 16 2092 ξ
47 2052 139 2078 Ῐ6·’”
162 2066 248 2094 argu-

14 2098 16 2121 l
42 2094 248 2134 'mv-princi-

14 2126 15 2165 }
40 2125 155 2164 paltbus
168 2134 198 2162 &
219 2143 252 2172 q,

14 2171 15 2200 j
45 2164 92 2191 18.
106 2167 131 2195 6.
146 2171 249 2213 Dese,

14 2208 15 2214 *
44 2203 147 2233 cunda.

618 117 790 171 Tamus
809 117 891 170 ῙΙῙ.
905 123 1035 174 Ρικνῖ.’ι
1062 124 1122 171 II.
1151 125 1344 198 Qaestt’o
1368 128 1560 181 LXXII.
1583 131 1688 184 Art.
1700 135 1755 183 V.

265 192 321 228 dat
336 216 346 226 .
365 189 454 237 [nsit
467 199 567 230 vera,
582 201 662 229 cum
670 190 803 237 sthi‚&¹
822 201 887 227 non
901 191 982 227 aliis
997 196 1226 235 nocenllanc

266 239 683 327 wizzi-flrisbntemiam
693 242 856 290 egregrie
881 241 1041 280 declarat
1068 244 1111 282 S.
1128 247 1220 285 Tho.

267 303 340 331 mas
381 303 414 327 ic
432 318 441 328 .

438 392 947 440 ARTICULUS
1007 395 1060 433 V.

326 502 464 541 Utrum
490 497 620 535 divisio
646 508 878 547 peccatorum
895 525 907 543 ‚
935 509 1019 545 quae
1045 496 1096 535 est
1119 498 1172 538 se-

375 550 536 590 cundum
550 560 704 594 reatum,
714 549 927 587 diversificet
943 549 1092 599 speciem
1108 571 1122 587 ·

324 651 457 690 Dofi’or
467 649 547 689 locis
559 652 599 690 in
618 653 779 700 margine
797 652 847 687 cir
863 663 873 687 t
900 652 943 688 S.
974 650 1124 691 Thomas
1144 663 1178 693 ι,

580 712 618 742 2.·
644 717 678 754 q.
703 714 766 752 72.
794 710 868 741 art.
895 712 931 748 ς.

389 802 510 840 {detur
521 803 900 855 divilio'peccatorum
919 832 928 846 ,
942 815 1025 851 quae
1046 804 1095 841 est
1119 812 1229 852 penes

398 866 536 891 reatum
562 870 747 905 poenarum
762 858 831 894 illis
843 855 1200 904 correspondentium
1218 880 1230 897 ,

265 908 437 945 inducere
451 906 650 956 specificam
664 906 1053 946 diverfitaiermetenim
1069 906 1235 946 mortale.

272 961 311 997 8<
335 958 478 993 veniale
496 957 543 994 fic
559 959 731 995 differunt
747 985 760 1001 ,
786 970 828 995 ut
854 959 997 995 illorum
1024 969 1127 1005 poena
1152 969 1227 993 ma-

273 1020 357 1047 neat
373 1018 528 1052 aeterna,
557 1009 628 1045 boc
641 1021 729 1046 vero
752 1009 969 1056 temporali,
995 1008 1143 1055 levique
1169 1019 1229 1044 ca-

275 1060 468 1105 stigatione
479 1061 646 1107 expietur
660 1086 670 1095 .
684 1061 775 1096 Fieri
789 1069 910 1095 autem
922 1070 993 1094 non
1021 1059 1136 1107 potest
1148 1085 1160 1102 ,
1184 1068 1226 1093 ut

275 1110 322 1147 ad
332 1110 481 1148 eandem
496 1109 646 1158 speciem
667 1112 867 1158 pertineant
883 1136 895 1151 ,
921 1121 1003 1155 quae
1029 1109 1226 1145 secundum

277 1172 467 1203 aeternum,
483 1162 518 1198 8(
537 1162 733 1211 temporale
748 1159 914 1197 differunt
931 1172 943 1200 ς
957 1172 1044 1207 ergo
1059 1170 1228 1208 peccato-

273 1225 357 1250 rum
371 1210 535 1261 specifica
550 1210 737 1248 diversitas
750 1210 950 1246 attenditur
971 1208 1079 1255 juxta
1105 1222 1227 1258 poena-

275 1275 358 1300 rum
375 1273 513 1300 reatum
529 1289 538 1298 .
559 1262 666 1298 Unde
681 1263 714 1298 8(
729 1259 896 1308 scriptum
909 1260 1042 1298 est.Pr0
1058 1259 1225 1308 mensura

272 1317 412 1365 peccati
423 1315 497 1349 erit·
509 1312 754 1362 &plagarum
769 1311 890 1348 modus
917 1314 1054 1348 Deuter
1083 1325 1092 1349 ε
1111 1322 1173 1358 25.

377 1366 548 1402 Praeterea
565 1391 577 1407 ,
607 1365 710 1402 Sicut
725 1362 827 1398 aelus
844 1362 990 1399 virtutis
1017 1362 1066 1399 est
1081 1362 1187 1398 laude
1214 1388 1228 1404 ,

277 1416 505 1467 praemioque
523 1415 654 1461 dignus
672 1441 682 1456 ‚
711 1417 761 1451 ita
776 1413 894 1449 aetum
922 1425 1072 1460 pravum
1101 1412 1226 1449 conse-

277 1468 408 1515 quitur
433 1466 655 1513 vituperium
682 1466 717 1502 8(
748 1476 872 1512 poena.
896 1465 1086 1502 Proemium
1103 1473 1223 1500 autem

278 1518 331 1554 est
345 1516 427 1553 finis
453 1515 558 1552 aetus
581 1515 727 1551 virtutis
743 1540 754 1556 ,
781 1526 864 1561 ergo
886 1515 920 1550 8(
953 1528 1054 1564 poena
1071 1514 1120 1551 est
1147 1513 1227 1551 finis

281 1567 384 1603 aetus
399 1566 632 1614 peccaminofi
648 1591 655 1601 .
671 1566 789 1611 Atqui
803 1575 949 1611 peccata
961 1566 1080 1614 specie
1100 1563 1225 1601 distin.

281 1627 449 1664 guuntur
466 1627 554 1664 ,pro
567 1615 693 1652 finium
709 1615 907 1652 eorundem
919 1616 1127 1652 diversitate
1144 1641 1156 1656 ,
1183 1627 1225 1652 ut

283 1676 353 1705 art.
373 1680 406 1714 ς.
437 1667 665 1713 explicatum
691 1665 759 1702 fuit
776 1692 786 1701 .
813 1667 910 1710 Ergo
939 1667 1126 1703 diversitas
1149 1678 1225 1702 rea-

279 1728 384 1755 tuum
400 1717 538 1752 inducit
555 1725 786 1762 peccatorum
813 1715 1074 1753 distinetione-m
1088 1743 1100 1754 .

384 1766 523 1802 Contra
545 1790 558 1807 ,
584 1776 688 1812 poena
714 1765 924 1812 rependitur
962 1768 1121 1815 peccatis
1149 1765 1224 1814 jam

280 1815 473 1853 commistis
486 1841 498 1857 ‚
511 1826 577 1850 nec
591 1827 609 1850 a
628 1816 881 1863 peccatoribus
896 1816 1096 1853 intenditur
1113 1831 1126 1858 3
1138 1830 1227 1864 ergo

280 1878 347 1904 nec
359 1878 484 1914 poena,
512 1877 578 1902 nec
604 1866 695 1902 ordo
709 1866 983 1914 ullusadipsam
1005 1895 1014 1910 ‚
1044 1867 1093 1904 est
1116 1868 1161 1904 de
1172 1880 1228 1904 ra-

280 1919 379 1954 tione
395 1917 564 1952 essentiali
577 1927 808 1964 peccatorum
822 1944 834 1960 ,
855 1929 922 1953 nec
937 1918 1089 1966 proinde
1105 1931 1151 1955 ex
1169 1920 1228 1956 illa

281 1967 515 2005 diversificari
534 1978 674 2014 queunt
700 1967 832 2015 species
845 1979 1074 2014 peccatorum
1090 1997 1098 2006 .

384 2017 622 2065 Respondeo,
638 2017 830 2055 dicendum
843 2020 1097 2066 peccatahaud
1113 2020 1229 2070 specie

281 2068 457 2114 distingui
478 2080 586 2115 penes
611 2081 795 2117 poenarurn
830 2081 965 2106 reatum
993 2070 1228 2110 Declaratio:

283 2119 482 2156 secundum
500 2117 746 2165 Augustinum
761 2129 798 2165 3·
810 2119 854 2156 de
869 2121 1044 2159 lib.arbit.
1057 2134 1123 2164 cap
1135 2149 1144 2158 .
1159 2123 1231 2165 pri-

283 2183 344 2208 mo
365 2195 374 2205 .
402 2171 530 2207 Motus
546 2182 613 2218 quo
628 2171 793 2208 voluntas
811 2173 1036 2208 convertitur
1059 2172 1127 2220 ntfi
1147 2171 1232 2221 effet

282 2221 510 2258 voluntarius
523 2247 533 2262 ‚
551 2221 596 2262 ὠ·
611 2223 650 2258 in
662 2221 783 2257 noflra
792 2220 917 2269 positus
941 2223 1119 2271 poteritate
1132 2251 1141 2266 ‚
1170 2237 1234 2260 ne·

282 2283 353 2321 que
367 2270 570 2308 laudandus
585 2299 597 2314 ,
612 2284 724 2320 neque
737 2273 933 2320 culpandus
943 2274 1040 2310 homo
1054 2275 1136 2322 efflet
1146 2300 1157 2317 ,
1170 2287 1234 2311 ne·

279 2334 350 2371 que
360 2321 549 2359 monendas
571 2333 581 2353 ἐ
599 2322 809 2360 monendum
820 2333 943 2360 autem
967 2326 1142 2362 hominem
1167 2337 1234 2363 uon

279 2373 367 2422 effi,
387 2374 549 2422 quifiquis
562 2373 743 2420 exislimat
771 2401 782 2417 ‚
812 2373 857 2410 de
884 2374 1064 2412 hominum
1087 2387 1232 2413 numero

281 2424 578 2461 exterminandus
593 2424 642 2471 est
659 2450 669 2460 .
683 2428 771 2462 Haec
786 2425 845 2460 ille
863 2451 872 2460 .
886 2424 1022 2462 Aaum
1040 2427 1149 2474 igitur
1163 2426 1232 2464 esse

279 2474 400 2518 agenti
417 2475 668 2523 imputabilem
682 2502 694 2518 ,
709 2475 759 2511 est
775 2474 888 2523 ipsum
902 2477 1094 2525 repositum
1110 2475 1178 2514 effe
1196 2478 1232 2513 iu

284 2524 397 2560 libera
414 2526 510 2561 illius
525 2525 699 2573 potestate
716 2552 726 2562 .
745 2526 801 2562 Ac
818 2538 1007 2574 propterea
1022 2529 1233 2577 imputabile

280 2574 373 2610 duos
388 2575 567 2621 respectus
582 2576 781 2624 importat:
806 2577 975 2614 Alterum
1003 2579 1047 2614 ad
1074 2578 1233 2626 potesta·

276 2634 349 2660 tem
364 2626 416 2660 vel
433 2625 634 2661 dominium
649 2627 788 2672 agentis
801 2639 816 2665 ,⁴
837 2628 989 2664 alterurn
1013 2641 1103 2665 vero
1124 2629 1168 2664 ad
1195 2629 1232 2665 id

274 2673 379 2721 quod
395 2674 490 2711 ablui
508 2677 587 2716 ‚vel
611 2677 734 2723 agenti
757 2677 1011 2725 correspondet
1035 2679 1230 2715 secundum

273 2723 453 2772 justitiam
475 2738 487 2766 3
502 2725 610 2772 idque
623 2737 771 2774 propter
798 2727 911 2775 ipsum
940 2729 1058 2766 aetum
1078 2743 1089 2770 3
1118 2730 1152 2766 8(
1181 2729 1231 2767 se-

275 2775 436 2811 cundum
453 2776 599 2823 quidem
617 2777 779 2824 sequitur
795 2778 838 2813 ad
851 2780 1006 2826 primum
1019 2793 1028 2816 ε
1041 2780 1228 2827 Qoniam

274 2825 511 2862 enimisteest
524 2826 692 2864 suiaaus
706 2827 875 2864 dominus
894 2856 906 2872 ,
931 2830 1015 2866 ideo
1041 2831 1161 2871 aestui,
1189 2833 1224 2869 8<

273 2876 394 2921 agenti
412 2875 565 2913 debetur
579 2877 714 2925 aliquid
734 2890 881 2927 propter
901 2880 1020 2917 aetum
1048 2881 1201 2918 eundern
1217 2908 1228 2919 .

274 2926 380 2963 Prior
403 2926 583 2971 respeftus
611 2929 664 2964 vel
700 2927 790 2963 ordo
817 2930 1017 2968 invariatus
1042 2943 1163 2968 manet
1191 2934 1224 2968 in

276 2976 387 3019 aclu,
415 2974 476 3013 seu
502 2978 541 3012 {it
571 2979 690 3015 bonus
707 3006 718 3021 ,
742 2977 799 3014 seu
824 2982 959 3023 malus3
981 2993 1015 3017 at
1046 2981 1223 3019 secundus

273 3028 463 3068 variatut;
478 3040 550 3063 non
566 3027 646 3066 sane
662 3029 854 3067 formaliter
876 3030 1069 3068 secundum
1088 3034 1222 3070 bonum

274 3079 331 3114 vel
346 3079 476 3114 malurn
493 3104 504 3120 ,
531 3078 588 3114 sed
617 3081 710 3117 subit
724 3081 958 3118 variationem
986 3082 1221 3131 pra-suppost-

274 3138 310 3163 ta
323 3127 521 3165 differentia
538 3130 648 3173 boni,
662 3132 715 3167 vel
728 3132 806 3165 mali
824 3159 834 3174 ,
849 3145 930 3178 quae
946 3133 1145 3169 attenditur
1158 3147 1220 3180 pe-

273 3191 338 3215 nes
350 3180 639 3218 convenientiam
656 3182 713 3217 vel
728 3180 998 3218 difformitatem
1013 3183 1056 3218 ad
1089 3183 1218 3220 reelam

272 3231 469 3271 rationem
483 3231 602 3278 sicque
614 3233 715 3268 aelus
729 3232 819 3268 alius
836 3260 846 3276 ,
868 3244 974 3279 atque
985 3234 1076 3270 alius
1097 3233 1145 3269 est
1169 3233 1221 3270 se-

271 3279 431 3315 cundum
445 3281 544 3326 quod
569 3281 638 3318 suae
656 3283 787 3328 regula:
812 3283 1009 3320 intrinsece
1032 3283 1219 3320 consenta-

271 3339 362 3365 neus
379 3341 437 3365 aut
451 3330 624 3368 difformis
642 3332 691 3368 est
708 3360 715 3369 .
735 3331 778 3370 Et
795 3336 927 3369 bonum
941 3334 1103 3381 profeflo
1122 3347 1220 3382 opus

270 3378 317 3415 fic
333 3378 382 3415 est
400 3378 542 3416 facienti
559 3382 771 3431 imputabile
782 3398 820 3422 ut
836 3385 878 3420 ad
892 3384 1033 3421 laudem
1053 3385 1112 3420 vel
1129 3397 1220 3431 proe-

270 3430 385 3464 mium
401 3430 600 3475 ordinetur,
613 3435 744 3470 malum
760 3447 846 3471 vero
857 3446 897 3471 ut
925 3435 1101 3484 vituperii
1116 3448 1218 3483 poena

271 3479 452 3528 pleftatur
465 3502 478 3517 .

373 3531 429 3565 Ex
450 3533 584 3577 quibus
609 3533 795 3569 evidenter
836 3534 973 3571 constat
997 3536 1219 3581 vituperium

273 3579 331 3613 vel
364 3591 503 3627 poenam
518 3582 614 3617 haud
633 3583 804 3619 inducere
817 3584 913 3632 posse
929 3584 1129 3631 specificam
1155 3587 1223 3623 dif-

273 3628 460 3665 ferentiam
476 3636 821 3678 peccatoruin:Nam
835 3635 924 3670 ordo
934 3634 1090 3671 afficiens
1103 3638 1222 3673 aetum

272 3679 384 3716 libere
401 3680 553 3726 positum
569 3707 579 3723 ,
593 3694 654 3728 per
667 3695 776 3730 quem
805 3684 922 3720 subest
947 3683 1095 3731 justitian
1121 3690 1226 3723 retri-

275 3730 401 3764 buenti
414 3755 424 3771 ,
441 3731 540 3778 quod
554 3731 615 3767 sibi
630 3744 691 3779 per
706 3733 822 3770 aflum
839 3735 992 3770 debetur
1012 3761 1021 3776 ,
1035 3737 1223 3782 isinquam

273 3778 364 3813 ordo
381 3782 435 3868 vTcl
452 3781 627 3866 respplstus
643 3809 651 3823 ‚
666 3781 827 3829 sequitur
851 3786 882 3819 ἃ
910 3784 1080 3821 fundatur
1097 3787 1131 3822 in
1145 3790 1227 3824 ac‘lu

418 3844 483 3866 wll·
564 3856 573 3866 n

2079 155 2171 199 241

1288 198 1334 235 de
1364 199 1473 235 libera
1499 201 1677 247 potestate
1704 202 1938 249 proveniente
1956 217 2043 252 ergo
2057 205 2127 254 jam
2143 210 2248 247 inve-¹

1292 251 1346 286 nit
1359 249 1480 286 adium
1492 252 1526 286 in
1543 249 1602 287 sua
1619 251 1730 300 specie
1742 252 2003 295 laudabilis‚vel
2017 258 2241 303 vituperabi-

1290 301 1336 336 lis
1352 300 1587 338 constitutum
1600 328 1611 345 ,
1625 313 1814 350 propterea
1830 305 1928 349 quod
1948 306 1986 341 sit
2008 306 2239 345 consentane-

1292 362 1360 394 us,
1373 351 1427 387 vel
1446 351 1606 390 dissonus
1624 354 1753 389 rationi
1767 353 1903 394 reem-3
1917 366 2004 401 ergo
2022 369 2086 392 nec
2117 371 2237 397 reatus

1292 412 1481 450 poenarum
1506 414 1567 439 aut
1596 405 1740 451 proemia
1767 406 1947 440 virtutum
1977 406 2160 451 efficiunt,
2195 422 2236 447 ut

1291 462 1439 500 peccata
1456 465 1517 490 aut
1533 455 1690 491 virtutes
1704 454 1817 502 specie
1841 454 2107 501 distinguantur
2125 472 2136 499 ς
2167 461 2237 496 Sed

1289 501 1435 551 praecise
1450 505 1518 540 iilis
1530 504 1602 550 jain
1618 505 1875 553 repraesentatis
1892 517 1954 551 per
1971 507 2115 542 liberam
2132 521 2239 555 agen-

1290 553 1338 589 tis
1350 554 1561 600 potestatem
1579 553 1703 600 ,juxta
1724 558 1864 603 regulas
1886 554 2035 602 justitiae
2052 584 2060 598 ‚
2087 558 2239 596 debetur

1293 606 1373 640 laus
1388 607 1444 640 vel
1461 607 1648 653 proemium
1662 633 1675 649 ,
1699 605 1757 643 seu
1775 607 1995 653 vituperium
2014 609 2068 643 vel
2089 621 2189 654 poena
2207 635 2217 645 .

1397 656 1537 692 Deinde
1551 658 1720 703 quamvis
1735 658 1971 705 probabiliter
1983 657 2050 692 dici
2062 659 2240 704 videatur,

1296 705 1397 742 aliud
1413 718 1484 742 non
1498 706 1566 743 esse
1581 710 1720 754 peccati
1738 719 1892 750 reatum,
1908 708 1968 742 nili
1986 709 2139 745 animam
2156 723 2238 757 quae

1298 758 1466 804 peccavit
1479 757 1609 804 passive
1619 759 1779 794 ordinari
1793 761 1834 793 ad
1853 758 2074 794 subeundam
2095 773 2235 807 poenam

1298 808 1377 852 lege
1390 807 1557 844 statutam
1570 834 1582 851 ,
1593 809 1694 857 quod
1711 821 1783 844 non
1795 809 1842 844 est
1856 810 1891 845 in
1906 819 2079 855 peccante
2091 812 2239 858 aliquod

1299 858 1392 894 reale
1411 884 1423 900 ,
1436 857 1491 895 sed
1505 860 1628 894 ralatio
1643 861 1815 902 rationis,
1841 862 2057 907 inquantum
2070 860 2118 896 est
2136 861 2241 908 obje-

1301 908 1401 951 &um
1418 910 1618 946 voluntatis
1637 910 1732 952 Dei,
1757 910 1960 946 ordinantis
1974 910 2089 957 ipsum
2104 913 2146 947 ad
2164 925 2239 955 Γω-

1296 970 1379 994 nam
1397 958 1730 1007 correspondentem
1749 972 1897 1008 peccato
1913 974 1925 1002 3
1947 962 2135 1008 &quidem
2156 961 2241 1008 jux-

1297 1019 1333 1044 ta
1359 1008 1570 1046 sententiam
1603 1009 1797 1055 Augustini
1823 1012 1977 1047 dicentis
2007 1013 2112 1058 super
2148 1013 2236 1049 iliud

1297 1059 1386 1107 psal.
1401 1072 1417 1105 3
1430 1072 1441 1095 t
1452 1085 1461 1094 .
1474 1060 1582 1097 Beati
1593 1073 1739 1107 quorum
1761 1061 1905 1108 remiſjae
1920 1060 2007 1106 sum
2026 1065 2240 1108 iniquitates·

1300 1111 1380 1152 ὡς.
1394 1111 1536 1149 Videre
1553 1113 1671 1148 Deum
1679 1120 1823 1159 peccata
1838 1139 1847 1154 ,
1876 1110 1925 1157 cst'
1941 1112 1988 1147 ad
2008 1121 2141 1159 poenam
2167 1117 2234 1150 im·
2260 1117 2477 1163 ·Ubi'supi·adi“l³3

1292 1169 1422 1206 putare
1441 1188 1449 1198 .
1467 1163 1674 1200 ess—vertere
1687 1173 1802 1200 autem
1810 1161 1945 1208 faciem
1959 1176 1979 1198 α
1994 1169 2158 1210 peccatis,
2174 1166 2234 1201 hoc
2272 1168 2319 1207 ².¹†
2333 1167 2362 1193 q.
2375 1197 2393 1222 „1
2417 1162 2473 1186 Μ’

1296 1212 1352 1248 efl
1365 1225 1405 1249 ea
1421 1214 1472 1250 ad
1477 1222 1611 1262 poenam
1628 1227 1692 1251 non
1703 1214 1891 1262 reservare
1907 1238 1915 1247 .
1934 1214 2033 1262 Qia
2052 1215 2231 1251 nihilomi—
2274 1196 2478 1271 {2³2ssssssssOE

1295 1275 1363 1299 nus
1380 1265 1733 1314 Sanfflidistinguete
1763 1263 1932 1300 videntur
1958 1265 2048 1300 inter
2073 1267 2234 1301 remiffio.
2273 1273 2323 1313 hac
2363 1274 2476 1301 Malitio

1296 1327 1378 1352 nem
1406 1318 1520 1364 culpae
1549 1316 1837 1364 cujuscumque,
1870 1327 1909 1352 ac
1927 1327 2034 1363 poenae
2052 1317 2084 1352 8(
2123 1319 2236 1352 maxi·
2270 1313 2367 1349 disput·
2385 1318 2473 1341 (Μ’-9·

1294 1378 1350 1402 me
1365 1368 1456 1404 inter
1468 1369 1698 1405 remiffionem
1713 1370 1827 1416 culpae
1841 1393 1850 1408 ‚
1873 1369 1905 1402 8(
1924 1367 2136 1404 solutionem
2166 1381 2234 1415 poe—
2271 1355 2441 1390 ⁰⁷“⁶‘s“p‘⁷
2451 1358 2482 1384 ι’

1295 1428 1348 1452 nae
1364 1417 1494 1454 debitae
1511 1419 1586 1454 illi-
1615 1421 1669 1455 Ex
1687 1420 1753 1455 hac
1770 1422 1897 1465 utique
1914 1420 2144 1465 probabiliori
2168 1419 2240 1456 sen.

1294 1469 1408 1505 tentia
1427 1467 1783 1515 sequitui-evidenter
1800 1469 1953 1515 spectare
1967 1469 2061 1504 bauai
2077 1469 2169 1515 po‘i‘e
2193 1470 2237 1505 ad

1295 1518 1520 1555 intrinsecam
1535 1531 1767 1567 peccatorum
1797 1518 2096 1566 specificationem
2126 1533 2237 1564 poenae

1295 1569 1407 1606 ullius
1419 1581 1555 1606 reatum
1571 1598 1581 1606 .
1595 1575 1690 1610 Nam
1704 1570 1878 1607 intellelfla
1897 1570 2092 1606 remiffione
2114 1571 2239 1618 cujus·

1294 1630 1455 1668 cumque
1468 1623 1608 1668 peccati
1629 1648 1639 1663 ,
1665 1621 1730 1656 stat
1752 1620 2022 1667 persolvendam
2068 1620 2135 1657 effe
2166 1635 2241 1669 poe·

1294 1681 1375 1705 nam
1391 1671 1546 1707 debitam
1563 1683 1629 1719 pro
1655 1683 1805 1719 peccato
1831 1696 1841 1702 -
1870 1671 1977 1707 Unde
2004 1671 2064 1706 etfi
2090 1675 2243 1707 venialia

1293 1721 1417 1766 quoad
1430 1722 1570 1767 culpam
1585 1723 1814 1758 remittantur
1826 1719 1930 1766 justis
1944 1723 1976 1757 in
1991 1721 2135 1758 instanti
2148 1735 2243 1758 mor-

1293 1771 1369 1813 tis,
1400 1772 1534 1807 intuitu
1560 1773 1838 1818 praecedentium
1862 1775 2095 1815 meritorum,
2122 1773 2242 1809 adhue

1295 1831 1414 1857 tamen
1429 1820 1644 1868 persoluturi
1659 1823 1737 1857 sunt
1752 1824 1788 1856 in
1810 1822 1937 1857 futuro
1972 1821 2093 1858 seculo
2119 1834 2244 1868 poenas

1295 1872 1508 1920 promeritas
1524 1883 1590 1919 pro
1614 1872 1706 1914 illis,
1730 1884 1802 1907 non
1839 1869 1938 1906 secus
1955 1898 1964 1911 ‚
1986 1883 2024 1906 ac
2049 1873 2246 1918 expientur

1296 1934 1408 1970 poenae
1431 1923 1671 1968 temporales,
1692 1924 1727 1959 in
1754 1932 1846 1970 quas
1875 1933 2009 1959 aeternae
2040 1925 2246 1958 mortalium

1295 1983 1533 2020 peccatorum
1547 1972 1645 2009 fuere
1668 1985 1730 2020 per
1742 1974 1988 2020 poenitentiam
2001 1984 2200 2009 commutat
2208 1986 2249 2010 re.

1295 2023 1509 2074 Qaelatius
1540 2025 1820 2072 explicabuntur
1835 2035 1874 2071 q.
1910 2036 1988 2061 100.
2013 2021 2250 2072 supplementi

1293 2074 1338 2110 ad
1358 2085 1391 2114 2.
1409 2082 1447 2122 p.
1470 2082 1530 2110 art
1559 2074 1596 2112 6.
1620 2074 1715 2122 &7.
1740 2072 1951 2123 impoffibile
1981 2073 2028 2110 est
2062 2085 2180 2110 autent
2209 2083 2249 2110 tit

1295 2122 1497 2171 quidquam
1508 2123 1576 2161 effe
1606 2127 1855 2171 intelligatur,
1885 2136 1958 2161 non
1989 2124 2165 2173 perstante
2193 2123 2247 2162 sui

1296 2174 1495 2212 differentia
1523 2175 1757 2212 constitutiva
1772 2201 1782 2211 .

2268 689 2359 727 4.dist.
2366 698 2473 734 [φεμ.

2267 736 2325 759 07¹1-
2332 738 2436 768 PPIWO

1400 2226 1456 2264 Ad
1480 2237 1690 2273 argumenta
1720 2253 1729 2262 .
1751 2225 1810 2264 Ad
1833 2225 1988 2273 primum
2009 2225 2246 2272 respondetur
2283 2240 2492 2274 §.Thomhi'a

1298 2275 1343 2311 {ic
1359 2289 1368 2311 :
1387 2277 1578 2313 Peccatum
1595 2279 1744 2314 mortale
1760 2302 1772 2319 ‚
1804 2277 1836 2312 8(
1865 2277 2003 2313 veniale
2024 2276 2195 2315 differunt
2211 2281 2244 2317 in
2282 2282 2471 2321 adprimus.

1297 2326 1479 2362 infinitum
1493 2339 1540 2363 ex
1555 2339 1655 2373 parte
1681 2326 1876 2364 aver-{ionis
1892 2355 1901 2370 ‚
1934 2340 2006 2370 non
2028 2339 2173 2373 autem,
2203 2343 2248 2367 ex

1298 2388 1400 2426 parte
1413 2378 1657 2413 converiionis
1672 2388 1854 2426 perquam
1873 2376 2011 2424 respicit
2027 2380 2214 2416 obiectum
2234 2407 2247 2423 ,

1299 2427 1394 2464 unde
1410 2438 1599 2474 peccatum
1614 2427 1764 2476 speciem
1780 2427 1900 2464 habet.
1920 2430 2046 2477 Qare
2059 2430 2147 2465 nihil
2164 2442 2247 2478 pro-

1298 2477 1399 2514 hibet
1411 2480 1445 2513 in
1461 2479 1582 2515 eadem
1597 2477 1711 2525 specie
1725 2478 1880 2515 inveniri
1897 2474 2042 2525 aliquod
2057 2492 2247 2529 peccatum

1298 2530 1452 2565 mortale
1469 2555 1480 2571 ,
1509 2530 1543 2565 8(
1574 2530 1734 2565 veniale.
2342 2574 2346 2579 η

1400 2583 1482 2616 Nos
1502 2579 1656 2617 dicimus
1673 2608 1682 2621 ‚
1701 2579 1851 2614 mortale
1873 2589 2060 2624 peccatum
2080 2606 2090 2622 ,
2122 2581 2157 2617 8<
2183 2593 2245 2617 ve-
2289 2572 2493 2612 4-d·st·²¹·‘l·*·'

1297 2633 1387 2668 niele
1406 2633 1442 2666 in
1459 2643 1587 2676 genere
1618 2642 1754 2666 naturae
1779 2629 1848 2665 effe
1872 2627 2031 2675 ejusdem
2070 2633 2244 2671 rationis;
2290 2612 2493 2649 §.Adsecunau

1296 2683 1352 2718 vel
1372 2680 1518 2717 foriaffis
1535 2683 1638 2716 etiarn
1655 2682 1785 2716 malitia
1801 2680 1923 2722 moris,
1936 2693 2116 2727 quatenus
2129 2693 2243 2727 genus

1297 2731 1700 2776 virtutis‘dillinyuitur
1717 2742 1843 2765 contra
1859 2733 2059 2776 gratuitum
2077 2746 2087 2764 2
2107 2733 2141 2768 8(
2161 2745 2244 2779 pec-

1295 2794 1419 2819 catum
1447 2781 1495 2817 est
1524 2784 1572 2818 eis
1587 2781 1674 2828 quid
1693 2783 1850 2816 univoce
1862 2793 2068 2818 commune.
2089 2785 2239 2819 Utrum-

1293 2846 1366 2881 que
1382 2831 1553 2879 liquidem
1572 2842 1758 2872 peccatum
1773 2832 1997 2868 commititur
2012 2859 2023 2875 ,
2054 2846 2242 2882 propterea

1294 2885 1394 2931 quod
1415 2882 1516 2918 aflus
1531 2895 1601 2918 non
1623 2883 1787 2918 eliciatur
1812 2882 2045 2920 consentanee
2068 2885 2112 2919 ad
2143 2884 2241 2922 suam

1295 2935 1455 2980 regulam
1479 2933 1704 2969 intrinsecam
1729 2958 1737 2967 .
1763 2933 1815 2968 At
1841 2933 1962 2970 eadem
2006 2934 2241 2972 nihilominus

1293 2983 1495 3034 peccataad
1512 2984 1650 3020 diversa
1666 2996 1794 3019 venera
1806 2986 1985 3031 pertinere
1998 3010 2010 3027 ‚
2047 2987 2078 3022 8(
2098 2991 2237 3033 peccati

1292 3037 1470 3071 rationem
1487 3034 1599 3081 specie
1617 3033 1757 3069 differre
1771 3034 1805 3069 in
1823 3035 1887 3076 eis,
1904 3036 1938 3071 in
1954 3037 2088 3072 ratione
2099 3036 2240 3073 offensa:

1288 3087 1518 3133 divinae‚qiiae
1530 3086 1723 3121 attenditur
1744 3083 1849 3130 juxta
1870 3087 2057 3130 regulasin
2087 3086 2241 3133 scriptu-

1291 3149 1328 3173 ra
1345 3137 1519 3172 revelatas
1533 3138 1564 3172 8<
1582 3137 1625 3172 de
1642 3135 1808 3171 instintfflu
1826 3134 1981 3175 Spiritus
1996 3137 2162 3172 veritatis
2178 3138 2237 3175 Ec!

2286 2650 2363 2689 prin.
2370 2650 2453 2688 ipale.

2289 2691 2356 2727 Q³
2370 2698 2492 2731 autent...-

2290 2737 2399 2755 ratiiue
2434 2730 2494 2755 lcii-i

2288 2765 2493 2803 queatobliqut]

2287 2805 2379 2831 :icium
2401 2805 2494 2831 couti-

2287 2852 2346 2870 neri
2363 2845 2432 2871 inter
2445 2852 2489 2872 ter

2286 2883 2497 2918 miiioepecca'i.

2288 2922 2403 2949 venialis
2415 2939 2424 2953 ‚
2446 2931 2493 2951 aut

2287 2959 2350 2986 illos
2360 2960 2495 2989 excedere

2284 2997 2370 3026 soli-ie
2408 2999 2494 3028 docet

2287 3035 2465 3074 explicatque

2287 3074 2407 3102 poncius
2432 3078 2494 3107 lst⁴

2282 3113 2401 3141 Cniuni.
2416 3115 2495 3152 super

2281 3151 2493 3192 di's?.3‹.2.jcnt.

1291 3186 1402 3223 clesioe
1414 3188 1562 3223 traditas
1579 3215 1589 3229 ‚
1613 3197 1721 3233 atque
1736 3197 1795 3233 per
1809 3184 1947 3222 sanetos
1979 3187 2153 3223 Doifflores
2172 3201 2236 3226 ex-
2277 3198 2416 3224 att-132·

1319 3239 1444 3274 licatas
1462 3263 1471 3273 .

1292 3252 1315 3288 p
1393 3287 1504 3337 Qiod
1522 3287 1653 3323 dicitur
1666 3296 1853 3335 peccatum
1870 3287 2021 3323 mortale
2044 3288 2077 3324 8(
2102 3290 2241 3326 veniale

1295 3337 1437 3374 differre
1452 3340 1485 3373 in
1501 3338 1684 3373 infinitum
1701 3350 1747 3373 ex
1764 3348 1864 3374 barte
1888 3338 2083 3376 averfionis
2097 3366 2106 3381 ‚
2138 3343 2240 3377 nobis

1296 3388 1441 3425 videtur
1454 3389 1615 3433 indigere
1632 3387 1857 3425 expositione
1869 3413 1880 3425 .
1899 3391 2034 3425 Revera
2057 3391 2149 3426 enim
2165 3402 2244 3426 tan-

1299 3450 1375 3474 tuin
1395 3439 1475 3474 mali
1493 3440 1628 3475 inducit
1653 3438 1755 3475 aelus
1782 3438 2053 3484 peccaminosus
2079 3466 2091 3484 ,
2117 3444 2246 3488 quanti

1299 3489 1348 3526 est
1364 3491 1497 3524 bonum
1512 3490 1611 3534 quod
1629 3489 1803 3525 excludit.
1820 3489 1958 3526 Malum
1975 3502 2094 3528 autem
2112 3494 2250 3540 peccati

1304 3539 1459 3574 consistit
1477 3541 1509 3574 in
1526 3541 1708 3576 averlione
1738 3552 1756 3574 a
1784 3537 1883 3582 fine3
1908 3541 2009 3577 aftiis
2033 3555 2118 3588 orgo
2138 3571 2146 3585 ,
2169 3555 2247 3589 quo

1305 3601 1470 3637 peccator
1486 3593 1710 3626 convertitur
1726 3590 1768 3625 ad
1786 3589 1892 3627 finem
1912 3620 1921 3633 ,
1938 3592 1986 3627 est
2002 3604 2140 3629 tantum
2160 3607 2250 3641 pra:-

1308 3639 1456 3676 seserens
1471 3642 1641 3677 bonitatis
1659 3652 1856 3688 ‚quantum
1874 3643 2016 3679 malitiae
2032 3645 2152 3679 intulit
2170 3657 2251 3692 pec-

1308 3702 1428 3726 catum
1450 3693 1525 3726 [Ut
1544 3705 1632 3727 vero
1648 3691 1779 3726 nonest
1796 3692 1830 3727 in
1848 3691 2004 3727 secundo
2037 3696 2115 3730 a6lu
2149 3697 2251 3731 boni-

1313 3752 1367 3776 tas
1383 3742 1405 3773 ῐ·
1423 3739 1518 3776 firita
1533 3742 1705 3778 intensive
1720 3768 1730 3783 ‚
1745 3744 1793 3777 ita
1808 3745 1919 3778 necin
1931 3744 2009 3779 aftu
2026 3749 2162 3792 peccati
2182 3759 2255 3782 ma-

1309 3792 1386 3827 litia
1402 3791 1575 3827 intensive
1591 3792 1748 3827 infinita.
1767 3795 1853 3829 Non
1868 3793 1917 3829 cst
1930 3796 2024 3831 cuim
2049 3796 2161 3842 major
2185 3808 2254 3831 ma.

1646 3845 1679 3878 Η
1709 3841 1730 3875 h

2138 3848 2208 3880 litia

2280 3278 2371 3315 4.di'sl.
2389 3291 2496 3319 ¹4.q.t.

2283 3318 2352 3350 §.AI
2366 3320 2495 3350 ultimum

2283 3356 2436 3395 princip-’le’
2447 3378 2457 3387 .
