<?xml version="1.0" encoding="UTF-8"?>
<!DOCTYPE html PUBLIC "-//W3C//DTD XHTML 1.0 Transitional//EN"
    "http://www.w3.org/TR/xhtml1/DTD/xhtml1-transitional.dtd">
<html xmlns="http://www.w3.org/1999/xhtml" xml:lang="en" lang="en">
 <head>
  <title>
</title>
<meta http-equiv="Content-Type" content="text/html;charset=utf-8" />
  <meta name='ocr-system' content='tesseract 3.04.00' />
  <meta name='ocr-capabilities' content='ocr_page ocr_carea ocr_par ocr_line ocrx_word'/>
</head>
<body>
  <div class='ocr_page' id='page_1' title='image "./joannisdunsscoti03duns_0514.png"; bbox 0 0 2603 4046; ppageno 0'>
   <div class='ocr_carea' id='block_1_1' title="bbox 170 1173 374 1252">
    <p class='ocr_par' dir='ltr' id='par_1_1' title="bbox 170 1173 374 1252">
     <span class='ocr_line' id='line_1_1' title="bbox 170 1173 373 1209; baseline 0 -9"><span class='ocrx_word' id='word_1_1' title='bbox 170 1174 211 1204; x_wconf 76' lang='lat' dir='ltr'>&#39;Ut</span> <span class='ocrx_word' id='word_1_2' title='bbox 231 1173 291 1209; x_wconf 76' lang='lat' dir='ltr'>quir</span> <span class='ocrx_word' id='word_1_3' title='bbox 314 1181 373 1200; x_wconf 77' lang='lat' dir='ltr'>non</span> 
     </span>
     <span class='ocr_line' id='line_1_2' title="bbox 174 1211 374 1252; baseline -0.01 -12"><span class='ocrx_word' id='word_1_4' title='bbox 174 1221 269 1252; x_wconf 81' lang='lat' dir='ltr'>peccet</span> <span class='ocrx_word' id='word_1_5' title='bbox 278 1212 302 1238; x_wconf 84' lang='lat' dir='ltr'>in</span> <span class='ocrx_word' id='word_1_6' title='bbox 315 1211 374 1238; x_wconf 85' lang='lat' dir='ltr'>ele·</span> 
     </span>
    </p>
   </div>
   <div class='ocr_carea' id='block_1_2' title="bbox 174 1248 372 1443">
    <p class='ocr_par' dir='ltr' id='par_1_2' title="bbox 174 1248 372 1443">
     <span class='ocr_line' id='line_1_3' title="bbox 174 1248 368 1279; baseline -0.01 0"><span class='ocrx_word' id='word_1_7' title='bbox 174 1250 315 1279; x_wconf 70' lang='lat' dir='ltr'>&amp;ionibus</span> <span class='ocrx_word' id='word_1_8' title='bbox 327 1248 368 1277; x_wconf 78' lang='lat' dir='ltr'>sa-</span> 
     </span>
     <span class='ocr_line' id='line_1_4' title="bbox 175 1287 372 1317; baseline -0.015 0"><span class='ocrx_word' id='word_1_9' title='bbox 175 1290 208 1317; x_wconf 78' lang='lat' dir='ltr'>tis</span> <span class='ocrx_word' id='word_1_10' title='bbox 253 1287 304 1315; x_wconf 77' lang='lat' dir='ltr'>efl&#39;e</span> <span class='ocrx_word' id='word_1_11' title='bbox 341 1294 372 1314; x_wconf 82' lang='lat' dir='ltr'>ut</span> 
     </span>
     <span class='ocr_line' id='line_1_5' title="bbox 174 1325 372 1356; baseline -0.02 -1"><span class='ocrx_word' id='word_1_12' title='bbox 174 1327 240 1356; x_wconf 74' lang='lat' dir='ltr'>sciat</span> <span class='ocrx_word' id='word_1_13' title='bbox 251 1325 372 1354; x_wconf 60' lang='lat' dir='ltr'>elefium</span> 
     </span>
     <span class='ocr_line' id='line_1_6' title="bbox 174 1364 369 1393; baseline -0.005 0"><span class='ocrx_word' id='word_1_14' title='bbox 174 1375 231 1393; x_wconf 91' lang='lat' dir='ltr'>non</span> <span class='ocrx_word' id='word_1_15' title='bbox 253 1364 302 1392; x_wconf 76' lang='lat' dir='ltr'>effe</span> <span class='ocrx_word' id='word_1_16' title='bbox 328 1365 369 1392; x_wconf 86' lang='lat' dir='ltr'>iu-</span> 
     </span>
     <span class='ocr_line' id='line_1_7' title="bbox 175 1403 315 1443; baseline 0 -11"><span class='ocrx_word' id='word_1_17' title='bbox 175 1403 294 1443; x_wconf 84' lang='lat' dir='ltr'>dignum</span> <span class='ocrx_word' id='word_1_18' title='bbox 308 1421 315 1432; x_wconf 86' lang='lat'>.</span> 
     </span>
    </p>
   </div>
   <div class='ocr_carea' id='block_1_3' title="bbox 408 156 1358 1936">
    <p class='ocr_par' dir='ltr' id='par_1_3' title="bbox 408 156 1354 616">
     <span class='ocr_line' id='line_1_8' title="bbox 478 156 1265 209; baseline 0.015 -17"><span class='ocrx_word' id='word_1_19' title='bbox 478 166 507 209; x_wconf 79' lang='lat'>4</span> <span class='ocrx_word' id='word_1_20' title='bbox 518 161 580 206; x_wconf 92' lang='lat'>90</span> <span class='ocrx_word' id='word_1_21' title='bbox 1085 156 1265 206; x_wconf 75' lang='lat' dir='ltr'>Summae</span> 
     </span>
     <span class='ocr_line' id='line_1_9' title="bbox 408 219 1353 271; baseline 0.011 -17"><span class='ocrx_word' id='word_1_22' title='bbox 408 220 568 266; x_wconf 65' lang='lat' dir='ltr'>quaedam</span> <span class='ocrx_word' id='word_1_23' title='bbox 583 219 670 254; x_wconf 81' lang='lat' dir='ltr'>mala</span> <span class='ocrx_word' id='word_1_24' title='bbox 686 244 698 259; x_wconf 91' lang='lat'><em>‚</em></span> <span class='ocrx_word' id='word_1_25' title='bbox 723 230 804 266; x_wconf 79' lang='lat' dir='ltr'>quae</span> <span class='ocrx_word' id='word_1_26' title='bbox 817 232 886 255; x_wconf 86' lang='lat' dir='ltr'>non</span> <span class='ocrx_word' id='word_1_27' title='bbox 902 219 981 258; x_wconf 89' lang='lat' dir='ltr'>sunt</span> <span class='ocrx_word' id='word_1_28' title='bbox 1010 223 1190 270; x_wconf 85' lang='lat' dir='ltr'>punienda</span> <span class='ocrx_word' id='word_1_29' title='bbox 1214 238 1275 271; x_wconf 88' lang='lat' dir='ltr'>per</span> <span class='ocrx_word' id='word_1_30' title='bbox 1289 227 1353 266; x_wconf 85' lang='lat' dir='ltr'>ho-</span> 
     </span>
     <span class='ocr_line' id='line_1_10' title="bbox 409 268 1351 323; baseline 0.008 -19"><span class='ocrx_word' id='word_1_31' title='bbox 409 273 520 308; x_wconf 79' lang='lat' dir='ltr'>mines</span> <span class='ocrx_word' id='word_1_32' title='bbox 539 293 550 311; x_wconf 86' lang='lat'>‚</span> <span class='ocrx_word' id='word_1_33' title='bbox 568 268 623 303; x_wconf 85' lang='lat' dir='ltr'>sed</span> <span class='ocrx_word' id='word_1_34' title='bbox 642 269 872 313; x_wconf 79' lang='lat' dir='ltr'>relinquenda</span> <span class='ocrx_word' id='word_1_35' title='bbox 886 273 1015 308; x_wconf 82' lang='lat' dir='ltr'>ultioni</span> <span class='ocrx_word' id='word_1_36' title='bbox 1031 273 1183 312; x_wconf 81' lang='lat' dir='ltr'>divinae3</span> <span class='ocrx_word' id='word_1_37' title='bbox 1199 274 1351 323; x_wconf 82' lang='lat' dir='ltr'>suntque</span> 
     </span>
     <span class='ocr_line' id='line_1_11' title="bbox 409 319 1353 368; baseline 0.008 -14"><span class='ocrx_word' id='word_1_38' title='bbox 409 322 527 357; x_wconf 83' lang='lat' dir='ltr'>omnia</span> <span class='ocrx_word' id='word_1_39' title='bbox 542 320 597 353; x_wconf 87' lang='lat' dir='ltr'>illa</span> <span class='ocrx_word' id='word_1_40' title='bbox 616 344 624 357; x_wconf 89' lang='lat'><strong><em>‚</em></strong></span> <span class='ocrx_word' id='word_1_41' title='bbox 643 330 722 367; x_wconf 70' lang='lat' dir='ltr'>qux</span> <span class='ocrx_word' id='word_1_42' title='bbox 738 319 847 357; x_wconf 86' lang='lat' dir='ltr'>homo</span> <span class='ocrx_word' id='word_1_43' title='bbox 860 332 899 356; x_wconf 91' lang='lat' dir='ltr'>ut</span> <span class='ocrx_word' id='word_1_44' title='bbox 913 322 1022 357; x_wconf 77' lang='lat' dir='ltr'>bomo</span> <span class='ocrx_word' id='word_1_45' title='bbox 1041 348 1051 363; x_wconf 89' lang='lat'>‚</span> <span class='ocrx_word' id='word_1_46' title='bbox 1068 333 1137 357; x_wconf 90' lang='lat' dir='ltr'>non</span> <span class='ocrx_word' id='word_1_47' title='bbox 1151 325 1264 368; x_wconf 84' lang='lat' dir='ltr'>potest</span> <span class='ocrx_word' id='word_1_48' title='bbox 1281 328 1353 366; x_wconf 85' lang='lat' dir='ltr'>suf.</span> 
     </span>
     <span class='ocr_line' id='line_1_12' title="bbox 409 367 1351 418; baseline 0.002 -9"><span class='ocrx_word' id='word_1_49' title='bbox 409 372 570 409; x_wconf 74' lang='lat' dir='ltr'>ficienter</span> <span class='ocrx_word' id='word_1_50' title='bbox 591 367 700 410; x_wconf 81' lang='lat' dir='ltr'>scire,</span> <span class='ocrx_word' id='word_1_51' title='bbox 725 371 759 409; x_wconf 72' lang='grc'>8(</span> <span class='ocrx_word' id='word_1_52' title='bbox 794 371 838 406; x_wconf 89' lang='lat' dir='ltr'>de</span> <span class='ocrx_word' id='word_1_53' title='bbox 863 373 996 418; x_wconf 82' lang='lat' dir='ltr'>quibus</span> <span class='ocrx_word' id='word_1_54' title='bbox 1021 383 1090 407; x_wconf 89' lang='lat' dir='ltr'>non</span> <span class='ocrx_word' id='word_1_55' title='bbox 1114 373 1229 418; x_wconf 90' lang='lat' dir='ltr'>potest</span> <span class='ocrx_word' id='word_1_56' title='bbox 1256 375 1351 416; x_wconf 76' lang='lat' dir='ltr'>suffi-</span> 
     </span>
     <span class='ocr_line' id='line_1_13' title="bbox 409 420 1354 469; baseline 0.011 -17"><span class='ocrx_word' id='word_1_57' title='bbox 409 422 544 456; x_wconf 77' lang='lat' dir='ltr'>cienter</span> <span class='ocrx_word' id='word_1_58' title='bbox 567 420 687 456; x_wconf 87' lang='lat' dir='ltr'>doceri</span> <span class='ocrx_word' id='word_1_59' title='bbox 714 421 902 458; x_wconf 86' lang='lat' dir='ltr'>veritatem</span> <span class='ocrx_word' id='word_1_60' title='bbox 928 448 939 463; x_wconf 91' lang='lat'>,</span> <span class='ocrx_word' id='word_1_61' title='bbox 967 434 1011 456; x_wconf 88' lang='lat' dir='ltr'>eo</span> <span class='ocrx_word' id='word_1_62' title='bbox 1036 421 1144 456; x_wconf 85' lang='lat' dir='ltr'>modo</span> <span class='ocrx_word' id='word_1_63' title='bbox 1158 450 1170 465; x_wconf 90' lang='lat'>‚</span> <span class='ocrx_word' id='word_1_64' title='bbox 1197 436 1271 469; x_wconf 75' lang='lat' dir='ltr'>quo</span> <span class='ocrx_word' id='word_1_65' title='bbox 1292 430 1354 466; x_wconf 79' lang='lat' dir='ltr'>de-</span> 
     </span>
     <span class='ocr_line' id='line_1_14' title="bbox 408 468 1352 520; baseline 0.018 -19"><span class='ocrx_word' id='word_1_66' title='bbox 408 473 508 507; x_wconf 81' lang='lat' dir='ltr'>beret</span> <span class='ocrx_word' id='word_1_67' title='bbox 523 469 642 506; x_wconf 88' lang='lat' dir='ltr'>doceri</span> <span class='ocrx_word' id='word_1_68' title='bbox 657 496 669 512; x_wconf 90' lang='lat'>‚</span> <span class='ocrx_word' id='word_1_69' title='bbox 691 470 734 505; x_wconf 88' lang='lat' dir='ltr'>ad</span> <span class='ocrx_word' id='word_1_70' title='bbox 750 470 980 517; x_wconf 79' lang='lat' dir='ltr'>hocutjuste</span> <span class='ocrx_word' id='word_1_71' title='bbox 1000 468 1172 507; x_wconf 88' lang='lat' dir='ltr'>sententia</span> <span class='ocrx_word' id='word_1_72' title='bbox 1201 474 1352 520; x_wconf 86' lang='lat' dir='ltr'>ferretur</span> 
     </span>
     <span class='ocr_line' id='line_1_15' title="bbox 409 520 1350 575; baseline 0.013 -19"><span class='ocrx_word' id='word_1_73' title='bbox 409 520 572 567; x_wconf 79' lang='lat' dir='ltr'>punitiva</span> <span class='ocrx_word' id='word_1_74' title='bbox 589 532 600 560; x_wconf 92' lang='lat'>;</span> <span class='ocrx_word' id='word_1_75' title='bbox 631 521 745 556; x_wconf 85' lang='lat' dir='ltr'>necin</span> <span class='ocrx_word' id='word_1_76' title='bbox 763 520 818 556; x_wconf 83' lang='lat' dir='ltr'>his</span> <span class='ocrx_word' id='word_1_77' title='bbox 836 520 915 560; x_wconf 83' lang='lat' dir='ltr'>sunt</span> <span class='ocrx_word' id='word_1_78' title='bbox 928 521 1125 571; x_wconf 79' lang='lat' dir='ltr'>culpabiles</span> <span class='ocrx_word' id='word_1_79' title='bbox 1143 523 1205 564; x_wconf 79' lang='lat' dir='ltr'>soii</span> <span class='ocrx_word' id='word_1_80' title='bbox 1218 529 1322 571; x_wconf 80' lang='lat' dir='ltr'>testes</span> <span class='ocrx_word' id='word_1_81' title='bbox 1338 559 1350 575; x_wconf 84' lang='lat'>‚</span> 
     </span>
     <span class='ocr_line' id='line_1_16' title="bbox 410 569 743 616; baseline -0.003 -9"><span class='ocrx_word' id='word_1_82' title='bbox 410 571 467 607; x_wconf 88' lang='lat' dir='ltr'>sed</span> <span class='ocrx_word' id='word_1_83' title='bbox 482 569 718 616; x_wconf 75' lang='lat' dir='ltr'>etiamJudex</span> <span class='ocrx_word' id='word_1_84' title='bbox 734 596 743 606; x_wconf 88' lang='lat'>.</span> 
     </span>
    </p>

    <p class='ocr_par' dir='ltr' id='par_1_4' title="bbox 408 618 1355 970">
     <span class='ocr_line' id='line_1_17' title="bbox 516 618 1352 669; baseline 0.01 -17"><span class='ocrx_word' id='word_1_85' title='bbox 516 619 895 666; x_wconf 74' lang='lat' dir='ltr'>NihilominusJudex</span> <span class='ocrx_word' id='word_1_86' title='bbox 913 620 935 656; x_wconf 85' lang='lat' dir='ltr'>fi</span> <span class='ocrx_word' id='word_1_87' title='bbox 954 618 1036 655; x_wconf 86' lang='lat' dir='ltr'>sciat</span> <span class='ocrx_word' id='word_1_88' title='bbox 1053 647 1064 662; x_wconf 84' lang='lat'>,</span> <span class='ocrx_word' id='word_1_89' title='bbox 1089 633 1134 658; x_wconf 81' lang='lat' dir='ltr'>ex</span> <span class='ocrx_word' id='word_1_90' title='bbox 1161 624 1352 669; x_wconf 69' lang='lat' dir='ltr'>consuetu.</span> 
     </span>
     <span class='ocr_line' id='line_1_18' title="bbox 412 669 1354 727; baseline 0.008 -22"><span class='ocrx_word' id='word_1_91' title='bbox 412 671 492 705; x_wconf 83' lang='lat' dir='ltr'>dine</span> <span class='ocrx_word' id='word_1_92' title='bbox 505 670 609 706; x_wconf 88' lang='lat' dir='ltr'>restes</span> <span class='ocrx_word' id='word_1_93' title='bbox 624 669 801 706; x_wconf 80' lang='lat' dir='ltr'>testificari</span> <span class='ocrx_word' id='word_1_94' title='bbox 817 682 886 706; x_wconf 87' lang='lat' dir='ltr'>non</span> <span class='ocrx_word' id='word_1_95' title='bbox 905 670 1015 705; x_wconf 89' lang='lat' dir='ltr'>solere</span> <span class='ocrx_word' id='word_1_96' title='bbox 1032 669 1095 705; x_wconf 91' lang='lat' dir='ltr'>sub</span> <span class='ocrx_word' id='word_1_97' title='bbox 1119 670 1327 717; x_wconf 68' lang='lat' dir='ltr'>juramento</span> <span class='ocrx_word' id='word_1_98' title='bbox 1340 710 1354 727; x_wconf 77' lang='lat'><strong><em>,</em></strong></span> 
     </span>
     <span class='ocr_line' id='line_1_19' title="bbox 410 720 1355 771; baseline 0.01 -17"><span class='ocrx_word' id='word_1_99' title='bbox 410 721 469 757; x_wconf 73' lang='lat' dir='ltr'>nisi</span> <span class='ocrx_word' id='word_1_100' title='bbox 487 721 528 756; x_wconf 88' lang='lat' dir='ltr'>de</span> <span class='ocrx_word' id='word_1_101' title='bbox 545 721 753 755; x_wconf 79' lang='lat' dir='ltr'>credulitate</span> <span class='ocrx_word' id='word_1_102' title='bbox 773 745 784 760; x_wconf 86' lang='lat'>,</span> <span class='ocrx_word' id='word_1_103' title='bbox 796 731 882 755; x_wconf 88' lang='lat' dir='ltr'>tunc</span> <span class='ocrx_word' id='word_1_104' title='bbox 898 720 1042 756; x_wconf 83' lang='lat' dir='ltr'>minime</span> <span class='ocrx_word' id='word_1_105' title='bbox 1056 721 1156 758; x_wconf 89' lang='lat' dir='ltr'>debet</span> <span class='ocrx_word' id='word_1_106' title='bbox 1175 723 1266 771; x_wconf 71' lang='lat' dir='ltr'>ferre</span> <span class='ocrx_word' id='word_1_107' title='bbox 1278 729 1355 768; x_wconf 81' lang='lat' dir='ltr'>sen.</span> 
     </span>
     <span class='ocr_line' id='line_1_20' title="bbox 410 768 1354 818; baseline 0.005 -12"><span class='ocrx_word' id='word_1_108' title='bbox 410 771 557 806; x_wconf 86' lang='lat' dir='ltr'>tentiam</span> <span class='ocrx_word' id='word_1_109' title='bbox 573 796 585 811; x_wconf 90' lang='lat'>,</span> <span class='ocrx_word' id='word_1_110' title='bbox 598 771 715 814; x_wconf 87' lang='lat' dir='ltr'>qualis</span> <span class='ocrx_word' id='word_1_111' title='bbox 730 768 818 805; x_wconf 90' lang='lat' dir='ltr'>foret</span> <span class='ocrx_word' id='word_1_112' title='bbox 836 769 976 806; x_wconf 83' lang='lat' dir='ltr'>ferenda</span> <span class='ocrx_word' id='word_1_113' title='bbox 995 795 1006 812; x_wconf 88' lang='lat'>,</span> <span class='ocrx_word' id='word_1_114' title='bbox 1021 769 1044 804; x_wconf 87' lang='lat' dir='ltr'>fi</span> <span class='ocrx_word' id='word_1_115' title='bbox 1058 771 1162 818; x_wconf 88' lang='lat' dir='ltr'>culpa</span> <span class='ocrx_word' id='word_1_116' title='bbox 1176 774 1258 816; x_wconf 72' lang='lat' dir='ltr'>esset</span> <span class='ocrx_word' id='word_1_117' title='bbox 1275 781 1354 817; x_wconf 78' lang='lat' dir='ltr'>fim-</span> 
     </span>
     <span class='ocr_line' id='line_1_21' title="bbox 408 819 1353 870; baseline 0.012 -20"><span class='ocrx_word' id='word_1_118' title='bbox 408 823 544 868; x_wconf 70' lang='lat' dir='ltr'>pliciter</span> <span class='ocrx_word' id='word_1_119' title='bbox 561 822 707 866; x_wconf 82' lang='lat' dir='ltr'>probata</span> <span class='ocrx_word' id='word_1_120' title='bbox 722 830 839 856; x_wconf 81' lang='lat' dir='ltr'>coram</span> <span class='ocrx_word' id='word_1_121' title='bbox 857 831 899 855; x_wconf 93' lang='lat' dir='ltr'>eo</span> <span class='ocrx_word' id='word_1_122' title='bbox 915 845 926 858; x_wconf 57' lang='lat'><em>0</em></span> <span class='ocrx_word' id='word_1_123' title='bbox 941 819 1016 856; x_wconf 89' lang='lat' dir='ltr'>Scit</span> <span class='ocrx_word' id='word_1_124' title='bbox 1033 819 1126 859; x_wconf 86' lang='lat' dir='ltr'>enim</span> <span class='ocrx_word' id='word_1_125' title='bbox 1139 835 1184 858; x_wconf 85' lang='lat' dir='ltr'>ex</span> <span class='ocrx_word' id='word_1_126' title='bbox 1203 831 1353 870; x_wconf 76' lang='lat' dir='ltr'>consue-</span> 
     </span>
     <span class='ocr_line' id='line_1_22' title="bbox 408 867 1353 921; baseline 0.003 -16"><span class='ocrx_word' id='word_1_127' title='bbox 408 871 532 907; x_wconf 88' lang='lat' dir='ltr'>tudine</span> <span class='ocrx_word' id='word_1_128' title='bbox 548 870 685 916; x_wconf 86' lang='lat' dir='ltr'>culpam</span> <span class='ocrx_word' id='word_1_129' title='bbox 704 881 774 905; x_wconf 89' lang='lat' dir='ltr'>non</span> <span class='ocrx_word' id='word_1_130' title='bbox 801 868 868 905; x_wconf 84' lang='lat' dir='ltr'>esse</span> <span class='ocrx_word' id='word_1_131' title='bbox 892 867 1105 910; x_wconf 81' lang='lat' dir='ltr'>sufficienter</span> <span class='ocrx_word' id='word_1_132' title='bbox 1131 879 1353 921; x_wconf 59' lang='lat' dir='ltr'>probatam</span> 
     </span>
     <span class='ocr_line' id='line_1_23' title="bbox 410 918 1352 970; baseline 0.004 -13"><span class='ocrx_word' id='word_1_133' title='bbox 410 933 529 958; x_wconf 77' lang='lat' dir='ltr'>coram</span> <span class='ocrx_word' id='word_1_134' title='bbox 549 918 623 965; x_wconf 84' lang='lat' dir='ltr'>ipso</span> <span class='ocrx_word' id='word_1_135' title='bbox 641 947 649 959; x_wconf 91' lang='lat'>,</span> <span class='ocrx_word' id='word_1_136' title='bbox 683 931 722 954; x_wconf 90' lang='lat' dir='ltr'>ut</span> <span class='ocrx_word' id='word_1_137' title='bbox 738 920 799 954; x_wconf 88' lang='lat' dir='ltr'>tali</span> <span class='ocrx_word' id='word_1_138' title='bbox 813 931 914 967; x_wconf 82' lang='lat' dir='ltr'>poena</span> <span class='ocrx_word' id='word_1_139' title='bbox 938 919 1127 961; x_wconf 79' lang='lat' dir='ltr'>accusatus</span> <span class='ocrx_word' id='word_1_140' title='bbox 1152 931 1326 970; x_wconf 71' lang='lat' dir='ltr'>multetur</span> <span class='ocrx_word' id='word_1_141' title='bbox 1341 959 1352 970; x_wconf 64' lang='grc'><strong>,</strong></span> 
     </span>
    </p>

    <p class='ocr_par' dir='ltr' id='par_1_5' title="bbox 409 970 1357 1579">
     <span class='ocr_line' id='line_1_24' title="bbox 511 970 1351 1020; baseline 0.013 -17"><span class='ocrx_word' id='word_1_142' title='bbox 511 970 623 1016; x_wconf 84' lang='lat' dir='ltr'>Quod</span> <span class='ocrx_word' id='word_1_143' title='bbox 639 971 658 1006; x_wconf 85' lang='lat' dir='ltr'>fi</span> <span class='ocrx_word' id='word_1_144' title='bbox 677 970 808 1016; x_wconf 84' lang='lat' dir='ltr'>exlege</span> <span class='ocrx_word' id='word_1_145' title='bbox 821 970 970 1018; x_wconf 74' lang='lat' dir='ltr'>positiva</span> <span class='ocrx_word' id='word_1_146' title='bbox 991 997 1004 1013; x_wconf 89' lang='lat'><strong><em>,</em></strong></span> <span class='ocrx_word' id='word_1_147' title='bbox 1025 973 1079 1007; x_wconf 92' lang='lat' dir='ltr'>vel</span> <span class='ocrx_word' id='word_1_148' title='bbox 1104 985 1148 1010; x_wconf 84' lang='lat' dir='ltr'>ex</span> <span class='ocrx_word' id='word_1_149' title='bbox 1165 979 1351 1020; x_wconf 60' lang='lat' dir='ltr'>consuetu„</span> 
     </span>
     <span class='ocr_line' id='line_1_25' title="bbox 409 1019 1353 1077; baseline 0.008 -21"><span class='ocrx_word' id='word_1_150' title='bbox 409 1019 487 1056; x_wconf 88' lang='lat' dir='ltr'>dine</span> <span class='ocrx_word' id='word_1_151' title='bbox 501 1020 674 1057; x_wconf 80' lang='lat' dir='ltr'>habeatur</span> <span class='ocrx_word' id='word_1_152' title='bbox 693 1046 702 1062; x_wconf 91' lang='lat'>‚</span> <span class='ocrx_word' id='word_1_153' title='bbox 729 1031 798 1066; x_wconf 79' lang='lat' dir='ltr'>non</span> <span class='ocrx_word' id='word_1_154' title='bbox 812 1022 925 1058; x_wconf 88' lang='lat' dir='ltr'>teneri</span> <span class='ocrx_word' id='word_1_155' title='bbox 939 1019 1119 1068; x_wconf 85' lang='lat' dir='ltr'>jurantem</span> <span class='ocrx_word' id='word_1_156' title='bbox 1148 1024 1353 1077; x_wconf 72' lang='lat' dir='ltr'>deponch</span> 
     </span>
     <span class='ocr_line' id='line_1_26' title="bbox 409 1068 1353 1131; baseline 0.015 -23"><span class='ocrx_word' id='word_1_157' title='bbox 409 1071 452 1108; x_wconf 88' lang='lat' dir='ltr'>de</span> <span class='ocrx_word' id='word_1_158' title='bbox 469 1069 686 1107; x_wconf 73' lang='lat' dir='ltr'>certitudine</span> <span class='ocrx_word' id='word_1_159' title='bbox 702 1098 713 1113; x_wconf 93' lang='lat'><strong>,</strong></span> <span class='ocrx_word' id='word_1_160' title='bbox 742 1068 798 1109; x_wconf 85' lang='lat' dir='ltr'>sed</span> <span class='ocrx_word' id='word_1_161' title='bbox 814 1069 858 1107; x_wconf 90' lang='lat' dir='ltr'>de</span> <span class='ocrx_word' id='word_1_162' title='bbox 874 1072 1086 1109; x_wconf 78' lang='lat' dir='ltr'>credulitate</span> <span class='ocrx_word' id='word_1_163' title='bbox 1100 1102 1112 1119; x_wconf 90' lang='lat'>,</span> <span class='ocrx_word' id='word_1_164' title='bbox 1142 1082 1228 1123; x_wconf 89' lang='lat' dir='ltr'>quia</span> <span class='ocrx_word' id='word_1_165' title='bbox 1251 1081 1353 1131; x_wconf 80' lang='lat' dir='ltr'>jura-</span> 
     </span>
     <span class='ocr_line' id='line_1_27' title="bbox 410 1120 1355 1183; baseline 0.013 -24"><span class='ocrx_word' id='word_1_166' title='bbox 410 1133 568 1159; x_wconf 86' lang='lat' dir='ltr'>mentum</span> <span class='ocrx_word' id='word_1_167' title='bbox 596 1120 749 1157; x_wconf 79' lang='lat' dir='ltr'>habetur</span> <span class='ocrx_word' id='word_1_168' title='bbox 773 1133 839 1169; x_wconf 86' lang='lat' dir='ltr'>pro</span> <span class='ocrx_word' id='word_1_169' title='bbox 864 1123 998 1158; x_wconf 86' lang='lat' dir='ltr'>credito</span> <span class='ocrx_word' id='word_1_170' title='bbox 1013 1152 1023 1167; x_wconf 94' lang='lat'><em>‚</em></span> <span class='ocrx_word' id='word_1_171' title='bbox 1045 1137 1116 1162; x_wconf 88' lang='lat' dir='ltr'>non</span> <span class='ocrx_word' id='word_1_172' title='bbox 1138 1141 1258 1169; x_wconf 85' lang='lat' dir='ltr'>autem</span> <span class='ocrx_word' id='word_1_173' title='bbox 1288 1147 1355 1183; x_wconf 87' lang='lat' dir='ltr'>pro</span> 
     </span>
     <span class='ocr_line' id='line_1_28' title="bbox 414 1170 1355 1226; baseline 0.007 -19"><span class='ocrx_word' id='word_1_174' title='bbox 414 1182 511 1208; x_wconf 90' lang='lat' dir='ltr'>certo</span> <span class='ocrx_word' id='word_1_175' title='bbox 526 1170 754 1217; x_wconf 81' lang='lat' dir='ltr'>fimpliciter3</span> <span class='ocrx_word' id='word_1_176' title='bbox 780 1182 866 1208; x_wconf 89' lang='lat' dir='ltr'>tunc</span> <span class='ocrx_word' id='word_1_177' title='bbox 882 1170 1006 1218; x_wconf 82' lang='lat' dir='ltr'>jurans</span> <span class='ocrx_word' id='word_1_178' title='bbox 1020 1188 1091 1212; x_wconf 90' lang='lat' dir='ltr'>non</span> <span class='ocrx_word' id='word_1_179' title='bbox 1107 1183 1355 1226; x_wconf 81' lang='lat' dir='ltr'>peccat,dum-</span> 
     </span>
     <span class='ocr_line' id='line_1_29' title="bbox 409 1220 1354 1281; baseline 0.015 -25"><span class='ocrx_word' id='word_1_180' title='bbox 409 1221 516 1261; x_wconf 85' lang='lat' dir='ltr'>modo</span> <span class='ocrx_word' id='word_1_181' title='bbox 530 1233 572 1259; x_wconf 81' lang='lat' dir='ltr'>ex</span> <span class='ocrx_word' id='word_1_182' title='bbox 589 1220 694 1267; x_wconf 84' lang='lat' dir='ltr'>fignis</span> <span class='ocrx_word' id='word_1_183' title='bbox 708 1223 957 1270; x_wconf 83' lang='lat' dir='ltr'>probabilibus</span> <span class='ocrx_word' id='word_1_184' title='bbox 985 1226 1204 1271; x_wconf 73' lang='lat' dir='ltr'>conjeetaret</span> <span class='ocrx_word' id='word_1_185' title='bbox 1239 1237 1354 1281; x_wconf 76' lang='lat' dir='ltr'>magis</span> 
     </span>
     <span class='ocr_line' id='line_1_30' title="bbox 411 1271 1352 1322; baseline 0.017 -17"><span class='ocrx_word' id='word_1_186' title='bbox 411 1283 542 1321; x_wconf 82' lang='lat' dir='ltr'>partem</span> <span class='ocrx_word' id='word_1_187' title='bbox 558 1271 657 1308; x_wconf 87' lang='lat' dir='ltr'>istam</span> <span class='ocrx_word' id='word_1_188' title='bbox 674 1299 686 1315; x_wconf 87' lang='lat'>‚</span> <span class='ocrx_word' id='word_1_189' title='bbox 711 1285 819 1319; x_wconf 88' lang='lat' dir='ltr'>quam</span> <span class='ocrx_word' id='word_1_190' title='bbox 832 1274 936 1309; x_wconf 87' lang='lat' dir='ltr'>aliam</span> <span class='ocrx_word' id='word_1_191' title='bbox 955 1300 966 1316; x_wconf 93' lang='lat'>,</span> <span class='ocrx_word' id='word_1_192' title='bbox 996 1278 1050 1312; x_wconf 85' lang='lat' dir='ltr'>uti</span> <span class='ocrx_word' id='word_1_193' title='bbox 1065 1278 1220 1317; x_wconf 84' lang='lat' dir='ltr'>habetur</span> <span class='ocrx_word' id='word_1_194' title='bbox 1247 1295 1352 1322; x_wconf 72' lang='lat' dir='ltr'>extra</span> 
     </span>
     <span class='ocr_line' id='line_1_31' title="bbox 410 1322 1356 1373; baseline 0.01 -17"><span class='ocrx_word' id='word_1_195' title='bbox 410 1323 453 1360; x_wconf 82' lang='lat' dir='ltr'>de</span> <span class='ocrx_word' id='word_1_196' title='bbox 458 1322 632 1369; x_wconf 77' lang='lat' dir='ltr'>scrutinio</span> <span class='ocrx_word' id='word_1_197' title='bbox 645 1326 683 1359; x_wconf 84' lang='lat' dir='ltr'>in</span> <span class='ocrx_word' id='word_1_198' title='bbox 697 1322 817 1359; x_wconf 84' lang='lat' dir='ltr'><em>ordine</em></span> <span class='ocrx_word' id='word_1_199' title='bbox 825 1323 992 1369; x_wconf 78' lang='lat' dir='ltr'>faciendo</span> <span class='ocrx_word' id='word_1_200' title='bbox 1005 1354 1015 1368; x_wconf 92' lang='lat'><strong><em>,</em></strong></span> <span class='ocrx_word' id='word_1_201' title='bbox 1048 1337 1123 1373; x_wconf 81' lang='lat' dir='ltr'>cap.</span> <span class='ocrx_word' id='word_1_202' title='bbox 1138 1333 1240 1368; x_wconf 83' lang='lat' dir='ltr'>unico</span> <span class='ocrx_word' id='word_1_203' title='bbox 1255 1347 1265 1367; x_wconf 75' lang='lat' dir='ltr'>t</span> <span class='ocrx_word' id='word_1_204' title='bbox 1284 1337 1356 1371; x_wconf 82' lang='lat' dir='ltr'>Re-</span> 
     </span>
     <span class='ocr_line' id='line_1_32' title="bbox 410 1375 1356 1431; baseline 0.014 -22"><span class='ocrx_word' id='word_1_205' title='bbox 410 1375 557 1422; x_wconf 76' lang='lat' dir='ltr'>spondet</span> <span class='ocrx_word' id='word_1_206' title='bbox 572 1376 664 1409; x_wconf 80' lang='lat' dir='ltr'>enirn</span> <span class='ocrx_word' id='word_1_207' title='bbox 681 1401 691 1417; x_wconf 88' lang='lat'><strong><em>,</em></strong></span> <span class='ocrx_word' id='word_1_208' title='bbox 717 1375 901 1424; x_wconf 57' lang='lat' dir='ltr'>Quantum</span> <span class='ocrx_word' id='word_1_209' title='bbox 915 1375 1138 1426; x_wconf 70' lang='lat' dir='ltr'>humanust-a</span> <span class='ocrx_word' id='word_1_210' title='bbox 1163 1381 1262 1419; x_wconf 76' lang='lat' dir='ltr'>ilitas</span> <span class='ocrx_word' id='word_1_211' title='bbox 1270 1383 1356 1431; x_wconf 77' lang='lat' dir='ltr'>finit</span> 
     </span>
     <span class='ocr_line' id='line_1_33' title="bbox 414 1422 1357 1480; baseline 0.012 -19"><span class='ocrx_word' id='word_1_212' title='bbox 414 1424 550 1472; x_wconf 66' lang='lat' dir='ltr'>zoscere</span> <span class='ocrx_word' id='word_1_213' title='bbox 568 1422 648 1470; x_wconf 82' lang='lat' dir='ltr'>‚scit</span> <span class='ocrx_word' id='word_1_214' title='bbox 662 1452 672 1467; x_wconf 91' lang='lat'>,</span> <span class='ocrx_word' id='word_1_215' title='bbox 694 1425 736 1464; x_wconf 52' lang='grc' dir='ltr'>όν</span> <span class='ocrx_word' id='word_1_216' title='bbox 751 1425 968 1470; x_wconf 81' lang='lat' dir='ltr'>teflifi&#39;catur</span> <span class='ocrx_word' id='word_1_217' title='bbox 980 1425 1084 1475; x_wconf 60' lang='lat' dir='ltr'>istm</span> <span class='ocrx_word' id='word_1_218' title='bbox 1096 1443 1116 1465; x_wconf 88' lang='lat' dir='ltr'>a</span> <span class='ocrx_word' id='word_1_219' title='bbox 1157 1430 1357 1480; x_wconf 61' lang='lat' dir='ltr'>hujusmodi</span> 
     </span>
     <span class='ocr_line' id='line_1_34' title="bbox 412 1475 1357 1528; baseline 0.014 -17"><span class='ocrx_word' id='word_1_220' title='bbox 412 1476 512 1525; x_wconf 76' lang='lat' dir='ltr'>officii</span> <span class='ocrx_word' id='word_1_221' title='bbox 525 1488 606 1511; x_wconf 77' lang='lat' dir='ltr'>onus</span> <span class='ocrx_word' id='word_1_222' title='bbox 619 1504 628 1517; x_wconf 97' lang='lat'><em>‚</em></span> <span class='ocrx_word' id='word_1_223' title='bbox 656 1475 720 1526; x_wconf 82' lang='lat' dir='ltr'>effe</span> <span class='ocrx_word' id='word_1_224' title='bbox 733 1476 880 1522; x_wconf 79' lang='lat' dir='ltr'>dignum</span> <span class='ocrx_word' id='word_1_225' title='bbox 895 1503 905 1518; x_wconf 73' lang='grc'><strong>.</strong></span> <span class='ocrx_word' id='word_1_226' title='bbox 930 1477 974 1516; x_wconf 83' lang='lat' dir='ltr'>Et</span> <span class='ocrx_word' id='word_1_227' title='bbox 986 1480 1074 1518; x_wconf 85' lang='lat' dir='ltr'>dicit</span> <span class='ocrx_word' id='word_1_228' title='bbox 1092 1480 1185 1528; x_wconf 85' lang='lat' dir='ltr'>Papa</span> <span class='ocrx_word' id='word_1_229' title='bbox 1203 1497 1212 1519; x_wconf 91' lang='lat'>:</span> <span class='ocrx_word' id='word_1_230' title='bbox 1234 1481 1357 1524; x_wconf 74' lang='lat' dir='ltr'>Intuli</span> 
     </span>
     <span class='ocr_line' id='line_1_35' title="bbox 410 1527 1276 1579; baseline 0.014 -20"><span class='ocrx_word' id='word_1_231' title='bbox 410 1528 659 1579; x_wconf 64' lang='lat' dir='ltr'>testificatione</span> <span class='ocrx_word' id='word_1_232' title='bbox 674 1527 826 1574; x_wconf 77' lang='lat' dir='ltr'>aliquem</span> <span class='ocrx_word' id='word_1_233' title='bbox 834 1534 981 1572; x_wconf 83' lang='lat' dir='ltr'>peccare</span> <span class='ocrx_word' id='word_1_234' title='bbox 993 1543 1060 1568; x_wconf 84' lang='lat' dir='ltr'>non</span> <span class='ocrx_word' id='word_1_235' title='bbox 1075 1532 1250 1571; x_wconf 80' lang='lat' dir='ltr'>credimus</span> <span class='ocrx_word' id='word_1_236' title='bbox 1266 1562 1276 1571; x_wconf 92' lang='lat'><strong>.</strong></span> 
     </span>
    </p>

    <p class='ocr_par' dir='ltr' id='par_1_6' title="bbox 409 1579 1358 1936">
     <span class='ocr_line' id='line_1_36' title="bbox 511 1579 1353 1629; baseline 0.011 -21"><span class='ocrx_word' id='word_1_237' title='bbox 511 1580 579 1613; x_wconf 82' lang='lat' dir='ltr'>His</span> <span class='ocrx_word' id='word_1_238' title='bbox 597 1579 706 1626; x_wconf 87' lang='lat' dir='ltr'>igitur</span> <span class='ocrx_word' id='word_1_239' title='bbox 719 1579 750 1611; x_wconf 86' lang='lat' dir='ltr'>in</span> <span class='ocrx_word' id='word_1_240' title='bbox 766 1581 1060 1623; x_wconf 82' lang='lat' dir='ltr'>promotionibus</span> <span class='ocrx_word' id='word_1_241' title='bbox 1075 1609 1086 1623; x_wconf 88' lang='lat'><strong>,</strong></span> <span class='ocrx_word' id='word_1_242' title='bbox 1101 1582 1173 1622; x_wconf 75' lang='lat' dir='ltr'>five</span> <span class='ocrx_word' id='word_1_243' title='bbox 1186 1584 1229 1619; x_wconf 84' lang='lat' dir='ltr'>ad</span> <span class='ocrx_word' id='word_1_244' title='bbox 1242 1586 1353 1629; x_wconf 72' lang='lat' dir='ltr'>Ordi-</span> 
     </span>
     <span class='ocr_line' id='line_1_37' title="bbox 410 1625 1352 1680; baseline 0.016 -22"><span class='ocrx_word' id='word_1_245' title='bbox 410 1642 472 1667; x_wconf 67' lang='lat' dir='ltr'>nes</span> <span class='ocrx_word' id='word_1_246' title='bbox 485 1657 495 1672; x_wconf 77' lang='lat'><em>,</em></span> <span class='ocrx_word' id='word_1_247' title='bbox 522 1629 593 1664; x_wconf 81' lang='lat' dir='ltr'>{ive</span> <span class='ocrx_word' id='word_1_248' title='bbox 608 1629 649 1664; x_wconf 84' lang='lat' dir='ltr'>ad</span> <span class='ocrx_word' id='word_1_249' title='bbox 664 1625 899 1676; x_wconf 68' lang='lat' dir='ltr'>quascunque</span> <span class='ocrx_word' id='word_1_250' title='bbox 915 1629 1110 1677; x_wconf 72' lang='lat' dir='ltr'>dignitates</span> <span class='ocrx_word' id='word_1_251' title='bbox 1131 1646 1193 1680; x_wconf 86' lang='lat' dir='ltr'>per</span> <span class='ocrx_word' id='word_1_252' title='bbox 1206 1636 1352 1673; x_wconf 68' lang='grc' dir='ltr'><strong>01εᾶἰο-</strong></span> 
     </span>
     <span class='ocr_line' id='line_1_38' title="bbox 409 1677 1352 1731; baseline 0.007 -13"><span class='ocrx_word' id='word_1_253' title='bbox 409 1695 488 1718; x_wconf 84' lang='lat' dir='ltr'>nem</span> <span class='ocrx_word' id='word_1_254' title='bbox 507 1680 639 1716; x_wconf 76' lang='lat' dir='ltr'>fiendas</span> <span class='ocrx_word' id='word_1_255' title='bbox 653 1683 686 1714; x_wconf 88' lang='lat' dir='ltr'>in</span> <span class='ocrx_word' id='word_1_256' title='bbox 700 1677 979 1728; x_wconf 85' lang='lat' dir='ltr'>quibuscunque</span> <span class='ocrx_word' id='word_1_257' title='bbox 992 1685 1171 1730; x_wconf 81' lang='lat' dir='ltr'>collegiis</span> <span class='ocrx_word' id='word_1_258' title='bbox 1190 1712 1199 1726; x_wconf 94' lang='lat'><em>‚</em></span> <span class='ocrx_word' id='word_1_259' title='bbox 1214 1697 1299 1731; x_wconf 79' lang='lat' dir='ltr'>puta</span> <span class='ocrx_word' id='word_1_260' title='bbox 1317 1689 1352 1725; x_wconf 85' lang='lat' dir='ltr'>in</span> 
     </span>
     <span class='ocr_line' id='line_1_39' title="bbox 410 1727 1358 1783; baseline 0.009 -18"><span class='ocrx_word' id='word_1_261' title='bbox 410 1727 769 1769; x_wconf 79' lang='lat' dir='ltr'>Vniversiratibus⁴ad</span> <span class='ocrx_word' id='word_1_262' title='bbox 794 1729 1041 1776; x_wconf 69' lang='lat' dir='ltr'>Magister-ium</span> <span class='ocrx_word' id='word_1_263' title='bbox 1055 1762 1066 1778; x_wconf 95' lang='lat'>‚</span> <span class='ocrx_word' id='word_1_264' title='bbox 1091 1736 1125 1771; x_wconf 90' lang='lat' dir='ltr'>in</span> <span class='ocrx_word' id='word_1_265' title='bbox 1155 1736 1358 1783; x_wconf 78' lang='lat' dir='ltr'>Religioni-</span> 
     </span>
     <span class='ocr_line' id='line_1_40' title="bbox 410 1781 1353 1833; baseline 0.006 -15"><span class='ocrx_word' id='word_1_266' title='bbox 410 1785 479 1818; x_wconf 87' lang='lat' dir='ltr'>bus</span> <span class='ocrx_word' id='word_1_267' title='bbox 490 1782 528 1816; x_wconf 84' lang='lat' dir='ltr'>ad</span> <span class='ocrx_word' id='word_1_268' title='bbox 547 1781 790 1817; x_wconf 64' lang='lat' dir='ltr'>Praelationem</span> <span class='ocrx_word' id='word_1_269' title='bbox 806 1808 816 1823; x_wconf 87' lang='lat'><strong>,</strong></span> <span class='ocrx_word' id='word_1_270' title='bbox 833 1784 900 1819; x_wconf 78' lang='lat' dir='ltr'>vel</span> <span class='ocrx_word' id='word_1_271' title='bbox 915 1785 959 1821; x_wconf 79' lang='lat' dir='ltr'>ad</span> <span class='ocrx_word' id='word_1_272' title='bbox 973 1787 1112 1833; x_wconf 77' lang='lat' dir='ltr'>aliquos</span> <span class='ocrx_word' id='word_1_273' title='bbox 1123 1785 1214 1822; x_wconf 54' lang='lat' dir='ltr'>alio&amp;</span> <span class='ocrx_word' id='word_1_274' title='bbox 1225 1787 1326 1824; x_wconf 59' lang='lat' dir='ltr'>aelus</span> <span class='ocrx_word' id='word_1_275' title='bbox 1341 1816 1353 1831; x_wconf 89' lang='lat'><em>,</em></span> 
     </span>
     <span class='ocr_line' id='line_1_41' title="bbox 411 1831 1355 1885; baseline 0.008 -18"><span class='ocrx_word' id='word_1_276' title='bbox 411 1832 518 1870; x_wconf 86' lang='lat' dir='ltr'>modo</span> <span class='ocrx_word' id='word_1_277' title='bbox 531 1831 804 1868; x_wconf 78' lang='lat' dir='ltr'>fitconsuetudo</span> <span class='ocrx_word' id='word_1_278' title='bbox 825 1837 1022 1882; x_wconf 79' lang='lat' dir='ltr'>approbata</span> <span class='ocrx_word' id='word_1_279' title='bbox 1038 1865 1048 1878; x_wconf 95' lang='lat'><em>‚</em></span> <span class='ocrx_word' id='word_1_280' title='bbox 1076 1849 1133 1874; x_wconf 85' lang='lat' dir='ltr'>eas</span> <span class='ocrx_word' id='word_1_281' title='bbox 1158 1837 1355 1885; x_wconf 76' lang='lat' dir='ltr'>responsio-</span> 
     </span>
     <span class='ocr_line' id='line_1_42' title="bbox 413 1882 1350 1936; baseline 0.009 -17"><span class='ocrx_word' id='word_1_282' title='bbox 413 1895 476 1922; x_wconf 81' lang='lat' dir='ltr'>nes</span> <span class='ocrx_word' id='word_1_283' title='bbox 493 1883 557 1919; x_wconf 89' lang='lat' dir='ltr'>sub</span> <span class='ocrx_word' id='word_1_284' title='bbox 571 1882 779 1932; x_wconf 79' lang='lat' dir='ltr'>juramento</span> <span class='ocrx_word' id='word_1_285' title='bbox 790 1885 967 1933; x_wconf 79' lang='lat' dir='ltr'>praestito.</span> <span class='ocrx_word' id='word_1_286' title='bbox 994 1890 1051 1926; x_wconf 85' lang='lat' dir='ltr'>vel</span> <span class='ocrx_word' id='word_1_287' title='bbox 1068 1888 1134 1928; x_wconf 87' lang='lat' dir='ltr'>sub</span> <span class='ocrx_word' id='word_1_288' title='bbox 1154 1889 1226 1928; x_wconf 75' lang='lat' dir='ltr'>fide</span> <span class='ocrx_word' id='word_1_289' title='bbox 1237 1889 1320 1931; x_wconf 82' lang='lat' dir='ltr'>data</span> <span class='ocrx_word' id='word_1_290' title='bbox 1334 1916 1350 1936; x_wconf 87' lang='lat'><em>,</em></span> 
     </span>
    </p>
   </div>
   <div class='ocr_carea' id='block_1_4' title="bbox 1297 156 1803 225">
    <p class='ocr_par' dir='ltr' id='par_1_7' title="bbox 1297 156 1803 225">
     <span class='ocr_line' id='line_1_43' title="bbox 1297 156 1803 225; baseline 0.004 -23"><span class='ocrx_word' id='word_1_291' title='bbox 1297 156 1487 225; x_wconf 65' lang='lat' dir='ltr'>Joanm&#39;s</span> <span class='ocrx_word' id='word_1_292' title='bbox 1528 158 1655 206; x_wconf 78' lang='lat' dir='ltr'>Dum·</span> <span class='ocrx_word' id='word_1_293' title='bbox 1685 157 1803 204; x_wconf 80' lang='lat' dir='ltr'>Scoti</span> 
     </span>
    </p>
   </div>
   <div class='ocr_carea' id='block_1_5' title="bbox 1419 222 2373 1527">
    <p class='ocr_par' dir='ltr' id='par_1_8' title="bbox 1420 222 2367 625">
     <span class='ocr_line' id='line_1_44' title="bbox 1427 222 2366 272; baseline 0.002 -12"><span class='ocrx_word' id='word_1_294' title='bbox 1427 225 1483 263; x_wconf 87' lang='lat' dir='ltr'>vel</span> <span class='ocrx_word' id='word_1_295' title='bbox 1500 222 1564 262; x_wconf 85' lang='lat' dir='ltr'>sub</span> <span class='ocrx_word' id='word_1_296' title='bbox 1578 225 1779 261; x_wconf 78' lang='lat' dir='ltr'>obedientia</span> <span class='ocrx_word' id='word_1_297' title='bbox 1797 223 1960 272; x_wconf 80' lang='lat' dir='ltr'>promissa</span> <span class='ocrx_word' id='word_1_298' title='bbox 1977 251 1986 267; x_wconf 90' lang='lat'>‚</span> <span class='ocrx_word' id='word_1_299' title='bbox 2011 225 2160 271; x_wconf 85' lang='lat' dir='ltr'>intelligi</span> <span class='ocrx_word' id='word_1_300' title='bbox 2179 236 2248 261; x_wconf 89' lang='lat' dir='ltr'>non</span> <span class='ocrx_word' id='word_1_301' title='bbox 2261 225 2366 262; x_wconf 84' lang='lat' dir='ltr'>debe-</span> 
     </span>
     <span class='ocr_line' id='line_1_45' title="bbox 1428 272 2367 322; baseline 0.004 -14"><span class='ocrx_word' id='word_1_302' title='bbox 1428 289 1463 313; x_wconf 79' lang='lat' dir='ltr'>re</span> <span class='ocrx_word' id='word_1_303' title='bbox 1481 300 1494 321; x_wconf 89' lang='lat'>,</span> <span class='ocrx_word' id='word_1_304' title='bbox 1521 274 1583 309; x_wconf 81' lang='lat' dir='ltr'>nifi</span> <span class='ocrx_word' id='word_1_305' title='bbox 1599 273 1642 308; x_wconf 92' lang='lat' dir='ltr'>de</span> <span class='ocrx_word' id='word_1_306' title='bbox 1656 272 1867 312; x_wconf 76' lang='lat' dir='ltr'>credulitate</span> <span class='ocrx_word' id='word_1_307' title='bbox 1883 302 1893 320; x_wconf 84' lang='grc'>,</span> <span class='ocrx_word' id='word_1_308' title='bbox 1922 286 2092 322; x_wconf 70' lang='lat' dir='ltr'>quantum</span> <span class='ocrx_word' id='word_1_309' title='bbox 2106 276 2195 320; x_wconf 73' lang='lat' dir='ltr'>finit</span> <span class='ocrx_word' id='word_1_310' title='bbox 2214 276 2367 312; x_wconf 80' lang='lat' dir='ltr'>humana</span> 
     </span>
     <span class='ocr_line' id='line_1_46' title="bbox 1420 322 2365 374; baseline 0.002 -14"><span class='ocrx_word' id='word_1_311' title='bbox 1420 324 1603 371; x_wconf 73' lang='lat' dir='ltr'>fragilitas</span> <span class='ocrx_word' id='word_1_312' title='bbox 1617 322 1753 370; x_wconf 81' lang='lat' dir='ltr'>noscere</span> <span class='ocrx_word' id='word_1_313' title='bbox 1768 350 1780 366; x_wconf 91' lang='lat'>,</span> <span class='ocrx_word' id='word_1_314' title='bbox 1801 337 1885 361; x_wconf 85' lang='lat' dir='ltr'>cum</span> <span class='ocrx_word' id='word_1_315' title='bbox 1898 324 1995 363; x_wconf 82' lang='lat' dir='ltr'>ilium</span> <span class='ocrx_word' id='word_1_316' title='bbox 2011 355 2022 370; x_wconf 91' lang='lat'><strong><em>,</em></strong></span> <span class='ocrx_word' id='word_1_317' title='bbox 2045 340 2153 374; x_wconf 87' lang='lat' dir='ltr'>quem</span> <span class='ocrx_word' id='word_1_318' title='bbox 2171 339 2240 363; x_wconf 85' lang='lat' dir='ltr'>non</span> <span class='ocrx_word' id='word_1_319' title='bbox 2264 328 2365 362; x_wconf 85' lang='lat' dir='ltr'>novit</span> 
     </span>
     <span class='ocr_line' id='line_1_47' title="bbox 1425 373 2362 423; baseline 0.003 -14"><span class='ocrx_word' id='word_1_320' title='bbox 1425 376 1612 419; x_wconf 77' lang='lat' dir='ltr'>indignum</span> <span class='ocrx_word' id='word_1_321' title='bbox 1626 400 1637 416; x_wconf 89' lang='lat'><em>,</em></span> <span class='ocrx_word' id='word_1_322' title='bbox 1657 373 1785 410; x_wconf 85' lang='lat' dir='ltr'>debeat</span> <span class='ocrx_word' id='word_1_323' title='bbox 1801 373 1971 413; x_wconf 65' lang='lat' dir='ltr'>aestimare</span> <span class='ocrx_word' id='word_1_324' title='bbox 1999 378 2148 423; x_wconf 84' lang='lat' dir='ltr'>dignum</span> <span class='ocrx_word' id='word_1_325' title='bbox 2177 403 2187 419; x_wconf 92' lang='lat'>‚</span> <span class='ocrx_word' id='word_1_326' title='bbox 2211 388 2334 414; x_wconf 89' lang='lat' dir='ltr'>omnes</span> <span class='ocrx_word' id='word_1_327' title='bbox 2349 402 2362 419; x_wconf 95' lang='lat'>,</span> 
     </span>
     <span class='ocr_line' id='line_1_48' title="bbox 1424 422 2366 475; baseline 0.002 -15"><span class='ocrx_word' id='word_1_328' title='bbox 1424 427 1572 471; x_wconf 81' lang='lat' dir='ltr'>inquam</span> <span class='ocrx_word' id='word_1_329' title='bbox 1587 448 1600 467; x_wconf 87' lang='lat'><strong>‚</strong></span> <span class='ocrx_word' id='word_1_330' title='bbox 1621 422 1797 470; x_wconf 86' lang='lat' dir='ltr'>ejusmodi</span> <span class='ocrx_word' id='word_1_331' title='bbox 1811 423 2053 470; x_wconf 69' lang='lat' dir='ltr'>responsiones</span> <span class='ocrx_word' id='word_1_332' title='bbox 2067 429 2178 475; x_wconf 82' lang='lat' dir='ltr'>accipi</span> <span class='ocrx_word' id='word_1_333' title='bbox 2199 438 2366 475; x_wconf 86' lang='lat' dir='ltr'>oportere</span> 
     </span>
     <span class='ocr_line' id='line_1_49' title="bbox 1423 472 2364 519; baseline 0.002 -9"><span class='ocrx_word' id='word_1_334' title='bbox 1423 475 1469 511; x_wconf 89' lang='lat' dir='ltr'>de</span> <span class='ocrx_word' id='word_1_335' title='bbox 1487 475 1549 510; x_wconf 87' lang='lat' dir='ltr'>illo</span> <span class='ocrx_word' id='word_1_336' title='bbox 1566 472 1759 514; x_wconf 83' lang='lat' dir='ltr'>secundum</span> <span class='ocrx_word' id='word_1_337' title='bbox 1789 475 2082 517; x_wconf 84' lang='lat' dir='ltr'>consuetudinem</span> <span class='ocrx_word' id='word_1_338' title='bbox 2112 488 2364 519; x_wconf 87' lang='lat' dir='ltr'>communem,</span> 
     </span>
     <span class='ocr_line' id='line_1_50' title="bbox 1424 523 2363 578; baseline 0.005 -19"><span class='ocrx_word' id='word_1_339' title='bbox 1424 537 1490 561; x_wconf 88' lang='lat' dir='ltr'>nec</span> <span class='ocrx_word' id='word_1_340' title='bbox 1503 523 1751 572; x_wconf 85' lang='lat' dir='ltr'>respondentes</span> <span class='ocrx_word' id='word_1_341' title='bbox 1765 535 1910 572; x_wconf 85' lang='lat' dir='ltr'>peccare</span> <span class='ocrx_word' id='word_1_342' title='bbox 1922 527 1956 562; x_wconf 86' lang='lat' dir='ltr'>in</span> <span class='ocrx_word' id='word_1_343' title='bbox 1968 530 2087 578; x_wconf 84' lang='lat' dir='ltr'>aliquo</span> <span class='ocrx_word' id='word_1_344' title='bbox 2100 556 2110 573; x_wconf 91' lang='lat'>,</span> <span class='ocrx_word' id='word_1_345' title='bbox 2138 528 2271 568; x_wconf 80' lang='lat' dir='ltr'>etiamst</span> <span class='ocrx_word' id='word_1_346' title='bbox 2286 529 2363 564; x_wconf 66' lang='lat' dir='ltr'>ita.»</span> 
     </span>
     <span class='ocr_line' id='line_1_51' title="bbox 1427 575 2060 625; baseline 0.013 -18"><span class='ocrx_word' id='word_1_347' title='bbox 1427 583 1619 625; x_wconf 81' lang='lat' dir='ltr'>promotus</span> <span class='ocrx_word' id='word_1_348' title='bbox 1634 586 1755 611; x_wconf 84' lang='lat' dir='ltr'>revera</span> <span class='ocrx_word' id='word_1_349' title='bbox 1774 586 1843 609; x_wconf 90' lang='lat' dir='ltr'>non</span> <span class='ocrx_word' id='word_1_350' title='bbox 1857 575 1895 611; x_wconf 77' lang='lat' dir='ltr'>sn</span> <span class='ocrx_word' id='word_1_351' title='bbox 1909 576 2037 621; x_wconf 85' lang='lat' dir='ltr'>dignus</span> <span class='ocrx_word' id='word_1_352' title='bbox 2049 607 2060 615; x_wconf 76' lang='grc'>,</span> 
     </span>
    </p>

    <p class='ocr_par' dir='ltr' id='par_1_9' title="bbox 1419 623 2372 1474">
     <span class='ocr_line' id='line_1_52' title="bbox 1527 623 2364 673; baseline 0.011 -15"><span class='ocrx_word' id='word_1_353' title='bbox 1527 623 1598 659; x_wconf 91' lang='lat' dir='ltr'>Vel</span> <span class='ocrx_word' id='word_1_354' title='bbox 1614 635 1709 662; x_wconf 83' lang='lat' dir='ltr'>certe</span> <span class='ocrx_word' id='word_1_355' title='bbox 1725 623 1841 671; x_wconf 76' lang='lat' dir='ltr'>potest</span> <span class='ocrx_word' id='word_1_356' title='bbox 1857 625 2058 673; x_wconf 84' lang='lat' dir='ltr'>responderi</span> <span class='ocrx_word' id='word_1_357' title='bbox 2074 640 2154 666; x_wconf 87' lang='lat' dir='ltr'>cum</span> <span class='ocrx_word' id='word_1_358' title='bbox 2180 630 2364 667; x_wconf 84' lang='lat' dir='ltr'>additione</span> 
     </span>
     <span class='ocr_line' id='line_1_53' title="bbox 1427 674 2363 722; baseline 0.01 -14"><span class='ocrx_word' id='word_1_359' title='bbox 1427 674 1487 711; x_wconf 86' lang='lat' dir='ltr'>illa</span> <span class='ocrx_word' id='word_1_360' title='bbox 1502 699 1514 716; x_wconf 93' lang='lat'>,</span> <span class='ocrx_word' id='word_1_361' title='bbox 1545 685 1652 722; x_wconf 83' lang='lat' dir='ltr'>quam</span> <span class='ocrx_word' id='word_1_362' title='bbox 1666 675 1765 720; x_wconf 86' lang='lat' dir='ltr'>ponit</span> <span class='ocrx_word' id='word_1_363' title='bbox 1781 676 1884 712; x_wconf 86' lang='lat' dir='ltr'>allata</span> <span class='ocrx_word' id='word_1_364' title='bbox 1901 679 2096 717; x_wconf 85' lang='lat' dir='ltr'>Decretalis</span> <span class='ocrx_word' id='word_1_365' title='bbox 2113 706 2125 722; x_wconf 91' lang='lat'>‚</span> <span class='ocrx_word' id='word_1_366' title='bbox 2146 681 2180 716; x_wconf 73' lang='lat'>8&lt;</span> <span class='ocrx_word' id='word_1_367' title='bbox 2198 692 2269 716; x_wconf 89' lang='lat' dir='ltr'>non</span> <span class='ocrx_word' id='word_1_368' title='bbox 2287 681 2363 719; x_wconf 75' lang='lat' dir='ltr'>stm-</span> 
     </span>
     <span class='ocr_line' id='line_1_54' title="bbox 1427 725 2364 778; baseline 0.009 -19"><span class='ocrx_word' id='word_1_369' title='bbox 1427 725 1569 775; x_wconf 78' lang='lat' dir='ltr'>pliciter</span> <span class='ocrx_word' id='word_1_370' title='bbox 1584 752 1596 767; x_wconf 86' lang='lat'>,</span> <span class='ocrx_word' id='word_1_371' title='bbox 1618 725 1683 774; x_wconf 78' lang='lat' dir='ltr'>effe</span> <span class='ocrx_word' id='word_1_372' title='bbox 1695 725 1839 772; x_wconf 76' lang='lat' dir='ltr'>dignum</span> <span class='ocrx_word' id='word_1_373' title='bbox 1854 735 2022 773; x_wconf 77' lang='lat' dir='ltr'>quantum</span> <span class='ocrx_word' id='word_1_374' title='bbox 2025 728 2113 775; x_wconf 78' lang='lat' dir='ltr'>finit</span> <span class='ocrx_word' id='word_1_375' title='bbox 2124 729 2364 778; x_wconf 81' lang='lat' dir='ltr'>humanasra-</span> 
     </span>
     <span class='ocr_line' id='line_1_55' title="bbox 1419 775 2366 827; baseline 0.008 -18"><span class='ocrx_word' id='word_1_376' title='bbox 1419 775 1552 823; x_wconf 76' lang='lat' dir='ltr'>gilitas</span> <span class='ocrx_word' id='word_1_377' title='bbox 1568 802 1578 811; x_wconf 85' lang='lat'><strong>.</strong></span> <span class='ocrx_word' id='word_1_378' title='bbox 1603 777 1646 812; x_wconf 85' lang='lat' dir='ltr'>Et</span> <span class='ocrx_word' id='word_1_379' title='bbox 1664 777 1699 811; x_wconf 88' lang='lat' dir='ltr'>in</span> <span class='ocrx_word' id='word_1_380' title='bbox 1727 777 1859 813; x_wconf 90' lang='lat' dir='ltr'>talibus</span> <span class='ocrx_word' id='word_1_381' title='bbox 1885 779 1990 814; x_wconf 87' lang='lat' dir='ltr'>etiam</span> <span class='ocrx_word' id='word_1_382' title='bbox 2006 779 2128 827; x_wconf 84' lang='lat' dir='ltr'>Judex</span> <span class='ocrx_word' id='word_1_383' title='bbox 2152 791 2366 826; x_wconf 86' lang='lat' dir='ltr'>promovens</span> 
     </span>
     <span class='ocr_line' id='line_1_56' title="bbox 1427 826 2369 872; baseline 0.006 -11"><span class='ocrx_word' id='word_1_384' title='bbox 1427 838 1499 864; x_wconf 87' lang='lat' dir='ltr'>non</span> <span class='ocrx_word' id='word_1_385' title='bbox 1516 837 1667 872; x_wconf 80' lang='lat' dir='ltr'>peccat3</span> <span class='ocrx_word' id='word_1_386' title='bbox 1689 826 1774 872; x_wconf 87' lang='lat' dir='ltr'>quia</span> <span class='ocrx_word' id='word_1_387' title='bbox 1792 827 2015 865; x_wconf 85' lang='lat' dir='ltr'>consuetudo</span> <span class='ocrx_word' id='word_1_388' title='bbox 2029 829 2077 865; x_wconf 86' lang='lat' dir='ltr'>est</span> <span class='ocrx_word' id='word_1_389' title='bbox 2094 841 2133 866; x_wconf 91' lang='lat' dir='ltr'>ut</span> <span class='ocrx_word' id='word_1_390' title='bbox 2145 830 2230 867; x_wconf 84' lang='lat' dir='ltr'>talis</span> <span class='ocrx_word' id='word_1_391' title='bbox 2243 831 2369 867; x_wconf 77' lang='lat' dir='ltr'>testifi-</span> 
     </span>
     <span class='ocr_line' id='line_1_57' title="bbox 1427 875 2366 920; baseline 0.005 -8"><span class='ocrx_word' id='word_1_392' title='bbox 1427 876 1524 912; x_wconf 84' lang='lat' dir='ltr'>catio</span> <span class='ocrx_word' id='word_1_393' title='bbox 1537 875 1581 912; x_wconf 93' lang='lat' dir='ltr'>de</span> <span class='ocrx_word' id='word_1_394' title='bbox 1609 875 1818 912; x_wconf 83' lang='lat' dir='ltr'>credulitate</span> <span class='ocrx_word' id='word_1_395' title='bbox 1849 877 1996 913; x_wconf 85' lang='lat' dir='ltr'>sufficiat</span> <span class='ocrx_word' id='word_1_396' title='bbox 2011 893 2022 920; x_wconf 81' lang='lat'><em>3</em></span> <span class='ocrx_word' id='word_1_397' title='bbox 2051 880 2108 915; x_wconf 90' lang='lat' dir='ltr'>hic</span> <span class='ocrx_word' id='word_1_398' title='bbox 2132 881 2224 916; x_wconf 86' lang='lat' dir='ltr'>enim</span> <span class='ocrx_word' id='word_1_399' title='bbox 2251 881 2366 918; x_wconf 85' lang='lat' dir='ltr'>honor</span> 
     </span>
     <span class='ocr_line' id='line_1_58' title="bbox 1428 926 2367 976; baseline 0.004 -13"><span class='ocrx_word' id='word_1_400' title='bbox 1428 927 1643 973; x_wconf 85' lang='lat' dir='ltr'>ampliatur,</span> <span class='ocrx_word' id='word_1_401' title='bbox 1668 926 1702 961; x_wconf 76' lang='lat'>8&lt;</span> <span class='ocrx_word' id='word_1_402' title='bbox 1717 926 1839 963; x_wconf 89' lang='lat' dir='ltr'>odium</span> <span class='ocrx_word' id='word_1_403' title='bbox 1859 927 2082 975; x_wconf 78' lang='lat' dir='ltr'>restringitur</span> <span class='ocrx_word' id='word_1_404' title='bbox 2097 956 2109 972; x_wconf 92' lang='lat'>‚</span> <span class='ocrx_word' id='word_1_405' title='bbox 2135 928 2239 976; x_wconf 85' lang='lat' dir='ltr'>juxta</span> <span class='ocrx_word' id='word_1_406' title='bbox 2271 932 2367 967; x_wconf 87' lang='lat' dir='ltr'>illam</span> 
     </span>
     <span class='ocr_line' id='line_1_59' title="bbox 1428 977 2368 1028; baseline 0.003 -15"><span class='ocrx_word' id='word_1_407' title='bbox 1428 977 1718 1025; x_wconf 86' lang='lat' dir='ltr'>regulamJuris:</span> <span class='ocrx_word' id='word_1_408' title='bbox 1746 978 1831 1022; x_wconf 86' lang='lat' dir='ltr'>quia</span> <span class='ocrx_word' id='word_1_409' title='bbox 1847 979 1881 1013; x_wconf 83' lang='lat' dir='ltr'>in</span> <span class='ocrx_word' id='word_1_410' title='bbox 1900 978 2232 1017; x_wconf 81' lang='lat' dir='ltr'>condemnabilibus</span> <span class='ocrx_word' id='word_1_411' title='bbox 2257 993 2368 1028; x_wconf 87' lang='lat' dir='ltr'>opor-</span> 
     </span>
     <span class='ocr_line' id='line_1_60' title="bbox 1429 1025 2369 1073; baseline 0.003 -10"><span class='ocrx_word' id='word_1_412' title='bbox 1429 1038 1480 1063; x_wconf 86' lang='lat' dir='ltr'>tet</span> <span class='ocrx_word' id='word_1_413' title='bbox 1495 1026 1618 1063; x_wconf 89' lang='lat' dir='ltr'>testem</span> <span class='ocrx_word' id='word_1_414' title='bbox 1629 1025 1809 1072; x_wconf 86' lang='lat' dir='ltr'>jurantem</span> <span class='ocrx_word' id='word_1_415' title='bbox 1822 1027 1937 1066; x_wconf 61' lang='lat' dir='ltr'>striete</span> <span class='ocrx_word' id='word_1_416' title='bbox 1953 1028 2067 1065; x_wconf 88' lang='lat' dir='ltr'>dicere</span> <span class='ocrx_word' id='word_1_417' title='bbox 2084 1031 2271 1068; x_wconf 84' lang='lat' dir='ltr'>veritatem</span> <span class='ocrx_word' id='word_1_418' title='bbox 2287 1057 2299 1073; x_wconf 90' lang='lat'><strong>,</strong></span> <span class='ocrx_word' id='word_1_419' title='bbox 2314 1031 2369 1066; x_wconf 88' lang='lat' dir='ltr'>id-</span> 
     </span>
     <span class='ocr_line' id='line_1_61' title="bbox 1428 1075 2369 1127; baseline 0.003 -14"><span class='ocrx_word' id='word_1_420' title='bbox 1428 1090 1500 1125; x_wconf 91' lang='lat' dir='ltr'>que</span> <span class='ocrx_word' id='word_1_421' title='bbox 1512 1075 1728 1115; x_wconf 74' lang='lat' dir='ltr'>afl‘erendum</span> <span class='ocrx_word' id='word_1_422' title='bbox 1744 1089 1810 1124; x_wconf 83' lang='lat' dir='ltr'>pro</span> <span class='ocrx_word' id='word_1_423' title='bbox 1826 1089 1952 1120; x_wconf 82' lang='lat' dir='ltr'>cert03</span> <span class='ocrx_word' id='word_1_424' title='bbox 1976 1080 2135 1127; x_wconf 86' lang='lat' dir='ltr'>alioquin</span> <span class='ocrx_word' id='word_1_425' title='bbox 2149 1079 2246 1116; x_wconf 85' lang='lat' dir='ltr'>haud</span> <span class='ocrx_word' id='word_1_426' title='bbox 2278 1081 2369 1118; x_wconf 81' lang='lat' dir='ltr'>foret</span> 
     </span>
     <span class='ocr_line' id='line_1_62' title="bbox 1429 1127 2370 1167; baseline 0.003 -3"><span class='ocrx_word' id='word_1_427' title='bbox 1429 1128 1599 1165; x_wconf 79' lang='lat' dir='ltr'>sententia</span> <span class='ocrx_word' id='word_1_428' title='bbox 1623 1127 1928 1165; x_wconf 85' lang='lat' dir='ltr'>condemnationis</span> <span class='ocrx_word' id='word_1_429' title='bbox 1951 1129 2092 1166; x_wconf 77' lang='lat' dir='ltr'>ferenda</span> <span class='ocrx_word' id='word_1_430' title='bbox 2119 1155 2128 1167; x_wconf 85' lang='lat'>.</span> <span class='ocrx_word' id='word_1_431' title='bbox 2157 1131 2295 1167; x_wconf 89' lang='lat' dir='ltr'>Verum</span> <span class='ocrx_word' id='word_1_432' title='bbox 2323 1130 2370 1167; x_wconf 84' lang='lat' dir='ltr'>ad</span> 
     </span>
     <span class='ocr_line' id='line_1_63' title="bbox 1431 1178 2372 1227; baseline 0.001 -12"><span class='ocrx_word' id='word_1_433' title='bbox 1431 1178 1634 1215; x_wconf 86' lang='lat' dir='ltr'>sententiam</span> <span class='ocrx_word' id='word_1_434' title='bbox 1650 1189 1729 1224; x_wconf 86' lang='lat' dir='ltr'>quae</span> <span class='ocrx_word' id='word_1_435' title='bbox 1749 1178 1857 1214; x_wconf 87' lang='lat' dir='ltr'>fertur</span> <span class='ocrx_word' id='word_1_436' title='bbox 1871 1181 1904 1215; x_wconf 84' lang='lat' dir='ltr'>in</span> <span class='ocrx_word' id='word_1_437' title='bbox 1922 1179 2107 1217; x_wconf 82' lang='lat' dir='ltr'>favoribus</span> <span class='ocrx_word' id='word_1_438' title='bbox 2121 1208 2133 1224; x_wconf 93' lang='lat'>‚</span> <span class='ocrx_word' id='word_1_439' title='bbox 2147 1180 2228 1218; x_wconf 87' lang='lat' dir='ltr'>satis</span> <span class='ocrx_word' id='word_1_440' title='bbox 2244 1180 2292 1217; x_wconf 89' lang='lat' dir='ltr'>est</span> <span class='ocrx_word' id='word_1_441' title='bbox 2308 1178 2372 1227; x_wconf 89' lang='lat' dir='ltr'>ju-</span> 
     </span>
     <span class='ocr_line' id='line_1_64' title="bbox 1431 1228 2370 1278; baseline 0.004 -13"><span class='ocrx_word' id='word_1_442' title='bbox 1431 1239 1636 1265; x_wconf 88' lang='lat' dir='ltr'>ramentum</span> <span class='ocrx_word' id='word_1_443' title='bbox 1665 1228 1708 1265; x_wconf 88' lang='lat' dir='ltr'>de</span> <span class='ocrx_word' id='word_1_444' title='bbox 1721 1229 1952 1273; x_wconf 85' lang='lat' dir='ltr'>credulitate,</span> <span class='ocrx_word' id='word_1_445' title='bbox 1978 1230 2153 1278; x_wconf 81' lang='lat' dir='ltr'>potiffime</span> <span class='ocrx_word' id='word_1_446' title='bbox 2179 1233 2240 1268; x_wconf 89' lang='lat' dir='ltr'>ubi</span> <span class='ocrx_word' id='word_1_447' title='bbox 2263 1244 2302 1268; x_wconf 84' lang='lat' dir='ltr'>ea</span> <span class='ocrx_word' id='word_1_448' title='bbox 2315 1233 2370 1269; x_wconf 82' lang='lat' dir='ltr'>vi·</span> 
     </span>
     <span class='ocr_line' id='line_1_65' title="bbox 1429 1277 2370 1330; baseline 0.004 -15"><span class='ocrx_word' id='word_1_449' title='bbox 1429 1290 1489 1325; x_wconf 87' lang='lat' dir='ltr'>get</span> <span class='ocrx_word' id='word_1_450' title='bbox 1503 1277 1726 1315; x_wconf 86' lang='lat' dir='ltr'>consuetudo</span> <span class='ocrx_word' id='word_1_451' title='bbox 1741 1304 1752 1320; x_wconf 93' lang='lat'><em>‚</em></span> <span class='ocrx_word' id='word_1_452' title='bbox 1775 1280 1831 1316; x_wconf 87' lang='lat' dir='ltr'>vel</span> <span class='ocrx_word' id='word_1_453' title='bbox 1852 1282 1906 1316; x_wconf 91' lang='lat' dir='ltr'>lex</span> <span class='ocrx_word' id='word_1_454' title='bbox 1919 1282 2069 1328; x_wconf 74' lang='lat' dir='ltr'>positiva</span> <span class='ocrx_word' id='word_1_455' title='bbox 2085 1282 2118 1317; x_wconf 89' lang='lat' dir='ltr'>in</span> <span class='ocrx_word' id='word_1_456' title='bbox 2130 1282 2298 1327; x_wconf 89' lang='lat' dir='ltr'>Collegio</span> <span class='ocrx_word' id='word_1_457' title='bbox 2313 1281 2370 1330; x_wconf 82' lang='lat' dir='ltr'>ju.</span> 
     </span>
     <span class='ocr_line' id='line_1_66' title="bbox 1430 1328 2370 1379; baseline 0.007 -17"><span class='ocrx_word' id='word_1_458' title='bbox 1430 1341 1507 1365; x_wconf 82' lang='lat' dir='ltr'>rare</span> <span class='ocrx_word' id='word_1_459' title='bbox 1523 1328 1566 1363; x_wconf 88' lang='lat' dir='ltr'>de</span> <span class='ocrx_word' id='word_1_460' title='bbox 1581 1328 1792 1364; x_wconf 85' lang='lat' dir='ltr'>credulitate</span> <span class='ocrx_word' id='word_1_461' title='bbox 1808 1357 1818 1371; x_wconf 88' lang='lat'>‚</span> <span class='ocrx_word' id='word_1_462' title='bbox 1840 1342 1917 1366; x_wconf 88' lang='lat' dir='ltr'>nam</span> <span class='ocrx_word' id='word_1_463' title='bbox 1934 1343 2083 1379; x_wconf 88' lang='lat' dir='ltr'>propter</span> <span class='ocrx_word' id='word_1_464' title='bbox 2105 1333 2293 1368; x_wconf 84' lang='lat' dir='ltr'>veritatem</span> <span class='ocrx_word' id='word_1_465' title='bbox 2321 1335 2370 1369; x_wconf 87' lang='lat' dir='ltr'>ita</span> 
     </span>
     <span class='ocr_line' id='line_1_67' title="bbox 1427 1377 2371 1431; baseline 0.007 -16"><span class='ocrx_word' id='word_1_466' title='bbox 1427 1377 1647 1415; x_wconf 77' lang='lat' dir='ltr'>testificatam</span> <span class='ocrx_word' id='word_1_467' title='bbox 1676 1377 1862 1428; x_wconf 70' lang='lat' dir='ltr'>praefidens</span> <span class='ocrx_word' id='word_1_468' title='bbox 1886 1380 1999 1430; x_wconf 86' lang='lat' dir='ltr'>potest</span> <span class='ocrx_word' id='word_1_469' title='bbox 2023 1394 2233 1431; x_wconf 88' lang='lat' dir='ltr'>promovete</span> <span class='ocrx_word' id='word_1_470' title='bbox 2261 1383 2303 1421; x_wconf 84' lang='lat' dir='ltr'>ad</span> <span class='ocrx_word' id='word_1_471' title='bbox 2316 1395 2371 1422; x_wconf 87' lang='lat' dir='ltr'>ta·</span> 
     </span>
     <span class='ocr_line' id='line_1_68' title="bbox 1430 1428 1683 1474; baseline -0.024 -5"><span class='ocrx_word' id='word_1_472' title='bbox 1430 1430 1496 1469; x_wconf 86' lang='lat' dir='ltr'>lem</span> <span class='ocrx_word' id='word_1_473' title='bbox 1513 1428 1662 1474; x_wconf 84' lang='lat' dir='ltr'>gradum</span> <span class='ocrx_word' id='word_1_474' title='bbox 1675 1454 1683 1464; x_wconf 90' lang='lat'><strong>.</strong></span> 
     </span>
    </p>

    <p class='ocr_par' dir='ltr' id='par_1_10' title="bbox 1528 1477 2373 1527">
     <span class='ocr_line' id='line_1_69' title="bbox 1528 1477 2373 1527; baseline 0.005 -12"><span class='ocrx_word' id='word_1_475' title='bbox 1528 1479 1709 1516; x_wconf 81' lang='lat' dir='ltr'>Caeterutn</span> <span class='ocrx_word' id='word_1_476' title='bbox 1726 1477 1783 1516; x_wconf 86' lang='lat' dir='ltr'>seu</span> <span class='ocrx_word' id='word_1_477' title='bbox 1796 1480 1830 1516; x_wconf 86' lang='lat' dir='ltr'>in</span> <span class='ocrx_word' id='word_1_478' title='bbox 1848 1479 2106 1520; x_wconf 80' lang='lat' dir='ltr'>favorabilibus</span> <span class='ocrx_word' id='word_1_479' title='bbox 2119 1507 2131 1527; x_wconf 91' lang='lat'>‚</span> <span class='ocrx_word' id='word_1_480' title='bbox 2152 1481 2212 1521; x_wconf 83' lang='lat' dir='ltr'>seu</span> <span class='ocrx_word' id='word_1_481' title='bbox 2226 1485 2261 1520; x_wconf 90' lang='lat' dir='ltr'>in</span> <span class='ocrx_word' id='word_1_482' title='bbox 2272 1485 2373 1519; x_wconf 89' lang='lat' dir='ltr'>odio·</span> 
     </span>
    </p>
   </div>
   <div class='ocr_carea' id='block_1_6' title="bbox 1398 1528 2371 1631">
    <p class='ocr_par' dir='ltr' id='par_1_11' title="bbox 1398 1528 2371 1631">
     <span class='ocr_line' id='line_1_70' title="bbox 1398 1528 2371 1582; baseline 0.003 -15"><span class='ocrx_word' id='word_1_483' title='bbox 1398 1553 1399 1556; x_wconf 64' lang='lat'><em>=</em></span> <span class='ocrx_word' id='word_1_484' title='bbox 1428 1531 1471 1569; x_wconf 76' lang='lat' dir='ltr'>fis·</span> <span class='ocrx_word' id='word_1_485' title='bbox 1488 1559 1498 1575; x_wconf 91' lang='lat'><em>‚</em></span> <span class='ocrx_word' id='word_1_486' title='bbox 1525 1529 1650 1579; x_wconf 90' lang='lat' dir='ltr'>jurans</span> <span class='ocrx_word' id='word_1_487' title='bbox 1663 1528 1704 1565; x_wconf 91' lang='lat' dir='ltr'>de</span> <span class='ocrx_word' id='word_1_488' title='bbox 1718 1530 1778 1566; x_wconf 87' lang='lat' dir='ltr'>illo</span> <span class='ocrx_word' id='word_1_489' title='bbox 1795 1558 1806 1573; x_wconf 90' lang='lat'><em>‚</em></span> <span class='ocrx_word' id='word_1_490' title='bbox 1832 1531 1938 1578; x_wconf 88' lang='lat' dir='ltr'>cujus</span> <span class='ocrx_word' id='word_1_491' title='bbox 1951 1533 2154 1582; x_wconf 76' lang='lat' dir='ltr'>oppositum</span> <span class='ocrx_word' id='word_1_492' title='bbox 2168 1534 2280 1580; x_wconf 86' lang='lat' dir='ltr'>magis</span> <span class='ocrx_word' id='word_1_493' title='bbox 2291 1546 2371 1570; x_wconf 83' lang='lat' dir='ltr'>cre-</span> 
     </span>
     <span class='ocr_line' id='line_1_71' title="bbox 1400 1580 2370 1631; baseline 0.001 -12"><span class='ocrx_word' id='word_1_494' title='bbox 1400 1627 1403 1630; x_wconf 25' lang='grc' dir='ltr'>Ι</span> <span class='ocrx_word' id='word_1_495' title='bbox 1427 1583 1480 1619; x_wconf 87' lang='lat' dir='ltr'>dir</span> <span class='ocrx_word' id='word_1_496' title='bbox 1499 1609 1511 1625; x_wconf 92' lang='lat'>‚</span> <span class='ocrx_word' id='word_1_497' title='bbox 1539 1582 1593 1617; x_wconf 84' lang='lat' dir='ltr'>vel</span> <span class='ocrx_word' id='word_1_498' title='bbox 1608 1580 1650 1618; x_wconf 89' lang='lat' dir='ltr'>de</span> <span class='ocrx_word' id='word_1_499' title='bbox 1664 1592 1742 1627; x_wconf 91' lang='lat' dir='ltr'>quo</span> <span class='ocrx_word' id='word_1_500' title='bbox 1763 1581 1811 1618; x_wconf 86' lang='lat' dir='ltr'>est</span> <span class='ocrx_word' id='word_1_501' title='bbox 1836 1581 1968 1621; x_wconf 87' lang='lat' dir='ltr'>dubius</span> <span class='ocrx_word' id='word_1_502' title='bbox 1984 1610 1995 1625; x_wconf 94' lang='lat'>‚</span> <span class='ocrx_word' id='word_1_503' title='bbox 2024 1583 2133 1625; x_wconf 88' lang='lat' dir='ltr'>idest,</span> <span class='ocrx_word' id='word_1_504' title='bbox 2162 1596 2232 1620; x_wconf 87' lang='lat' dir='ltr'>non</span> <span class='ocrx_word' id='word_1_505' title='bbox 2257 1586 2370 1631; x_wconf 82' lang='lat' dir='ltr'>magis</span> 
     </span>
    </p>
   </div>
   <div class='ocr_carea' id='block_1_7' title="bbox 1426 1632 2371 1883">
    <p class='ocr_par' dir='ltr' id='par_1_12' title="bbox 1426 1632 2371 1883">
     <span class='ocr_line' id='line_1_72' title="bbox 1427 1632 2371 1682; baseline 0.001 -13"><span class='ocrx_word' id='word_1_506' title='bbox 1427 1632 1611 1669; x_wconf 84' lang='lat' dir='ltr'>ass&#39;entitur</span> <span class='ocrx_word' id='word_1_507' title='bbox 1628 1632 1688 1668; x_wconf 84' lang='lat' dir='ltr'>uni</span> <span class='ocrx_word' id='word_1_508' title='bbox 1704 1633 1795 1679; x_wconf 81' lang='lat' dir='ltr'>parti</span> <span class='ocrx_word' id='word_1_509' title='bbox 1811 1645 1917 1678; x_wconf 89' lang='lat' dir='ltr'>quam</span> <span class='ocrx_word' id='word_1_510' title='bbox 1935 1636 2054 1677; x_wconf 86' lang='lat' dir='ltr'>alteri,</span> <span class='ocrx_word' id='word_1_511' title='bbox 2070 1636 2264 1671; x_wconf 85' lang='lat' dir='ltr'>mortaliter</span> <span class='ocrx_word' id='word_1_512' title='bbox 2288 1647 2371 1682; x_wconf 84' lang='lat' dir='ltr'>pec·</span> 
     </span>
     <span class='ocr_line' id='line_1_73' title="bbox 1428 1681 2369 1732; baseline 0.002 -12"><span class='ocrx_word' id='word_1_513' title='bbox 1428 1696 1486 1720; x_wconf 84' lang='lat' dir='ltr'>cat</span> <span class='ocrx_word' id='word_1_514' title='bbox 1500 1710 1512 1727; x_wconf 88' lang='lat'>‚</span> <span class='ocrx_word' id='word_1_515' title='bbox 1533 1683 1618 1730; x_wconf 78' lang='lat' dir='ltr'>quia</span> <span class='ocrx_word' id='word_1_516' title='bbox 1634 1681 1780 1718; x_wconf 86' lang='lat' dir='ltr'>adducit</span> <span class='ocrx_word' id='word_1_517' title='bbox 1801 1683 2102 1731; x_wconf 87' lang='lat' dir='ltr'>Deumtanquam</span> <span class='ocrx_word' id='word_1_518' title='bbox 2129 1685 2250 1722; x_wconf 84' lang='lat' dir='ltr'>testem</span> <span class='ocrx_word' id='word_1_519' title='bbox 2263 1685 2344 1732; x_wconf 87' lang='lat' dir='ltr'>ejus</span> <span class='ocrx_word' id='word_1_520' title='bbox 2356 1711 2369 1728; x_wconf 87' lang='lat'><strong><em>,</em></strong></span> 
     </span>
     <span class='ocr_line' id='line_1_74' title="bbox 1427 1731 2370 1788; baseline -0.001 -16"><span class='ocrx_word' id='word_1_521' title='bbox 1427 1731 1677 1788; x_wconf 62' lang='lat' dir='ltr'>quodjnterim</span> <span class='ocrx_word' id='word_1_522' title='bbox 1693 1732 1754 1767; x_wconf 78' lang='lat' dir='ltr'>fibi</span> <span class='ocrx_word' id='word_1_523' title='bbox 1766 1744 1902 1770; x_wconf 87' lang='lat' dir='ltr'>certum</span> <span class='ocrx_word' id='word_1_524' title='bbox 1921 1746 1990 1770; x_wconf 89' lang='lat' dir='ltr'>non</span> <span class='ocrx_word' id='word_1_525' title='bbox 2003 1735 2051 1771; x_wconf 89' lang='lat' dir='ltr'>est</span> <span class='ocrx_word' id='word_1_526' title='bbox 2066 1748 2077 1777; x_wconf 78' lang='lat'><em>3</em></span> <span class='ocrx_word' id='word_1_527' title='bbox 2102 1736 2156 1771; x_wconf 87' lang='lat' dir='ltr'>vel</span> <span class='ocrx_word' id='word_1_528' title='bbox 2168 1736 2370 1783; x_wconf 73' lang='lat' dir='ltr'>oppositum</span> 
     </span>
     <span class='ocr_line' id='line_1_75' title="bbox 1428 1781 2367 1834; baseline 0.001 -13"><span class='ocrx_word' id='word_1_529' title='bbox 1428 1788 1543 1832; x_wconf 79' lang='lat' dir='ltr'>magis</span> <span class='ocrx_word' id='word_1_530' title='bbox 1558 1784 1671 1820; x_wconf 89' lang='lat' dir='ltr'>credit</span> <span class='ocrx_word' id='word_1_531' title='bbox 1686 1781 1752 1820; x_wconf 81' lang='lat' dir='ltr'>effe</span> <span class='ocrx_word' id='word_1_532' title='bbox 1781 1796 1904 1822; x_wconf 78' lang='lat' dir='ltr'>verum</span> <span class='ocrx_word' id='word_1_533' title='bbox 1919 1810 1931 1826; x_wconf 89' lang='lat'>‚</span> <span class='ocrx_word' id='word_1_534' title='bbox 1958 1784 2077 1832; x_wconf 73' lang='lat' dir='ltr'>{leque</span> <span class='ocrx_word' id='word_1_535' title='bbox 2092 1787 2278 1834; x_wconf 80' lang='lat' dir='ltr'>periurans</span> <span class='ocrx_word' id='word_1_536' title='bbox 2294 1785 2367 1826; x_wconf 68' lang='lat' dir='ltr'>ests</span> 
     </span>
     <span class='ocr_line' id='line_1_76' title="bbox 1426 1834 1974 1883; baseline -0.007 -9"><span class='ocrx_word' id='word_1_537' title='bbox 1426 1839 1462 1876; x_wconf 87' lang='lat'>&amp;</span> <span class='ocrx_word' id='word_1_538' title='bbox 1476 1837 1601 1883; x_wconf 78' lang='lat' dir='ltr'>falsum</span> <span class='ocrx_word' id='word_1_539' title='bbox 1613 1834 1852 1872; x_wconf 89' lang='lat' dir='ltr'>testimonium</span> <span class='ocrx_word' id='word_1_540' title='bbox 1865 1834 1974 1871; x_wconf 84' lang='lat' dir='ltr'>dicit.</span> 
     </span>
    </p>
   </div>
   <div class='ocr_carea' id='block_1_8' title="bbox 677 2433 2177 2964">
    <p class='ocr_par' dir='ltr' id='par_1_13' title="bbox 677 2433 2177 2964">
     <span class='ocr_line' id='line_1_77' title="bbox 677 2433 2177 2964; baseline 0 1082"><span class='ocrx_word' id='word_1_541' title='bbox 677 2433 2177 2964; x_wconf 95' lang='lat' dir='ltr'> </span> 
     </span>
    </p>
   </div>
   <div class='ocr_carea' id='block_1_9' title="bbox 2179 3866 2325 3914">
    <p class='ocr_par' dir='ltr' id='par_1_14' title="bbox 2179 3866 2325 3914">
     <span class='ocr_line' id='line_1_78' title="bbox 2179 3866 2325 3914; baseline -0.007 -9"><span class='ocrx_word' id='word_1_542' title='bbox 2179 3866 2325 3914; x_wconf 56' lang='grc' dir='ltr'>αυε-</span> 
     </span>
    </p>
   </div>
   <div class='ocr_carea' id='block_1_10' title="bbox 2399 452 2600 614">
    <p class='ocr_par' dir='ltr' id='par_1_15' title="bbox 2399 452 2600 614">
     <span class='ocr_line' id='line_1_79' title="bbox 2402 452 2587 500; baseline 0.011 -9"><span class='ocrx_word' id='word_1_543' title='bbox 2402 452 2587 500; x_wconf 49' lang='lat' dir='ltr'>,Diffierentia-</span> 
     </span>
     <span class='ocr_line' id='line_1_80' title="bbox 2401 501 2600 544; baseline 0.07 -23"><span class='ocrx_word' id='word_1_544' title='bbox 2401 501 2473 523; x_wconf 86' lang='lat' dir='ltr'>mter</span> <span class='ocrx_word' id='word_1_545' title='bbox 2523 506 2600 544; x_wconf 69' lang='lat' dir='ltr'>jura-J</span> 
     </span>
     <span class='ocr_line' id='line_1_81' title="bbox 2405 539 2599 587; baseline 0.015 -15"><span class='ocrx_word' id='word_1_546' title='bbox 2405 539 2498 572; x_wconf 71' lang='lat' dir='ltr'>{neutfi</span> <span class='ocrx_word' id='word_1_547' title='bbox 2510 540 2534 570; x_wconf 77' lang='lat'>1&#39;0</span> <span class='ocrx_word' id='word_1_548' title='bbox 2546 546 2599 587; x_wconf 57' lang='grc'>(6.4</span> 
     </span>
     <span class='ocr_line' id='line_1_82' title="bbox 2399 574 2598 614; baseline 0.015 -6"><span class='ocrx_word' id='word_1_549' title='bbox 2399 574 2598 614; x_wconf 44' lang='lat' dir='ltr'>demflabl&#39;libust</span> 
     </span>
    </p>
   </div>
   <div class='ocr_carea' id='block_1_11' title="bbox 2400 609 2599 687">
    <p class='ocr_par' dir='ltr' id='par_1_16' title="bbox 2400 609 2599 687">
     <span class='ocr_line' id='line_1_83' title="bbox 2400 609 2599 653; baseline 0.015 -3"><span class='ocrx_word' id='word_1_550' title='bbox 2400 609 2428 636; x_wconf 63' lang='grc' dir='ltr'>ἃ</span> <span class='ocrx_word' id='word_1_551' title='bbox 2441 610 2599 653; x_wconf 77' lang='lat' dir='ltr'>f³v0rabili..</span> 
     </span>
     <span class='ocr_line' id='line_1_84' title="bbox 2401 646 2598 687; baseline 0.015 -11"><span class='ocrx_word' id='word_1_552' title='bbox 2401 646 2451 678; x_wconf 81' lang='lat' dir='ltr'>bus</span> <span class='ocrx_word' id='word_1_553' title='bbox 2461 669 2472 680; x_wconf 87' lang='lat'>.</span> <span class='ocrx_word' id='word_1_554' title='bbox 2596 666 2598 687; x_wconf 79' lang='lat'>:</span> 
     </span>
    </p>
   </div>
   <div class='ocr_carea' id='block_1_12' title="bbox 2399 1287 2591 1475">
    <p class='ocr_par' dir='ltr' id='par_1_17' title="bbox 2399 1287 2591 1475">
     <span class='ocr_line' id='line_1_85' title="bbox 2399 1287 2591 1318; baseline 0.005 -1"><span class='ocrx_word' id='word_1_555' title='bbox 2399 1288 2508 1318; x_wconf 71' lang='lat' dir='ltr'>Falsum</span> <span class='ocrx_word' id='word_1_556' title='bbox 2524 1287 2591 1318; x_wconf 61' lang='lat' dir='ltr'>testie</span> 
     </span>
     <span class='ocr_line' id='line_1_86' title="bbox 2404 1329 2587 1358; baseline 0 -3"><span class='ocrx_word' id='word_1_557' title='bbox 2404 1337 2531 1358; x_wconf 83' lang='lat' dir='ltr'>motuum</span> <span class='ocrx_word' id='word_1_558' title='bbox 2554 1329 2587 1356; x_wconf 77' lang='lat' dir='ltr'>di-</span> 
     </span>
     <span class='ocr_line' id='line_1_87' title="bbox 2402 1367 2586 1405; baseline -0.011 -9"><span class='ocrx_word' id='word_1_559' title='bbox 2402 1375 2463 1397; x_wconf 80' lang='lat' dir='ltr'>cere</span> <span class='ocrx_word' id='word_1_560' title='bbox 2495 1367 2586 1405; x_wconf 69' lang='lat' dir='ltr'>temper</span> 
     </span>
     <span class='ocr_line' id='line_1_88' title="bbox 2401 1405 2589 1443; baseline 0.005 -9"><span class='ocrx_word' id='word_1_561' title='bbox 2401 1405 2438 1434; x_wconf 79' lang='lat' dir='ltr'>est</span> <span class='ocrx_word' id='word_1_562' title='bbox 2452 1415 2589 1443; x_wconf 68' lang='lat' dir='ltr'>peccatum,</span> 
     </span>
     <span class='ocr_line' id='line_1_89' title="bbox 2402 1444 2543 1475; baseline 0.021 -3"><span class='ocrx_word' id='word_1_563' title='bbox 2402 1444 2543 1475; x_wconf 76' lang='lat' dir='ltr'>mortale·</span> 
     </span>
    </p>
   </div>
  </div>
 </body>
</html>
