2628 4026
59 795 174 822 Donum
206 789 267 817 fidei

106 823 271 857 Jixnminem

59 869 185 896 indm-ere
208 876 270 905 gra-

59 944 275 982 prontcrendJm

58 993 149 1012 vitam
196 990 273 1011 aeter·

62 1032 125 1051 nam
140 1038 149 1050 ι

70 1425 92 1443 rr
107 1414 168 1441 dist.
185 1420 227 1441 ¹7·

82 2282 135 2308 [⁴5⁵2
162 2281 238 2310 liffra
253 2284 279 2309 (-

119 2322 126 2340 Ι
165 2324 181 2358 ‘1'
199 2320 277 2347 lvi,-

195 2359 276 2392 sajus

77 2396 236 2431 passiani]
248 2415 256 2424 .

76 2366 107 2382 ἣτ’
113 2368 137 2384 ’ἢ

81 2582 177 2609 Nemo
212 2583 276 2610 scire

78 2620 166 2658 potest
179 2621 201 2648 1'0
213 2631 278 2659 prr.

81 2660 170 2686 dmm]

87 2698 220 2727 charitate
235 2717 241 2724 .

226 2659 276 2688 eis:

369 159 466 203 390
923 141 1104 186 Sztmmae

296 214 408 256 magis
432 205 590 256 praestitit
611 205 749 242 homini
764 208 857 243 vires
875 231 886 247 ‚
907 209 1040 253 quibus
1054 197 1241 256 acqriirere

297 260 552 309 psrseftioncm
573 257 773 292 intellefius
789 285 800 299 ‚
825 268 865 291 ac
881 255 1013 293 dederit
1045 271 1110 305 pro
1135 258 1242 304 perfi-

299 310 434 346 ciendis
451 307 606 343 sen-sibus
623 334 632 348 ,
658 319 738 341 cum
757 308 811 342 ille
825 308 926 352 longe
939 306 1076 353 praestet
1104 309 1241 342 viribus

297 363 411 409 partis
425 358 594 394 sensitivae
616 368 820 402 ;ergocum
841 355 958 392 sensus
974 356 1117 404 adipisci
1136 368 1245 404 queat

299 410 368 445 suis
384 409 522 444 viribus
537 408 734 453 quamlibet
753 406 1006 454 perfeistionem
1026 433 1038 448 ,
1070 406 1176 452 cujus
1195 406 1245 442 est

299 472 431 508 capax3
448 461 561 493 multo
577 461 690 510 magis
709 455 741 491 id
759 455 807 492 est
823 457 955 492 homini
973 457 1245 493 attribuendum

299 509 494 546 secundum
523 518 660 555 partem
689 506 972 548 inreflefflvam,
1003 519 1083 553 quae
1105 519 1246 543 tantum

301 561 348 596 ost
363 562 491 596 ultimae
509 558 739 593 beatitudinis
753 567 865 603 capax
879 583 886 591 .

402 610 542 644 Contra
559 633 570 650 ,
594 607 653 643 Ad
679 609 791 643 Rom.
807 606 841 641 6.
874 607 1008 641 Gratia
1029 605 1106 640 Dei
1133 610 1248 643 vim„

303 670 431 695 Μένητι
450 672 464 699 ,-
480 670 566 704 ergo
580 658 783 705 impossibile
798 655 845 690 est
858 655 1038 693 hominem
1052 657 1121 693 sine
1134 657 1250 701 gratia

304 714 595 747 vitamaeternam
624 706 816 755 promereri
843 729 853 739 .

406 759 619 806 Responde-o
640 784 649 798 ‚
686 757 865 792 hominem
891 755 961 789 fine
983 756 1095 799 gratia
1119 781 1129 797 ‚
1153 755 1252 791 haud

308 813 431 849 mereri
454 808 545 858 posse
564 821 577 841 x
590 810 674 842 itam
692 817 857 841 aeternam
876 831 886 846 ‚
913 805 1088 851 pertinere
1104 806 1147 841 ad
1162 807 1253 851 dog·

310 874 400 898 mata
417 861 522 899 fidei3
551 860 795 893 Veruntamen
811 853 903 890 hanc
928 855 1113 891 veritatem
1139 857 1253 903 aliqui

309 914 353 949 fic
369 908 613 947 declarandam
642 916 768 952 putant
787 918 798 943 ς
817 905 928 940 Astus
955 906 1188 951 perducentes
1209 906 1252 942 ad

309 964 414 999 finem
444 970 584 1005 oportet
609 957 675 993 else
697 956 758 991 fiai
780 956 1103 1004 proportionatos;
1132 958 1251 994 nullus

308 1023 426 1048 autem
454 1009 554 1044 afftus
592 1009 734 1044 excedit
763 1007 1045 1054 'proportionem
1083 1008 1252 1056 principii

305 1063 400 1098 aetui
416 1088 422 1096 .
441 1062 536 1096 Cum
551 1060 659 1103 igitur
672 1060 744 1093 vita
759 1069 887 1093 :eterna
916 1057 955 1092 fir
979 1056 1060 1092 finis
1075 1058 1252 1095 excedens

302 1113 567 1161 proportionem
586 1121 722 1144 naturae
749 1107 934 1149 humanae,
963 1107 1074 1144 bomo
1103 1109 1253 1156 proinde

301 1173 344 1199 ex
361 1162 433 1198 suis
444 1162 673 1198 naturalibus
687 1170 819 1207 ponere
833 1170 902 1194 non
924 1159 1037 1205 potest
1052 1171 1162 1203 opera
1182 1172 1252 1195 me·

299 1214 426 1249 ritoria
476 1213 558 1247 vitae
597 1223 727 1248 eternae
754 1209 1050 1256 proportionata,
1076 1209 1133 1246 sed
1161 1220 1254 1257 opus

299 1263 559 1300 estiibialtiori
592 1264 725 1296 virtut-e
743 1287 752 1300 ,
783 1271 863 1306 quse
890 1259 937 1295 est
959 1263 1083 1307 gratie
1115 1261 1249 1300 virtus;

296 1316 409 1360 igitur
446 1313 517 1350 fine
538 1315 648 1358 gratia
674 1311 798 1357 nequit
822 1310 932 1345 homo
959 1312 1082 1347 mereri
1110 1312 1255 1352 vitam...¹

299 1377 463 1401 aeternam
478 1389 486 1398 .

401 1417 481 1451 Nos
506 1412 686 1454 dicimus,
716 1412 988 1457 proportionem
1023 1411 1115 1447 hanc
1160 1410 1255 1446 inter

68 1472 152 1519 sung}
167 1459 267 1518 Ιηρκὲ-
302 1467 401 1502 aetus
418 1464 655 1511 perducentes
673 1461 716 1497 ad
731 1460 839 1496 finem
862 1460 1181 1510 supernaturalem,
1199 1462 1255 1509 ip.

69 1539 142 1566 port.
160 1526 225 1557 thid.
239 1535 267 1564 q·

70 1578 83 1595 ι

300 1518 451 1560 sumque
471 1512 574 1549 finem
593 1541 600 1553 ‚
628 1525 711 1559 quae
727 1512 775 1547 est
792 1511 866 1546 vita
898 1525 1052 1552 aeterna;
1084 1524 1154 1547 non
1180 1512 1256 1547 ita..

300 1564 495 1603 necessario
511 1563 610 1611 sequi
624 1562 792 1606 praedista
811 1572 969 1598 extrema
985 1589 997 1605 ‚
1026 1563 1113 1608 quin
1130 1572 1182 1596 res
1196 1562 1257 1597 ista

300 1616 459 1664 potuerit
473 1613 725 1660 aliterdisponi
744 1637 752 1646 .
768 1614 863 1649 Nam
896 1615 997 1648 Deus
1022 1612 1179 1659 speEtata
1205 1613 1258 1659 ip-

302 1669 369 1703 slus
386 1666 545 1713 potentia
562 1663 726 1699 absoluta
747 1688 756 1703 ‚
781 1662 948 1707 potuisset
975 1672 1163 1710 acceptare
1180 1686 1192 1703 ,
1220 1662 1255 1697 ἆ

304 1717 466 1753 ordinare
507 1725 670 1750 naturam
713 1711 949 1750 beatitudinis
987 1724 1153 1760 capacem
1212 1710 1256 1747 ad

301 1768 489 1815 p·oemium
509 1792 518 1806 ‚
546 1764 754 1801 existentem
769 1764 805 1797 in
819 1765 916 1809 puris
943 1763 1199 1798 naturalibus:
1221 1762 1257 1798 8<

302 1819 466 1854 similiter
482 1818 598 1864 potuit
614 1811 762 1850 voluiffe
776 1812 919 1859 rependi
937 1813 1133 1848 mercedem
1168 1812 1251 1847 vitae

304 1879 432 1904 eternae
452 1894 462 1909 ‚
489 1865 586 1901 actui
605 1864 686 1911 ejus
704 1875 837 1900 natur-”e
852 1888 867 1908 ,
893 1863 936 1898 ad
969 1875 1075 1910 quem
1102 1862 1256 1897 riflum-2

304 1918 519 1954 eliciendum
535 1927 607 1951 erat
628 1916 721 1951 exse
748 1913 915 1949 inclinata
946 1938 955 1947 .
983 1912 1052 1950 Sed
1077 1912 1259 1951 credimus

304 1979 376 2004 non
394 1966 683 2012 itadisposuifl‘e‚
707 1965 793 2012 quia
807 1964 926 2000 attium
951 1975 997 1999 ex
1023 1963 1123 2010 puris
1155 1971 1258 2001 natu-

305 2020 438 2054 ralibus
451 2017 516 2053 effe
535 2017 757 2053 meritorium
773 2015 1042 2061 appropinquat
1055 2012 1164 2048 errori
1194 2012 1259 2047 Fe-

308 2069 394 2111 legii
410 2096 417 2103 .
439 2068 523 2102 lde.)
539 2067 627 2103 fides
641 2065 818 2104 catholica
835 2064 938 2098 docet
955 2091 965 2105 ‚
987 2064 1124 2098 nullum
1140 2061 1258 2097 aestum

309 2118 376 2154 effe
390 2118 613 2153 meritorium
636 2118 664 2151 ’ῖς
684 2115 834 2161 dignum
850 2116 924 2147 vita
943 2125 1071 2149 :eterna
1086 2138 1098 2154 ,
1123 2112 1183 2146 niii
1199 2112 1245 2146 eli

309 2171 427 2205 ciatur
445 2167 459 2214 j
476 2178 547 2202 ixta
563 2166 830 2203 inclinationem
846 2162 993 2200 habitus
1011 2162 1197 2198 charitatis
1223 2163 1258 2196 in

312 2222 430 2254 anima
449 2216 712 2264 prae'..=<istentis
732 2241 741 2249 -

411 2271 469 2308 Ad
492 2267 598 2314 cujus
627 2265 904 2309 intelligentiam
930 2291 941 2306 ,
965 2263 1144 2299 sciendum
1175 2288 1187 2304 ‚
1215 2272 1260 2296 ex

310 2321 409 2355 nullo
426 2320 509 2356 :testu
527 2331 632 2364 quem
649 2317 855 2361 experimur
869 2340 880 2355 ‚
910 2325 972 2349 nec
993 2325 1037 2350 ex
1063 2310 1259 2347 substantia

311 2370 411 2405 anus
431 2383 491 2406 nec
510 2381 553 2404 ex
568 2366 762 2403 intensione
775 2363 933 2410 ejusdem
953 2375 1016 2398 nec
1028 2374 1073 2398 ex
1106 2360 1262 2397 detesta-

310 2422 409 2456 tione
422 2417 668 2455 autfacilitate
686 2418 719 2451 in
735 2415 921 2462 operando
940 2442 950 2456 ‚
979 2425 1095 2460 neque
1123 2424 1168 2447 ex
1201 2414 1263 2447 bo·

310 2473 420 2506 nitate
441 2471 509 2505 five
529 2467 747 2505 testitudine
761 2467 883 2501 morali
919 2465 1021 2499 aetus
1037 2491 1046 2504 ‚
1078 2462 1172 2508 posse
1199 2472 1262 2497 nos

312 2522 481 2566 colligere
498 2531 557 2555 aut
575 2518 700 2555 inferre
716 2514 817 2553 inesse
835 2517 937 2551 nobis
957 2514 1119 2548 habitum
1144 2511 1266 2559 super-

312 2573 509 2606 naturalem
524 2567 711 2605 charitatis
725 2593 736 2609 ‚
756 2567 850 2602 unde
867 2566 969 2601 aetus
987 2566 1172 2599 eliciantur
1191 2575 1265 2598 me·

313 2621 454 2663 ritorii,
479 2620 624 2666 &digni
641 2619 713 2653 vira
749 2628 903 2657 aetetna;
925 2616 1009 2663 quia
1032 2624 1264 2660 quocumque

314 2669 461 2706 istorum
489 2670 573 2706 dato
599 2696 607 2711 ‚
647 2672 732 2715 quis
758 2667 931 2702 charitate
958 2665 1126 2712 praeditus
1154 2662 1264 2709 posset

315 2732 414 2756 certo
445 2719 716 2766 deprehendere
746 2745 756 2760 ,
785 2720 819 2754 se
846 2718 977 2754 habere
1001 2716 1264 2757 charitatem-,5

316 2771 414 2818 quod
434 2770 483 2806 est
501 2771 627 2807 falsum
646 2796 653 2805 .

423 2822 528 2857 Ultra
547 2822 659 2869 igitur
671 2831 796 2855 omnes
809 2819 1034 2855 conditiones
1065 2815 1265 2863 praedffilas,

319 2884 445 2918 nempe
472 2872 703 2907 intensionem
730 2870 831 2905 aetus
855 2896 865 2911 ,
907 2869 1177 2906 delcetationem
1195 2892 1206 2907 ,
1229 2867 1265 2902 &

319 2922 526 2957 facilitatem
546 2923 578 2957 in
605 2921 812 2964 operando,
838 2921 870 2956 ἃ
893 2919 1140 2956 testitudinem
1164 2917 1267 2953 sive,

320 2974 515 3008 bonitatem
531 2999 539 3013 ‚
570 2972 604 3007 8<
619 2970 904 3007 conformitatem
921 2971 1045 3005 rationi
1064 2968 1178 3009 reelae,
1193 2978 1266 3002 tam

319 3023 425 3069 juxta
454 3023 629 3058 dietamcn
658 3020 877 3069 prudentiae,
905 3033 1015 3067 quam
1041 3017 1267 3053 secundum-2

322 3075 500 3109 distamen
531 3072 611 3107 filei
642 3101 649 3109 .
684 3071 816 3113 Ultra,
846 3073 1016 3117 inquam,
1047 3068 1122 3103 haec
1145 3067 1267 3102 omnia

324 3124 482 3159 creditur
509 3122 575 3158 effe
606 3135 674 3157 nna
696 3122 857 3157 conlitio
880 3124 915 3156 in
945 3121 1026 3155 astu
1047 3146 1055 3160 ‚
1082 3129 1154 3164 que
1176 3116 1223 3151 est
1247 3128 1266 3151 a

326 3177 406 3211 Deo
423 3175 596 3219 acceptari
614 3174 646 3207 in
665 3172 791 3206 ordine
809 3171 849 3206 ad
871 3173 1050 3217 praernium
1081 3179 1267 3209 aeternum,

324 3236 364 3260 ut
381 3225 547 3258 meritum
566 3249 574 3263 ,
601 3224 657 3256 cui
673 3223 712 3257 dc
725 3222 907 3268 condigno
921 3222 969 3258 est
986 3230 1119 3255 merces
1149 3229 1268 3263 repen.

325 3274 436 3311 denda
453 3299 460 3307 .
474 3275 553 3308 Hoc
567 3274 672 3307 etiam
705 3272 811 3306 modo
842 3273 1019 3307 credimus
1033 3297 1044 3311 ,
1072 3278 1270 3304 naturam.»

327 3324 479 3361 nostram
492 3321 620 3367 justam
639 3320 703 3356 cil'e
718 3323 945 3357 habitualitcr
962 3331 1142 3368 acceptam
1161 3345 1170 3360 ,
1185 3317 1271 3352 idest

328 3374 475 3421 quando
488 3371 571 3407 afta
586 3384 656 3408 non
668 3384 838 3417 operatur
855 3399 862 3412 ,
882 3372 1000 3407 adbuc
1015 3381 1132 3406 tamen
1146 3380 1206 3415 per
1219 3365 1272 3408 di·

331 3428 448 3459 vinam
461 3424 687 3458 voluntatem
705 3422 856 3457 ordinari
882 3423 923 3456 ad
956 3423 1066 3456 vitam
1091 3431 1275 3459 metuam,

330 3476 443 3511 veluti
460 3473 602 3518 dignam
621 3483 723 3508 tanto
755 3474 850 3507 bono
868 3498 877 3513 ,
915 3471 1108 3507 secundum
1129 3468 1277 3516 dispost-

333 3528 489 3565 nouem,
519 3535 628 3569 quam
646 3534 800 3558 tenerer<
826 3523 954 3558 habitu
985 3522 1046 3556 sibi
1073 3520 1274 3555 inhaerente.

335 3578 482 3622 Propter
496 3573 586 3609 hanc
601 3573 882 3620 acceptationem
899 3584 1032 3607 nature
1058 3570 1277 3606 beatificabi-

335 3626 631 3666 lishabitualem‚
661 3623 865 3659 etiamdum
894 3624 974 3658 astu
1002 3634 1070 3656 non
1097 3631 1280 3669 operatum

338 3677 370 3711 8<
391 3685 535 3723 propter
562 3676 840 3722 acceptationem
865 3673 964 3708 aetus
983 3673 1086 3720 ipsius
1105 3698 1115 3713 ,
1138 3679 1280 3718 oportet

337 3738 469 3773 ponere
497 3725 662 3761 habitum
692 3723 996 3772 supernaturalem
1025 3724 1146 3768 gratiae
1172 3749 1185 3768 ,
1207 3734 1283 3768 quo

338 3777 472 3812 liabens
498 3777 694 3812 formaliter
716 3787 734 3809 a
763 3777 841 3813 Deo
871 3784 1074 3823 acceptetur
1100 3800 1111 3815 ,
1147 3773 1180 3809 8<
1207 3785 1284 3821 quo

1133 137 1324 205 ‘Joannis
1362 138 1492 184 Dzms
1524 134 1638 181 Scoti

1318 206 1419 241 afilus
1433 204 1576 239 elicitus
1590 201 1986 249 tanquam'meritotius
2014 203 2096 237 ritae
2126 211 2264 237 aeternae

1327 265 1516 301 reputetur
1528 278 1536 286 .
1549 254 1699 299 Absque
1711 254 1770 287 tali
1781 252 1907 289 habitu
1925 263 2108 299 propterea
2134 251 2265 299 impos-

1314 307 1410 343 sibile
1424 304 1472 339 est
1485 303 1639 347 aliquem
1658 305 1782 338 mereri
1795 315 1959 340 aeternam
1977 304 2180 339 felicitatem
2204 303 2265 349 ju-

1317 368 1382 392 xta
1397 353 1662 402 dispositionem
1679 352 1877 389 ordinatam
1891 368 1909 389 a
1925 352 2106 402 Sapientia
2123 353 2262 393 divina3

1314 407 1395 441 licet
1412 408 1447 440 in
1463 403 1531 439 alia
1550 400 1777 448 providentia
1788 404 1936 449 poffibili
1952 431 1962 445 ‚
1989 405 2134 441 evenire
2148 402 2261 450 posset

1317 467 1355 491 ut
1369 466 1496 495 natura
1511 451 1759 495 beatificabilis
1775 453 1809 488 Sc
1827 454 1927 489 ac'tus
1943 455 2053 502 ipsius
2083 455 2126 490 ad
2150 453 2262 488 vitam

1318 516 1485 546 ceternam
1498 501 1753 536 ordinarentur
1768 528 1778 537 .

1420 552 1479 588 Ad
1506 562 1718 595 argumenta
1741 577 1751 587 .
1778 552 1838 588 Ad
1860 555 2014 599 primum
2047 553 2262 601 responden,

1318 604 1446 650 utique
1460 601 1505 637 ad
1520 602 1632 635 vitam
1646 612 1812 644 aeternam
1845 614 1915 637 non
1942 608 2143 650 pertingere
2160 632 2170 647 ,
2201 604 2262 639 nifi

1319 654 1503 689 servantes
1518 649 1589 687 Dei
1606 651 1771 688 mandata
1792 665 1806 692 3
1836 651 1893 687 sed
1907 652 2039 689 servari
2065 658 2153 700 legis
2176 667 2264 703 με,

1318 714 1421 751 cepta
1435 715 1505 738 non
1520 699 1615 748 poffe
1632 702 1702 738 fine
1715 702 1830 748 gratia
1848 704 1917 738 Dei
1931 730 1942 745 ,
1966 704 2103 741 dietum
2124 707 2173 742 est
2191 714 2265 741 art.

1314 753 1463 802 praeced.
1475 753 1778 801 Jubemurigitur
1803 751 1939 790 servare
1967 755 2132 791 mandata
2161 758 2266 793 nobis

1320 802 1481 848 injunRa
1497 829 1510 845 ,
1532 803 1619 849 quia
1633 803 1666 838 8<
1685 804 1708 839 fi
1721 801 1937 851 potiffimum
1952 804 1986 839 id
2003 805 2043 841 fit
2066 807 2188 851 gratiae
2215 807 2269 842 di.

1322 855 1412 889 vinae
1436 853 1707 889 attribuendum
1731 880 1743 896 ,
1781 853 2019 891 nihilominus
2043 858 2129 903 quia
2153 857 2267 891 horno

1322 901 1435 950 potest
1452 903 1494 939 de
1511 903 1564 939 sui
1590 904 1729 940 arbitr-ii
1759 905 1924 940 libertate
1938 930 1950 946 ,
1973 909 2124 951 gratiam
2145 920 2163 942 a
2186 906 2268 942 Deo

1323 953 1517 989 liberaliter
1529 955 1686 989 oblatam
1710 967 1781 991 non
1807 955 1961 1000 recipere
1977 983 1989 998 ,
2018 957 2052 993 8<
2083 967 2266 1004 receptam

1323 1005 1478 1043 abiicere
1496 1029 1508 1045 ,
1537 1003 1619 1040 ideo
1630 1030 1641 1045 ‚
1668 1004 1785 1052 inquit
1801 1031 1814 1047 ,
1829 1006 1878 1042 Si
1895 1006 1950 1041 vis
1962 1006 2011 1042 ad
2024 1009 2139 1044 vitam
2149 1010 2271 1053 Ingre-¹

1323 1055 1382 1091 di:
1396 1050 1492 1089 Nam
1510 1053 1572 1089 nifi
1587 1065 1823 1101 cooperemur
1836 1057 1957 1101 gratia:
1981 1056 2111 1093 divinae
2122 1082 2136 1102 ,
2161 1055 2271 1102 juxta.

1324 1106 1432 1151 iplius
1445 1105 1712 1140 inclinationem
1729 1105 1912 1148 vivendo,
1939 1106 2027 1142 nihil
2042 1109 2169 1145 mereri
2193 1105 2272 1155 pos,

1325 1156 1446 1193 sumus
1461 1181 1472 1198 ,
1497 1154 1596 1201 quod
1609 1155 1756 1201 dignum
1774 1156 1812 1191 lit
1825 1158 1897 1192 vita
1913 1166 2042 1192 aeterna
2056 1184 2067 1194 .

1428 1205 1486 1241 Ad
1518 1205 1710 1241 secundum
1739 1206 1968 1244 concedimus
1988 1233 2000 1249 ,
2027 1207 2125 1245 reddi
2157 1207 2270 1243 vitam

1326 1268 1490 1292 :eternam
1505 1257 1675 1301 operibus
1702 1258 1805 1292 bonis
1822 1285 1833 1300 ,
1860 1268 1900 1292 ut
1923 1267 2077 1294 mortem
2105 1268 2270 1294 aeternam

1325 1307 1430 1343 saetis
1443 1307 1561 1353 pravis
1573 1328 1583 1340 .
1596 1306 1667 1348 Sed
1683 1307 1775 1342 reete
1787 1307 1878 1349 faeta
1892 1307 2071 1354 nusquam
2083 1308 2191 1345 habet
2206 1308 2273 1343 ho-

1325 1369 1385 1393 mo
1402 1383 1413 1397 ‚
1438 1357 1541 1403 queis
1553 1354 1775 1392 reddendum
1811 1357 1849 1392 fit
1879 1359 2055 1402 premium
2082 1369 2272 1400 arternum,

1326 1407 1387 1443 nifi
1413 1406 1499 1442 fiant
1524 1405 1566 1442 de
1591 1405 1760 1447 instinctu
1782 1405 2036 1454 preaexrstentis
2068 1407 2272 1446 charitatis.

1326 1456 1592 1495 Nostratamen
1609 1466 1714 1500 opera
1727 1455 1794 1493 effe
1821 1455 2018 1498 dicuntur,
2047 1458 2132 1503 quia
2159 1467 2199 1492 ut
2224 1459 2276 1493 ait

1328 1505 1556 1553 Augustinus
1575 1518 1606 1540 ι.
1637 1506 1797 1543 Retraet,
1823 1517 1901 1553 cap.
1920 1515 1980 1541 22.
2001 1518 2068 1543 nan
2084 1505 2187 1550 fiunt
2208 1507 2277 1552 nisi

1327 1558 1523 1594 volentibus
1535 1556 1628 1592 nobis
1645 1580 1654 1590 .

1427 1607 1488 1643 Ad
1502 1605 1646 1642 tertium
1663 1605 1858 1654 respondeo
1879 1605 1924 1648 lic
1940 1607 2092 1648 :Sensus
2115 1620 2186 1647 non
2213 1619 2276 1655 po.

1326 1657 1390 1693 test
1406 1668 1477 1693 non
1493 1655 1558 1693 effe
1568 1658 1728 1702 porentia
1742 1658 1908 1703 organica
1922 1680 1936 1700 ‚
1957 1659 1991 1694 8<
2009 1658 2092 1694 ideo
2114 1671 2184 1694 non
2214 1669 2279 1705 ρο,

1325 1707 1391 1743 test
1409 1707 1542 1743 elevari
1558 1706 1601 1741 ad
1617 1707 1848 1742 immateriale
1860 1707 2276 1754 apprehendendum-At

1327 1758 1528 1796 intelleews
1539 1757 1647 1792 habet
1664 1768 1726 1803 pro
1736 1755 1883 1802 objeeto
1897 1769 2018 1794 totum
2035 1769 2097 1800 ens
2113 1785 2126 1800 ,
2140 1760 2172 1795 8<
2189 1769 2279 1807 pro-

1325 1819 1445 1855 pterea
1461 1805 1575 1855 potest
1592 1807 1725 1842 elevari
1742 1806 1783 1840 ad
1797 1808 1944 1853 aliquod
1955 1809 2279 1851 immateriale,imo

1328 1857 1371 1893 ad
1384 1857 1571 1904 quodlibet
1584 1855 1871 1903 cognoscendum
1890 1871 1902 1898 ς
1933 1857 2014 1893 ideo
2031 1859 2126 1894 nulla
2161 1858 2210 1895 est
2235 1859 2280 1893 il-

1329 1909 1416 1944 latio
1431 1920 1473 1944 ex
1489 1906 1645 1943 senfibus
1662 1906 1706 1942 ad
1720 1907 1942 1947 intelletstum
1956 1932 1964 1942 .
1979 1908 2078 1957 Qia
2095 1920 2181 1954 ergo
2201 1909 2277 1944 haec

1327 1958 1486 2005 potentia
1501 1957 1548 1993 est
1573 1959 1679 2003 longe
1705 1955 1925 2002 praestantior
1947 1960 2074 2004 quavis
2099 1959 2282 2001 senlitiva,

1327 2008 1408 2044 ideo
1420 2007 1467 2044 est
1481 2019 1597 2055 capax
1615 2007 1750 2042 altioris
1767 2006 1995 2054 perfeetionis
2012 2035 2023 2051 ,
2047 2009 2082 2045 &
2098 2009 2203 2046 etiam
2219 2010 2283 2045 illa.

1328 2059 1371 2093 ad
1382 2070 1490 2105 quarn
1504 2057 1573 2095 suis
1591 2058 1731 2093 viribus
1742 2058 1944 2105 pertingere
1957 2071 2028 2097 non
2054 2060 2148 2095 valet
2163 2085 2172 2095 .
2200 2063 2283 2097 Nec

1329 2111 1456 2144 mirum
1474 2134 1486 2151 ‚
1515 2119 1597 2143 cum
1618 2108 1686 2143 toti
1702 2117 1838 2142 naturae
1866 2118 1937 2144 non
1965 2108 2159 2156 suppetant
2183 2110 2279 2144 vires

1328 2159 1599 2195 dandianimam
1615 2156 1870 2193 intellectivam
1885 2161 2026 2206 corpori
2042 2161 2282 2204 organizat03

1328 2209 1428 2257 quod
1443 2221 1560 2244 tamen
1577 2206 1624 2243 est
1638 2217 1732 2255 opus
1749 2206 1859 2254 ipsius
1874 2218 2007 2245 natura:
2028 2222 2040 2249 3
2069 2220 2182 2255 quare
2196 2210 2277 2244 licet

1330 2260 1488 2295 similiter
1501 2260 1535 2292 in
1553 2268 1678 2292 natura
1695 2256 1927 2301 intelleetuali
1942 2259 1979 2293 fit
1997 2260 2178 2304 capacitas
2201 2261 2283 2301 vitae

1330 2320 1461 2344 eternae
1477 2306 1700 2354 acquirendae
1713 2317 1775 2352 per
1787 2318 1894 2353 opera
1911 2308 2092 2344 meritoria
2105 2332 2119 2350 ‚
2145 2321 2214 2344 non
2230 2321 2285 2345 ta-

1331 2370 1411 2395 men
1434 2357 1515 2393 inde
1547 2356 1705 2404 sequitur
1736 2368 1906 2403 oportere
1929 2356 2040 2405 ipsam
2064 2357 2132 2394 esse
2154 2358 2286 2395 instru-

1333 2410 1425 2445 &tarn
1441 2408 1580 2450 vitibus
1597 2407 1797 2452 attingendi
1815 2407 1849 2443 &
1869 2408 2074 2454 exequendi
2086 2420 2198 2455 opera
2211 2422 2287 2452 me·

1332 2459 1456 2499 ritoria
1468 2484 1480 2501 2
1502 2459 1535 2494 81
1551 2459 1703 2505 gloriam
1721 2456 1867 2505 peripsa
1882 2483 1893 2500 ‚
1917 2459 1988 2499 fine
2015 2459 2131 2506 gratia
2149 2484 2161 2503 ,

1490 2557 1996 2598 ARTICULUS
2062 2558 2134 2597 VI.

1388 2661 1524 2701 Utrum
1549 2661 1660 2696 horno
1685 2659 1787 2709 poffit
1808 2659 1840 2697 se
1866 2659 1981 2708 ipsum
2010 2662 2054 2697 ad
2079 2660 2231 2706 gratiam

1434 2723 1634 2762 praeparare
1648 2725 1708 2760 per
1725 2710 1885 2758 seipsum
1918 2711 2053 2759 absque
2082 2722 2184 2748 exte·

1609 2761 1698 2801 riori
1710 2762 1847 2798 auxilio
1863 2765 1984 2810 gratiae
1999 2787 2012 2798 .

1438 2865 1496 2907 Do
1502 2865 1570 2901 rior
1581 2862 1660 2900 Iocis
1675 2863 1714 2899 in
1726 2864 1887 2910 margine
1896 2866 1958 2902 cit.
1973 2866 2014 2902 S.
2035 2862 2184 2902 Thomas

1633 2925 1663 2950 1.
1677 2925 1712 2950 2.
1725 2925 1762 2961 q,
1785 2926 1863 2963 ¹09·
1878 2924 1949 2952 art.
1966 2915 2003 2951 6.

1454 3014 1701 3052 {deturhomo
1714 3014 1808 3063 posse
1823 3014 1856 3052 se
1881 3015 1996 3063 ipsum
2030 3014 2074 3051 ad
2100 3013 2286 3061 gratiam-i

1471 3077 1666 3114 praeparare
1683 3078 1746 3112 per
1762 3066 1921 3114 seipsum
1955 3065 2090 3114 absque
2114 3063 2286 3101 exteriori

1340 3119 1478 3155 auxilio
1490 3120 1610 3164 gratia:
1625 3142 1634 3151 .
1649 3117 1788 3152 Etenim
1812 3117 1898 3154 nihil
1922 3116 2018 3152 faEIu
2046 3114 2286 3163 impoffibilz,

1341 3166 1590 3205 Deushomini
1607 3165 1799 3211 injunxiss'e
1825 3165 2043 3204 credendum
2071 3165 2121 3202 est
2144 3193 2157 3199 -
2183 3164 2287 3201 Alio·

1339 3222 1426 3267 quin
1443 3216 1738 3260 transgrediendo
1757 3218 1963 3253 mandatum
1977 3243 1988 3259 ,
2011 3228 2080 3252 non
2108 3225 2286 3262 peccaret.

1340 3271 1456 3315 Atqui
1469 3266 1631 3314 quoedam
1644 3265 1955 3312 hominisubjeeto
1980 3268 2136 3315 peccatis
2166 3266 2288 3313 praeci·

1344 3322 1492 3367 piuntur
1506 3344 1517 3359 ,
1533 3329 1612 3365 quae
1628 3315 1704 3351 sunt
1723 3317 1968 3364 dispolitiones
1985 3316 2027 3352 ad
2042 3317 2195 3361 gratiam
2211 3315 2290 3351 san-

1346 3369 1560 3405 c‘tificantem
1578 3393 1589 3409 ‚
1609 3377 1722 3414 eaque
1739 3370 1832 3404 valet
1845 3379 1905 3414 per
1920 3366 1952 3404 se
1968 3367 2082 3414 ipsum
2100 3365 2290 3415 repraesen-

1345 3431 1445 3460 tare3
1473 3416 1678 3464 ergoliomo
1696 3417 1764 3456 suis
1782 3419 1920 3454 viribus
1942 3417 2059 3466 potest
2086 3415 2119 3454 se
2144 3417 2188 3452 ad
2211 3427 2290 3463 gra-

1344 3471 1432 3506 tiam
1451 3468 1687 3515 recipiendam
1703 3481 1742 3515 pr
1755 3481 1899 3516 eparare
1912 3497 1921 3504 .
1941 3468 2113 3505 Probatio
2129 3467 2291 3506 minoris.

1347 3520 1552 3558 Ezechielis
1577 3520 1630 3555 ι8.
1648 3519 1815 3555 scribitur
1832 3545 1841 3554 .
1855 3521 1898 3555 Si
1914 3523 2041 3568 impius
2054 3520 2293 3566 aegeritpoent'·

1349 3573 1498 3608 tentiam
1521 3570 1600 3607 &a
1624 3571 1773 3604 omnium
1796 3569 2032 3616 iniquitatum
2068 3569 2142 3617 ejus
2169 3596 2180 3612 ‚
2207 3579 2295 3615 quar

1350 3630 1514 3670 operatus
1531 3620 1584 3655 ef}
1600 3631 1664 3654 non
1678 3620 1885 3656 recordabor
1899 3646 1906 3654 .
1923 3623 2018 3666 Ergo
2034 3619 2150 3667 potest
2174 3631 2234 3666 per
2262 3617 2294 3654 se

1352 3671 1466 3719 ipsum
1485 3668 1653 3717 amplefli
1670 3681 1779 3717 opera
1791 3672 1937 3718 poenalia
1955 3670 1998 3705 ad
2014 3670 2295 3707 emendationem

1352 3724 1386 3758 ἃ
1411 3721 1633 3760 νίηάἰὲὶιιηις
1662 3721 1695 3756 8<
1718 3721 2011 3757 emundationem
2043 3720 2191 3757 subinde
2216 3718 2297 3754 suo-

1352 3785 1430 3810 rum
1451 3782 1699 3821 peccatorum,
1723 3783 1803 3818 quae
1820 3774 1946 3818 utiquc
1971 3772 2028 3808 illi
2057 3773 2199 3808 evenire
2219 3781 2296 3853 Fon

2167 3831 2214 3866 1³0
2232 3837 2248 3845 ·

2298 533 2330 561 4-
2349 524 2410 555 dist.
2434 536 2480 557 22.

2301 624 2327 645 ι·
2338 613 2399 644 dist.
2415 617 2463 644 ι8.

2307 1157 2507 1234 difflatae-²2:

2305 1234 2342 1263 In
2366 1234 2506 1276 expositio·

2306 1283 2342 1304 ne
2355 1292 2365 1304 ο
2513 1282 2518 1291 ³

2322 3021 2351 3044 2.
2362 3012 2425 3043 dlst.
2436 3013 2483 3042 ι8.

2325 3405 2526 3444 4.dist.14.q·3.
