2643 4043
152 1481 219 1511 μδ.
237 1486 304 1517 r.q.
320 1487 350 1509 2.

148 1518 351 1558 §.Resonndo-

83 1869 87 1872 ”
145 1858 215 1891 hd·
230 1867 257 1893 1.
273 1871 304 1903 q.
315 1871 346 1900 5.

143 2498 254 2529 Solutio
280 2496 346 2527 Do-

143 2540 243 2566 ζωτιτ.
263 2538 345 2566 Frui·

143 2579 252 2604 :ionem
294 2574 345 2603 esse

143 2623 255 2651 quc-que
274 2614 346 2642 circa

141 2660 228 2680 ianr-‘71
249 2652 344 2681 absen-

146 2701 200 2720 {Ast-'X

434 120 439 122 ‘
472 159 537 205 80
1033 155 1215 201 Summae

392 226 518 262 eodem
532 224 679 261 obiec‘to
690 224 723 258 in
735 221 768 260 se
783 250 793 267 ‚
817 221 918 272 quod
933 232 1026 260 amat
1043 223 1107 261 fibi
1120 223 1181 258 illo
1206 233 1340 258 amore.

397 278 594 324 Appetitus
634 281 723 319 ergo
759 276 927 311 inhiantis
954 300 965 314 ‚
992 272 1078 309 idest
1107 272 1338 316 imperfectus

398 338 496 363 amor
514 354 525 369 ,
547 324 585 360 fit
604 337 701 360 amor
717 326 899 373 perfectus
917 323 1068 360 fruentis
1086 349 1097 365 ,
1126 322 1210 357 idest
1227 349 1236 364 ,
1264 335 1341 370 quo

394 380 527 414 fruitur
540 397 551 412 .
569 375 685 412 inhiat
697 378 791 412 enim
807 377 936 412 Viator
951 371 1232 420 perfectiussrui
1251 400 1264 416 ,
1277 372 1340 409 cui

391 428 547 466 succedit
560 425 683 463 fruitio
696 451 707 467 ‚
730 426 853 475 quiest
870 435 970 462 amor
985 423 1146 458 amiciriae
1160 448 1169 458 .

493 476 553 514 Ad
566 487 739 525 quartum
752 477 906 513 dicimus
920 502 930 517 ‚
945 484 1017 508 non
1034 484 1139 508 omne
1155 472 1253 518 quod
1266 471 1340 512 suc⁴

393 529 486 567 cedit
508 529 707 565 virtutibus
720 523 1000 571 Theologicisin
1016 524 1100 564 via,
1127 523 1182 557 vel
1200 525 1342 559 actibus

393 592 516 617 earum
533 606 543 622 ‚
570 579 729 626 spectare
747 578 790 612 ad
803 573 1036 612 beatitudinis
1051 571 1231 608 essentiam
1246 599 1259 615 ,
1282 572 1343 611 sed

393 631 538 680 praecise
561 632 595 665 in
611 630 716 665 unico
740 638 823 662 actu
843 625 1004 664 omnium
1027 622 1275 670 perfectiffimo
1299 622 1344 659 fi-

392 694 466 718 tam
479 679 544 716 effe
558 682 729 715 rationem
752 677 936 712 formalem
951 673 1059 720 ipsius
1088 700 1096 709 .
1124 675 1253 722 Quare
1279 673 1342 710 etst

392 734 509 769 tentio
519 741 619 766 actus
632 728 670 764 fit
683 727 882 766 voluntatis
896 752 908 768 ‚
935 723 1130 760 succedens
1144 726 1242 761 actui
1254 723 1342 772 spei,

393 795 464 820 non
479 781 637 829 sequitur
650 790 764 814 tamen
781 789 818 812 ea
838 777 873 812 in
888 776 1048 811 tentione
1078 775 1343 813 beatitudinem

392 832 600 872 consistere,
617 829 677 865 etii
697 840 768 864 non
782 826 997 867 diffiteamur
1012 823 1080 867 effe
1108 825 1342 868 beatitudinis

390 881 615 921 neceffariam
629 879 805 926 sequelam
823 902 834 914 .

553 976 1058 1022 ARTICULUS
1109 975 1178 1015 IV.

494 1082 641 1120 Utrum
655 1079 780 1118 fruitio
795 1078 836 1119 fit
859 1076 971 1115 solum
994 1077 1078 1117 finis
1099 1077 1240 1115 habiti.

441 1184 572 1222 Doaeor
583 1182 668 1221 locis
695 1185 757 1218 cit.
773 1184 878 1219 artic--
899 1179 1049 1229 praeced.
1070 1187 1107 1223 s.
1126 1179 1289 1220 Secunda

503 1236 635 1272 Conci.
654 1234 695 1270 S.
718 1232 840 1270 Thura.
863 1245 894 1269 t.
910 1244 990 1280 2.q.
1022 1244 1034 1268 ι
1049 1243 1080 1268 1.
1098 1241 1170 1268 art.
1186 1242 1226 1278 4.

391 1332 492 1426 V
509 1336 631 1373 ldetur
641 1334 766 1374 fruitio
779 1335 869 1377 stare
882 1347 951 1372 non
967 1331 1065 1385 poli‘e
1085 1360 1097 1377 ,
1122 1331 1185 1369 nist
1209 1330 1342 1381 adepto

521 1386 591 1423 fine
614 1388 708 1424 circa
731 1398 840 1433 quern
866 1384 915 1421 est
940 1412 949 1422 .
975 1387 1114 1424 Etenim
1147 1383 1345 1424 secundum

391 1437 637 1484 Augustinum
658 1448 712 1473 ιο.
727 1437 770 1472 de
787 1437 921 1472 Trinit.
936 1449 997 1484 ca,¹
1062 1449 1080 1458 ‘⁸
1107 1433 1280 1472 fruimur
1290 1446 1344 1471 co·

383 1491 554 1536 gnitir‚in
565 1488 690 1534 quihus
706 1487 867 1524 voluntas
877 1488 1069 1535 propter-fe
1083 1485 1155 1533 ipsa
1170 1487 1343 1523 deleffata

397 1537 608 1587 ae·oa;qtaiefiic
633 1561 641 1568 ·
679 1540 720 1574 Et
737 1538 796 1572 lib.
813 1538 872 1583 83.
884 1551 946 1585 qq.
958 1552 995 1585 q.
1010 1549 1066 1583 30.
1080 1538 1171 1575 Frui
1187 1538 1343 1573 dietmar

393 1604 436 1628 ea
453 1603 491 1627 re
509 1617 518 1631 ,
531 1590 573 1624 de
586 1599 655 1634 qua
668 1589 824 1636 capimus
837 1590 1051 1634 voluptatem
1093 1593 1180 1626 Non
1198 1589 1341 1623 videtur

391 1654 511 1677 aurern
523 1640 693 1673 voluntas
720 1637 974 1683 conquiescere
991 1642 1024 1680 in
1049 1640 1171 1688 aliquo
1194 1648 1342 1685 propter

390 1691 548 1738 seipsam
560 1714 572 1731 ,
592 1699 656 1722 nec
668 1698 794 1734 capere
806 1688 1032 1733 voluptatem
1061 1689 1105 1722 de
1120 1700 1153 1723 re
1178 1691 1342 1733 aliquaa,

389 1742 452 1777 nist
465 1739 543 1786 ejus
554 1736 715 1785 potiatur
728 1758 741 1778 ‚
761 1747 912 1783 eamque
923 1738 1025 1783 piene
1041 1736 1208 1786 poffideat
1226 1751 1238 1779 ;
1252 1750 1343 1784 ergo

389 1791 514 1829 fruitio
528 1788 578 1825 est
591 1785 699 1824 solius
712 1785 877 1832 finisjam
893 1787 1005 1820 habit·
1019 1815 1028 1823 .

491 1841 666 1877 Praeterea
679 1858 692 1878 ‚
702 1835 860 1883 Qoadu
868 1834 954 1879 sque
967 1837 1046 1879 quis
1057 1835 1126 1869 fine
1140 1834 1267 1868 ultimo
1277 1844 1342 1880 po-

386 1894 498 1930 tiatur
509 1898 646 1925 tantum
658 1885 765 1920 habet
778 1894 897 1918 actum
911 1883 1073 1923 desiderii
1100 1883 1264 1931 respectu
1279 1884 1344 1917 bo-

388 1946 423 1981 „1
440 1939 593 1983 absentis
609 1949 618 1972 :
633 1934 691 1973 sed
703 1945 804 1970 actus
820 1933 979 1972 defiderii
995 1947 1064 1970 non
1077 1937 1124 1974 est
1138 1944 1238 1973 actus
1254 1932 1278 1968 f:
1290 1934 1342 1967 ui-

389 1993 499 2030 tionis
516 2015 525 2025 .
539 1986 727 2035 Siquidem
739 1985 947 2020 desiderium
963 1984 1012 2023 est
1047 1985 1147 2020 afflus
1170 1984 1343 2032 coucupi-

390 2042 532 2081 scentiae
550 2066 558 2080 ,
590 2037 717 2073 fruitio
731 2047 818 2072 vero
835 2033 936 2070 aftus
952 2036 1114 2070 amicitiae
1131 2060 1140 2070 .

491 2092 646 2130 Contra,
659 2087 886 2132 Augustinus
904 2099 933 2121 1.
950 2086 993 2121 de
1009 2084 1123 2120 dont.
1139 2082 1344 2130 christ.cap.

389 2157 428 2191 4.
442 2144 534 2182 Frui
551 2168 560 2182 ‚
589 2139 705 2186 iuquit
720 2163 731 2179 ,
761 2137 816 2175 eff
829 2148 944 2172 amore
956 2136 1067 2172 alicui
1084 2139 1137 2172 νεὶ
1167 2135 1344 2172 irthaerere

385 2188 698 2244 propterseipsom.
714 2188 783 2223 Etsi
797 2198 917 2222 autem
932 2186 1011 2223 finis
1029 2187 1176 2222 ultimus
1192 2199 1261 2222 non
1278 2186 1342 2221 ha-

394 2248 540 2281 beatur:
568 2240 682 2291 potest
699 2248 816 2276 tamen
831 2239 913 2286 quis
926 2239 977 2283 ilii
994 2249 1114 2280 amore
1143 2237 1340 2282 iuhaererg.)

389 2305 534 2345 propter
549 2291 700 2339 seipsum
715 2314 725 2324 .

493 2343 707 2392 Respondeo
721 2337 911 2376 dicendum
928 2368 940 2383 ‚
953 2339 1169 2378 fruitionem
1186 2350 1257 2375 non
1272 2339 1339 2376 esse

390 2396 566 2432 duntaxat
583 2389 743 2441 respeciu
761 2390 841 2426 finis
854 2390 968 2426 habiti
989 2419 997 2432 ,
1029 2393 1082 2426 vel
1104 2391 1233 2438 possessu
1252 2418 1262 2431 ‚
1280 2390 1340 2427 sed

390 2448 496 2483 etiam
514 2449 547 2480 in
560 2445 681 2480 ordine
694 2441 736 2477 ad
753 2440 868 2490 ipsum
881 2443 916 2476 in
930 2441 979 2478 sui
1002 2441 1186 2488 praesentia
1213 2441 1340 2477 absen-

391 2508 462 2532 tem
475 2522 484 2531 .
499 2499 594 2534 Nam
615 2508 660 2531 ex
676 2492 780 2529 dietis
807 2491 959 2529 articulo
969 2493 1080 2539 primo
1107 2491 1150 2531 &⁴
1163 2490 1337 2539 fecundo.

391 2547 505 2582 Modo
530 2547 698 2582 voluntas
724 2544 892 2579 inhaereat
909 2555 1029 2578 amore
1056 2543 1165 2578 alicui
1180 2542 1228 2579 rei
1254 2554 1339 2588 pro·

392 2609 468 2645 pter
484 2597 515 2633 se
527 2595 635 2643 ipsam
650 2621 661 2638 ,
685 2605 768 2632 vere
781 2592 914 2631 dicitur
928 2605 961 2628 re
976 2593 1099 2631 eadem
1118 2593 1212 2630 frui.
1242 2594 1338 2628 Hinc

391 2651 495 2684 etiam
510 2648 709 2682 mortaliter
722 2654 911 2693 peccantes
925 2643 995 2679 frui
1009 2643 1178 2679 dicuntur
1194 2655 1239 2679 ex
1256 2656 1342 2692 parf-

391 2710 426 2733 te
445 2710 560 2745 prava:
573 2697 772 2732 voluntatis
785 2721 797 2736 ‚
819 2695 1013 2740 quietantis
1024 2693 1171 2741 seipsam
1190 2694 1223 2731 in
1234 2694 1338 2741 obje-

391 2750 452 2785 610
466 2772 478 2789 ‚
506 2747 606 2794 quod
619 2756 763 2794 propter
779 2744 811 2781 se
823 2755 916 2780 amat
935 2770 944 2780 .
962 2746 1058 2781 Cum
1072 2747 1182 2790 igitur
1205 2747 1338 2791 viator,

391 2811 462 2836 uon
479 2798 649 2845 possidens
666 2797 830 2832 ultimum
859 2794 964 2830 finem
978 2822 990 2838 ,
1012 2806 1120 2843 queat
1137 2797 1186 2834 illi
1217 2809 1337 2834 amore

392 2849 562 2886 inhaerere
575 2857 721 2895 propter
733 2844 898 2892 seipsum,
911 2847 945 2881 ἃ
958 2845 1111 2892 deligere
1123 2857 1243 2882 amore
1255 2849 1340 2886 amir

393 2903 506 2942 cium,
540 2911 649 2945 quem
665 2897 735 2931 sola
750 2895 965 2942 cogitatione
982 2897 1088 2931 habet
1117 2895 1341 2944 praesentem,

394 2949 800 2985 vercillolruitur.1-ioc
811 2946 903 2980 enim
918 2956 1055 2982 tantum
1070 2948 1182 2992 exigit
1196 2948 1339 2987 fruitio:

390 3001 565 3047 quiafflns
590 2997 744 3033 iitendat
763 2998 796 3033 in
821 2994 1006 3041 objeftum
1029 2995 1092 3030 sibi
1118 3008 1179 3043 per
1201 2998 1339 3037 intelle-

390 3053 486 3087 {ium
503 3048 678 3085 ostensum
695 3048 860 3082 intuitive
877 3046 1052 3081 videntem
1068 3072 1079 3087 ,
1104 3047 1169 3081 crit
1185 3049 1339 3094 perfc6h3

391 3103 517 3137 beatus
534 3113 544 3141 ;
563 3100 618 3136 led
640 3099 718 3134 talis
740 3110 809 3133 non
822 3097 869 3132 cst
885 3095 1044 3142 respcetu
1073 3095 1154 3130 finis
1184 3097 1337 3140 absentis

390 3154 511 3197 quoad
526 3153 650 3187 realem
666 3149 770 3195 ipsius
788 3146 1023 3195 praescntiam,
1036 3148 1084 3181 ob
1095 3158 1205 3193 quam
1222 3161 1239 3183 a
1258 3152 1339 3189 bea,

391 3206 436 3238 tiS
456 3203 623 3236 intuitive
640 3200 783 3235 videtur
797 3223 805 3234 .

495 3252 548 3286 Ad
566 3262 776 3295 argumenta
795 3277 802 3284 .
821 3249 876 3288 Ad
895 3248 1049 3296 primum
1067 3274 1077 3290 ,
1093 3247 1248 3284 arn'rulo
1258 3255 1334 3299 pri.

391 3315 442 3338 m)
456 3301 592 3336 <lustum
608 3302 674 3336 fuit
688 3313 762 3341 eas,
780 3302 813 3336 8(
827 3299 1028 3335 confimiles
1048 3297 1241 3345 Augustini
1258 3329 1266 3343 ‚
1298 3305 1331 3339 8<

392 3354 543 3388 aliorum
563 3350 793 3387 aufioritates
822 3350 971 3393 intelligi
991 3350 1118 3384 debere
1134 3350 1193 3391 stc,
1209 3364 1335 3400 nempe

391 3404 597 3439 fruitionem
609 3412 668 3435 aut
687 3402 803 3436 verius
817 3399 1002 3446 objectum
1015 3398 1095 3444 eius
1110 3399 1174 3434 esse
1188 3403 1331 3439 causam

390 3453 642 3489 ‹leit-&ationis
658 3477 666 3491 ,
683 3451 714 3486 3:
733 3451 964 3494 gaudii‚unde
979 3453 1149 3485 voluntas
1169 3452 1331 3490 ultimate

394 3502 616 3549 conquiescit
634 3530 643 3539 .
673 3503 722 3535 Eo
739 3502 851 3547 igitur
867 3501 974 3535 modo
993 3528 1001 3541 ‚
1024 3512 1099 3546 quo
1115 3500 1281 3538 voluntas
1301 3506 1332 3539 ci

388 3553 535 3599 obi-510
554 3563 672 3587 amore
687 3552 833 3587 inhaeret
849 3578 858 3593 ,
884 3551 972 3591 tali,
1000 3553 1145 3597 inquam
1163 3577 1171 3591 ‚
1193 3555 1331 3589 ratione

392 3603 511 3638 causat
540 3605 574 3638 in
605 3615 643 3637 ea
672 3601 942 3637 :lt-leftationem
960 3628 970 3643 ‚
996 3603 1032 3636 St
1059 3600 1231 3647 gaudium
1245 3630 1254 3639 .
1285 3605 1330 3642 Et

393 3653 473 3689 sane
489 3666 569 3689 curn
584 3653 777 3701 possrdetur
790 3676 802 3694 ‚
830 3652 970 3698 plenum
988 3651 1034 3687 est
1047 3651 1238 3696 gaudium,
1253 3668 1331 3703 per.

393 3704 558 3749 sesiaque
573 3707 648 3752 quit
662 3715 704 3740 ὃς
730 3713 811 3736 cunt
839 3713 907 3736 non
936 3702 1129 3748 possidetur
1149 3702 1205 3738 scd
1230 3705 1329 3742 abest

390 3753 510 3789 adhuc
527 3753 588 3789 stat
602 3754 803 3799 simpliciter·
820 3751 963 3793 fruitio,
991 3752 1046 3788 scd
1064 3754 1257 3797 mobiliter,
1271 3767 1327 3792 a(-

392 3818 460 3851 qve
479 3802 626 3840 subinde
639 3804 679 3838 ad
694 3814 769 3838 carn
786 3814 855 3835 non
870 3802 1027 3849 sequitur
1042 3804 1187 3851 plenum
1201 3808 1327 3851 gaudi·-

391 3866 450 3892 um
467 3883 478 3898 ,
503 3858 535 3891 :ft
557 3855 707 3903 pase-1:12
724 3854 824 3899 quita
842 3878 851 3886 .«

1247 150 1459 222 Joanm's
1479 153 1609 200 Dun's
1639 153 1757 202 Scoti

1525 220 1584 258 Ad
1600 220 1794 260 secundum
1806 219 2012 270 responsum
2023 221 2073 259 est
2083 230 2154 260 art.
2174 231 2206 258 2.
2219 228 2260 270 ς.
2275 224 2373 264 ‹Ad

1418 271 1575 319 primum
1593 297 1603 308 .
1621 275 1720 311 Nam
1733 285 1805 309 non
1822 272 1986 310 obstante
2001 274 2066 309 Dei
2080 271 2238 309 absentia
2250 275 2368 323 potest

1421 321 1541 362 viator
1552 320 1671 367 justus
1682 326 1742 363 illo
1758 324 1856 367 frui,
1877 325 1966 370 quia
1977 335 2102 361 amore
2115 324 2148 360 ei
2161 321 2370 367 inhaerere...

1419 383 1569 420 propter
1587 371 1621 410 se
1635 397 1645 408 .

1490 472 1897 521 [Arta-tentus
1958 472 2286 515 rumonus

1484 574 1545 614 An
1563 573 1691 612 fruitio
1706 576 1772 612 viae
1784 575 1819 612 8<
1833 575 1957 624 patriae
1970 572 2087 624 specie
2105 573 2276 614 differant
2292 603 2304 614 .

1466 674 1604 714 ‘Doflor
1614 675 1873 722 4.d.49.q.5.5.
1886 675 2052 713 Secunda
2065 677 2248 714 conclusio
2263 679 2318 716 V.

1519 726 1579 763 sed
1591 726 1650 762 hic
1666 727 1714 763 est
1729 725 1921 761 difficultas
1937 751 1945 759 .
1974 728 2012 761 in
2030 726 2178 773 Report.
2193 729 2267 764 ihi,

1571 776 1651 813 dem
1668 788 1699 824 q.
1712 787 1750 822 4.
1762 786 1796 822 3.
1809 774 1844 811 d.
1867 775 1973 821 31.§.
1988 776 2047 811 Ad
2063 779 2218 822 primum

1621 828 1662 864 S.
1685 826 1833 862 Thomas
1856 841 1886 864 1.
1913 837 1945 861 2.
1963 837 1998 873 q.
2021 835 2166 864 thart.

1680 887 1719 924 4.
1740 877 1776 911 in
1802 876 1980 913 solutione
2007 903 2019 919 ,
2052 876 2105 925 ξφ

1742 927 1803 965 Ad
1815 926 2014 970 secundum
2026 959 2040 966 „

1414 1025 1518 1118 V
1539 1026 1689 1065 identur
1706 1025 1833 1065 fruitio
1844 1029 1910 1066 viae
1923 1058 1936 1075 ,
1962 1031 1998 1077 8<
2018 1029 2141 1079 patriae
2155 1026 2272 1078 specie
2290 1039 2368 1065 non

1543 1077 1688 1116 differre
1708 1106 1718 1115 .
1747 1083 1843 1117 Nam
1860 1083 2007 1129 quando
2020 1093 2084 1129 per
2095 1081 2128 1117 se
2141 1079 2257 1116 causae
2270 1078 2367 1116 suffi-

1413 1125 1551 1167 cientes
1570 1129 1652 1166 sunt
1667 1129 1831 1177 ejusdem
1850 1132 2007 1181 speciei,
2027 1134 2062 1169 8(
2092 1130 2242 1169 effeetus
2269 1130 2367 1178 pari·

1413 1184 1471 1211 tet·
1489 1175 1569 1217 sunt
1581 1180 1740 1227 ejusdem
1755 1181 1907 1230 speciei:
1933 1186 1982 1220 ita
1999 1183 2048 1219 est
2071 1183 2104 1219 in
2118 1180 2201 1217 casu
2215 1207 2227 1223 2
2251 1182 2367 1228 ‘luia-³

1412 1226 1537 1265 eadem
1568 1235 1763 1275 voluntas,
1791 1233 1914 1270 eadem
1944 1234 2100 1271 charitas
2127 1230 2365 1269 secundum„

1411 1278 1632 1326 Apostolum
1651 1283 1923 1320 1.adCort'nth.
1955 1294 2030 1330 cap.
2053 1295 2106 1331 ¹3·
2133 1284 2228 1319 idern
2257 1282 2362 1318 obie-

1409 1328 1510 1366 &um
1525 1330 1669 1371 fruibile
1681 1361 1693 1376 ,
1708 1336 1742 1372 &
1757 1333 1822 1372 sub
1834 1335 1956 1372 eadem
1969 1336 2109 1373 ratione
2121 1347 2166 1372 ex
2181 1344 2280 1381 parte
2291 1334 2361 1369 Ob·

1410 1381 1518 1428 jeai:
1549 1384 1727 1430 haeigitut·
1752 1387 1831 1422 duae
1847 1386 2036 1424 fruitiones
2064 1388 2266 1434 probantur
2280 1394 2360 1419 tan·

1411 1444 1488 1470 tum
1501 1432 1644 1473 differre
1661 1435 1855 1475 secundum
1869 1440 1983 1486 magis
1999 1439 2033 1475 81
2049 1438 2167 1474 minus
2182 1435 2218 1471 in
2232 1432 2360 1472 eadem

1409 1484 1547 1533 specie.

1511 1537 1675 1576 For-taliis
1688 1539 1798 1584 hujus
1814 1536 1985 1586 sententie³
1999 1539 2080 1576 sunt
2092 1537 2361 1581 dicentes,frui.

1407 1587 1541 1624 tionem
1558 1588 1623 1621 viae
1635 1590 1702 1623 effe
1717 1589 1965 1632 imperfeetam
1984 1612 1994 1627 ‚
2017 1589 2139 1631 patria:
2162 1598 2251 1621 vero
2271 1599 2352 1634 per-

1408 1636 1538 1673 fefiam
1556 1660 1565 1669 .
1593 1633 1694 1671 Nam
1715 1634 1901 1682 objeetum
1932 1635 2095 1682 estquod
2122 1634 2183 1670 dat
2206 1634 2360 1684 speciem

1410 1685 1506 1720 affini
1518 1711 1529 1726 ‚
1557 1684 1614 1724 sed
1634 1687 1679 1721 ab
1691 1697 1820 1733 agente
1832 1686 2011 1732 dependet
2024 1685 2153 1721 modus
2170 1687 2300 1732 agendi
2316 1696 2357 1721 ut

1409 1736 1451 1772 stt
1465 1735 1645 1782 perfefihts
1663 1737 1716 1770 vel
1741 1735 1973 1780 imperfeffius
1999 1733 2194 1773 secundum
2215 1736 2356 1782 agentis

1409 1785 1652 1819 conditionem
1676 1809 1685 1817 .
1716 1787 1850 1831 Neque
1872 1796 1917 1820 ex
1939 1795 1983 1820 eo
2005 1784 2105 1831 quod
2131 1798 2355 1833 ponerentur

1410 1830 1464 1865 hae
1482 1856 1494 1872 ,
1521 1830 1698 1870 frutiones
1709 1833 1867 1879 ejusdem
1882 1834 2037 1881 speciei,
2063 1834 2287 1872 inferendum
2301 1836 2354 1872 es·

1408 1880 1458 1917 set
1480 1882 1652 1919 viatorem
1674 1884 1740 1921 effe
1767 1886 1940 1926 beatum3
1970 1887 2056 1931 quia
2082 1885 2142 1921 etsi
2173 1885 2355 1924 fruitionis

1409 1934 1554 1968 nomine
1567 1932 1783 1979 significetur
1798 1946 1899 1971 amor
1921 1936 2089 1975 amicitiae
2107 1935 2269 1983 respcftu
2297 1939 2354 1973 ul·

1409 1983 1486 2018 timi
1504 1981 1606 2019 finis:
1639 1997 1656 2019 a
1673 1997 1897 2033 quocunque
1911 1985 2054 2021 tandem
2071 1986 2239 2021 eliciatur
2259 2000 2270 2027 3
2297 1989 2352 2023 ni-

1408 2032 1601 2075 hilominus
1626 2033 1812 2072 beatitudo
1843 2036 1983 2083 praecIse
2011 2038 2181 2084 importat
2208 2036 2355 2074 fruitio-

1408 2086 1538 2121 nemin
1561 2085 1801 2123 determinato
1812 2086 1927 2133 gradu
1944 2114 1953 2128 ,
1978 2088 2066 2123 adeo
2083 2099 2121 2122 ut
2141 2087 2234 2123 infra
2248 2089 2353 2126 illum

1406 2147 1510 2171 nemo
1521 2136 1560 2171 fit
1580 2138 1707 2173 beatus
1721 2152 1728 2172 :
1744 2139 1844 2173 illum
1860 2149 1980 2173 autem
1993 2137 2144 2184 gradum
2162 2150 2350 2186 nunquam

1404 2184 1511 2223 habet
1527 2186 1642 2232 viator
1657 2216 1667 2231 ,
1693 2191 1817 2237 Quare
1830 2188 1889 2223 etst
1905 2190 2030 2224 beatus
2048 2189 2081 2224 8<
2101 2189 2221 2225 viator
2238 2192 2353 2236 magis

1405 2238 1570 2272 &minus
1584 2237 1750 2275 fruantur
1768 2266 1779 2280 ‚
1806 2250 1876 2274 non
1909 2250 2027 2274 tamen
2049 2250 2203 2286 uterque
2231 2242 2346 2287 magis

1406 2287 1441 2327 ἃ
1460 2289 1579 2325 minus
1592 2287 1641 2324 est
1657 2290 1780 2326 beatus
1796 2316 1809 2332 ,
1836 2289 1908 2329 imo
1922 2290 2042 2326 viator
2059 2290 2264 2339 simpliciter
2279 2304 2351 2329 non

1403 2337 1453 2373 est
1474 2340 1598 2375 beatus
1612 2366 1623 2379 .

1504 2390 1644 2429 Verum
1661 2391 1890 2439 probabilius
1908 2391 2127 2430 videtur-has
2144 2391 2233 2429 duas
2260 2392 2353 2429 frui—

1405 2440 1521 2477 tiones
1536 2440 1648 2489 specie
1660 2442 1802 2479 differre
1816 2469 1825 2484 ,
1848 2442 1962 2491 seipfis
1974 2443 2123 2491 quidem
2136 2443 2350 2486 formaliter,

1403 2488 1463 2523 sed
1477 2503 1493 2524 a
1508 2493 1621 2528 caulis
1636 2521 1647 2536 ,
1671 2495 1726 2530 vei
1742 2493 1955 2530 habitudine
1966 2493 2155 2529 causarum
2169 2493 2348 2530 effeffive.

1403 2537 1498 2577 Nam
1527 2542 1551 2577 st
1577 2555 1733 2591 ponatur
1757 2544 1953 2580 intellefflo
1977 2545 2046 2581 effe
2061 2542 2164 2582 causa
2192 2545 2350 2593 partialis

1403 2592 1586 2629 volitionis
1601 2621 1612 2636 ‚
1640 2596 1810 2642 quoniam
1823 2595 2016 2631 intelleffio
2029 2596 2194 2638 viatoris,
2209 2597 2244 2632 &
2263 2595 2351 2631 visto

1404 2643 1507 2678 beata
1525 2642 1692 2681 differunt
1706 2644 1823 2692 specie
1841 2659 1851 2683 ι
1877 2657 1965 2691 ergo
1981 2647 2014 2681 8<
2027 2644 2178 2681 effecius
2196 2644 2353 2683 necessa·

1404 2694 1456 2729 rio
1474 2695 1740 2742 praeexigentes
1756 2708 1813 2733 eas
1825 2694 1949 2731 causas
1962 2694 2077 2742 specie
2088 2695 2247 2733 diversas
2258 2698 2351 2745 pari.

1404 2754 1457 2779 ter
1487 2744 1602 2793 specie
1627 2745 1796 2786 differunt
1821 2772 1831 2782 .
1869 2750 2070 2792 Nunquam
2095 2747 2190 2782 enim
2214 2748 2351 2784 indivi-

1403 2793 1515 2831 duum
1539 2795 1698 2842 ejusdem
1713 2797 1842 2844 speciei
1868 2795 2061 2832 necessario
2091 2798 2241 2845 requirit
2263 2809 2352 2834 cau-

1402 2843 1472 2879 sam
1488 2845 1634 2883 alterius
1651 2847 1777 2897 speciei
1793 2850 1837 2883 ab
1850 2848 1908 2882 illa
1924 2873 1935 2890 ,
1958 2858 2068 2893 quam
2083 2849 2272 2896 praeexigit
2285 2849 2351 2884 ali-

1404 2895 1454 2931 ud
1469 2895 1696 2934 individuum
1714 2897 1779 2934 sub
1790 2898 1904 2946 specie
1928 2898 2077 2934 eadem·
2104 2898 2142 2938 Si
2156 2909 2276 2934 autem
2292 2900 2350 2934 in·

1403 2945 1561 2986 tellefflo
1576 2949 1716 2985 dicatur
1732 2949 1838 2987 causa
1852 2947 1928 2995 fine
1948 2960 2017 2997 qua
2032 2959 2122 2990 non,
2149 2946 2272 2984 saltem
2297 2949 2351 2987 es-

1406 2996 1598 3035 sentialiter
1614 3002 1813 3048 requiritur
1826 3028 1833 3036 .
1867 3001 1910 3035 Et
1923 3009 2010 3035 tunc
2034 2998 2123 3034 ficut
2145 2999 2244 3047 prius
2261 3025 2272 3041 ,
2297 2999 2353 3036 di·

1404 3047 1501 3086 versa
1519 3048 1703 3088 individua
1724 3050 1885 3097 ejusdem
1909 3047 2037 3098 speciei
2052 3060 2123 3084 non
2153 3049 2352 3092 necessario

2382 2407 2548 2441 nectat-atur
2564 2429 2576 2448 ‚
2602 2425 2603 2431 1

2394 2448 2577 2481 fruitionem..
2602 2454 2603 2474 ἶ

2382 2489 2434 2517 viae
2461 2487 2576 2527 specim

2381 2524 2494 2556 differre
2530 2536 2576 2558 a..

2382 2562 2518 2596 fruitione
2528 2573 2576 2606 pa·

2380 2603 2461 2633 ‘1¹58-

1404 3098 1586 3147 postulant
1599 3102 1635 3136 in
1652 3102 1765 3139 caulis
1777 3104 1901 3150 aliqua
1916 3101 2063 3137 alterius
2076 3097 2202 3147 speciei
2217 3100 2351 3148 :juxta
2373 3123 2381 3135 r

1403 3152 1513 3197 igitur
1529 3149 1620 3187 hanc
1630 3155 1838 3199 opinionem
1847 3149 2031 3198 objeaum
2044 3150 2188 3186 fruibile
2201 3151 2249 3187 est
2265 3164 2352 3188 cau—

1407 3201 1440 3237 sa
1450 3199 1524 3247 sine
1537 3213 1606 3247 qua
1621 3214 1686 3239 non
1702 3216 1711 3226 ·
1744 3205 1786 3240 Et
1799 3213 1885 3238 tunc
1902 3214 1948 3238 ex
1965 3199 2217 3249 parteobjeffl
2235 3202 2351 3238 salva·

1403 3254 1431 3287 ri
1449 3252 1562 3297 potest
1587 3253 1770 3291 distinato
1795 3254 2008 3290 fruitionum
2024 3264 2070 3287 ex
2091 3251 2350 3289 distinetione-2

1402 3304 1578 3349 unionum
1603 3330 1613 3345 ,
1653 3305 1740 3340 licut
1779 3316 1826 3341 ex
1859 3299 2000 3339 diversa
2031 3303 2350 3349 approximatione

1402 3354 1541 3401 agentis
1554 3354 1596 3388 ad
1610 3353 1745 3402 passum
1758 3355 1919 3391 variatur
1937 3350 2107 3388 effestus:
2126 3352 2229 3388 aliter
2250 3355 2348 3391 enim

1403 3406 1475 3449 agit
1488 3415 1595 3448 agens
1611 3405 1712 3451 quod
1725 3418 1788 3455 per
1807 3406 1939 3441 lineam
1953 3402 2085 3443 refiiam
2098 3404 2296 3450 opponitur
2310 3406 2348 3442 8<

1401 3455 1678 3501 approximatur
1707 3456 1803 3503 palso
1817 3483 1828 3499 ‚
1858 3456 1960 3491 aliter
1994 3452 2100 3500 quod
2139 3465 2203 3500 per
2246 3454 2349 3491 refle—

1402 3516 1486 3540 xam
1505 3529 1516 3545 ‚
1532 3506 1588 3540 vel
1602 3506 1773 3543 stanam:
1799 3506 1960 3552 cognitio
1971 3514 2093 3539 autem
2109 3503 2185 3540 itaec
2196 3505 2243 3541 est
2255 3517 2348 3553 qua·

1402 3556 1425 3590 st
1443 3556 1710 3602 approximatio
1729 3556 1869 3604 objeffl
1884 3555 1927 3591 ad
1949 3556 2177 3591 voluntatem
2196 3569 2206 3596 3
2231 3554 2266 3592 in
2289 3559 2347 3593 via

1400 3609 1538 3651 quippe
1569 3608 1842 3654 approximatur
1856 3604 2044 3653 objeetum
2076 3607 2258 3642 voluntati
2285 3617 2349 3653 per

1401 3653 1646 3704 cognitionem
1659 3657 1918 3703 aenigmaticam
1933 3683 1946 3700 ‚
1966 3656 2002 3690 in
2015 3658 2126 3703 patria
2142 3669 2185 3693 ve
2193 3669 2231 3694 ro
2244 3658 2348 3694 vide·

1399 3717 1461 3742 tur
1472 3708 1628 3742 revelata
1641 3708 1731 3744 facie
1746 3732 1758 3751 ,
1790 3709 1824 3744 8<
1845 3708 1880 3743 in
1898 3707 1958 3743 sua
1973 3707 2062 3743 reali
2074 3707 2260 3754 prasentia
2277 3736 2285 3745 .

1499 3757 1675 3793 Tenendo
1687 3758 1779 3793 hanc
1797 3758 1988 3795 secundam
2001 3758 2113 3799 viam,
2128 3759 2226 3795 haud
2237 3770 2345 3807 opor·

1400 3816 1452 3845 tet
1467 3807 1664 3846 concedere
1677 3808 1722 3846 de
1737 3810 1897 3859 potentia
1911 3809 2073 3847 absoluta
2087 3810 2157 3848 Dei
2173 3837 2184 3853 ‚
2205 3809 2349 3846 causari

2200 3859 2298 3910 poss‘e
