2628 4026
68 674 173 707 Eadem
186 667 270 696 docet

69 717 99 746 5,
112 712 270 742 ssonavent·

72 764 101 785 2.
130 747 190 786 dist-
227 752 270 779 3⁹·

69 800 127 828 §2¹10
141 797 168 816 ι·
179 793 235 822 5¹3⁰

379 143 403 175 2
415 142 437 186 3
451 137 477 181 8

303 210 380 237 tum
396 211 441 235 ex
459 209 637 250 praecepto
660 198 810 241 divino,
837 200 934 235 cit-ca
961 200 1060 247 quod
1083 200 1240 236 ordinari

302 255 445 292 deberet
462 277 473 289 .
488 256 525 289 Et
542 263 682 300 quanto
699 250 786 287 illud
803 277 813 292 ,
844 263 862 285 a
879 263 954 299 quo
969 249 1241 297 avertiturffor-

305 313 442 353 maliter
455 307 504 343 est
520 305 578 342 fini
596 301 831 351 propinquius
847 327 859 342 ,
882 301 985 336 tanto
1001 299 1101 349 pejor
1116 299 1165 337 est
1182 300 1242 334 illa

303 363 441 402 avet-fio
455 357 614 395 formalis
627 355 762 390 caeteris
779 355 936 399 paribus.
955 354 1080 397 Atque
1092 352 1140 386 ita
1158 361 1241 397 pec·

303 425 423 453 catum
449 420 555 446 omne
574 405 623 448 est
650 402 781 447 aversio
803 414 825 449 a
845 404 926 439 bono
961 398 1242 448 incommutabili

303 454 791 504 virtualiteriezelfhrmaliter
802 479 810 486 .
825 454 891 489 Sed
907 452 1132 498 principalior
1147 449 1240 487 ratio

302 507 439 564 peccati
459 521 527 545 non
542 508 589 543 est
603 505 786 542 conversio
809 504 851 537 ad
883 505 1017 538 bonum
1039 509 1238 536 commuta-

305 567 375 604 hile
389 591 397 605 ‚
424 561 479 597 sed
498 558 634 602 aversio
649 570 665 592 a
678 558 774 590 borio
795 552 1101 599 incommutabili.
1113 551 1239 600 Qare

305 611 492 654 conversio
506 608 548 645 ad
562 610 695 643 bonum
710 614 865 641 creatum
879 614 948 638 nori
959 602 1153 650 opponitur
1168 598 1239 634 for·

304 660 634 705 maliterdileffiioni
654 658 741 694 Dei.
1191 698 1199 706 ·

407 715 474 750 Ηῖε
496 709 665 757 expolitis
693 706 894 741 declaratur
908 701 1044 749 solutio
1062 726 1070 735 .
1100 702 1238 736 Etenim

310 766 528 818 privationes
555 759 669 806 specie
698 755 996 799 distinguuntur,
1025 752 1058 797 &
1087 759 1239 797 numero

310 830 373 866 pei·
393 814 538 850 habitus
565 837 574 851 ,
604 809 736 855 quibus
766 812 1003 851 opponuntur
1031 826 1042 842 ,
1070 797 1232 857 quosve:

308 865 501 906 excludunt
514 887 525 902 ,
554 862 640 896 sicut
657 856 822 896 surditas,
850 853 881 888 8(
896 854 1035 897 caecitas
1051 849 1166 898 specie
1183 849 1240 884 di-

307 920 542 961 stinguuntur
568 908 770 956 privativa,
794 901 992 941 uthabitus
1008 904 1057 938 eis
1083 900 1239 947 oppositi

308 962 574 1019 privationibus
598 958 711 1006 specie
734 956 884 1002 positiva
902 979 912 995 ,
936 953 970 988 8(
992 966 1073 989 cum
1090 962 1238 986 numero

312 1029 374 1056 aut
397 1024 523 1062 genere
542 1011 688 1046 habitus
716 1006 910 1045 differunt,
936 1015 1055 1052 parem
1087 1001 1239 1036 subeunt

308 1063 569 1104 distinfftionem
582 1063 631 1097 eis
657 1058 822 1108 oppofitae
843 1056 1080 1101 privationes.
1111 1051 1240 1087 Pecca-

307 1131 343 1156 ta
356 1126 473 1153 autem
496 1110 601 1158 juxta
617 1111 815 1148 doetrinam
841 1104 1052 1143 Sanaorum
1074 1102 1238 1151 quaedam

305 1166 523 1219 privationes
536 1162 614 1199 sunt
627 1190 637 1206 ‚
665 1163 699 1198 8(
715 1158 859 1207 quidem
875 1155 1143 1212 testitudinum,
1159 1164 1240 1199 quae

310 1219 448 1257 aftibus
461 1213 587 1250 nostris
601 1211 705 1250 inesse
725 1211 895 1245 deberent
914 1221 926 1248 3
948 1218 1034 1251 ergo
1059 1214 1162 1252 justa
1177 1204 1240 1239 ha.

305 1282 386 1307 tum
401 1265 651 1305 reaitudinum
682 1257 939 1298 distinetionem
965 1256 1036 1304 ipsa
1068 1265 1241 1303 peccata...

307 1319 575 1363 distinguantur
599 1323 744 1362 oportet
773 1320 900 1356 genere
915 1334 926 1350 ,
947 1309 1002 1342 vel
1020 1304 1134 1352 specie
1149 1332 1159 1347 ,
1185 1305 1241 1361 vel

305 1369 527 1407 numero.Ut
545 1367 567 1402 fi
584 1365 728 1401 diversis
742 1360 879 1398 aftibus
894 1356 999 1392 inesse
1012 1356 1180 1392 deberent
1194 1355 1245 1396 di.

307 1419 418 1456 verse
437 1417 552 1464 specie
570 1408 1009 1451 reffittidines,earundem
1024 1407 1242 1463 privatio-nes

309 1470 425 1518 specie
437 1468 610 1515 privativa
627 1465 988 1508 distingtierentur3ut
1001 1457 1082 1504 ipsae
1102 1457 1242 1491 bonita-

311 1533 389 1563 teS,
419 1530 531 1564 quum
550 1516 667 1553 insunt
694 1513 807 1559 specie
833 1508 1003 1544 differunt
1046 1506 1239 1554 positiva-1.

312 1575 399 1610 Non
424 1580 512 1613 ergo
534 1580 595 1616 per
617 1562 883 1601 conversionem
909 1558 951 1591 ad
978 1556 1122 1603 objeffm
1147 1558 1246 1612 acci-2

309 1622 415 1670 piunt
442 1629 584 1665 peccata
601 1615 749 1659 speciem
768 1611 801 1646 8(
828 1606 1117 1648 distinetionem3
1143 1609 1246 1651 obje.

313 1672 370 1707 δὶα
382 1670 514 1717 quippe
530 1680 597 1704 non
611 1664 689 1700 sunt
706 1662 794 1697 mala
807 1685 818 1700 ,
831 1658 892 1694 nisi
910 1658 1158 1696 materialiter:
1175 1657 1246 1692 sor·>

313 1721 415 1757 malis
435 1729 520 1762 ergo
535 1719 625 1753 tatio
640 1708 880 1755 distinguendi
899 1718 1044 1754 peccata
1073 1708 1247 1754 accipitur

313 1771 346 1805 in
359 1769 628 1816 comparatione
641 1765 681 1800 ad
697 1759 943 1799 reffitudinem
956 1760 1060 1796 aliam
1074 1784 1084 1799 ,
1098 1758 1132 1793 8(
1147 1759 1248 1792 aliam

313 1821 453 1868 specie,
481 1814 679 1866 quoeiness'e
704 1813 842 1851 :retibus
870 1807 1014 1843 deberet
1033 1820 1046 1847 ·‚
1071 1809 1105 1843 8(
1133 1807 1249 1843 {imili-

314 1883 369 1908 ter
381 1868 538 1917 ejusdcm
563 1866 690 1914 speciei
703 1873 787 1911 pecc
813 1872 847 1895 ta
860 1859 960 1905 plura
973 1857 1077 1895 inelse
1090 1857 1249 1905 possunt,

314 1931 495 1970 quatenus
521 1919 640 1966 plures
676 1910 910 1950 reaittid'ines
941 1908 1097 1954 ejusdem
1124 1907 1250 1945 speciei

315 1970 528 2011 excludunt,
555 1968 687 2014 quibus
700 1962 817 1999 orn-iri
834 1958 969 2005 possent
984 1985 994 2001 ,
1024 1959 1057 1994 8(
1073 1958 1250 1994 debebant

317 2023 417 2059 aetus
432 2020 499 2068 qui
523 2019 716 2055 eliciuntur
738 2011 924 2051 ordinate,
960 2009 1076 2049 debita
1102 2007 1251 2044 subinde

313 2071 534 2111 reffiaeudine
565 2076 724 2103 carentes
743 2088 752 2097 .

419 2123 599 2158 Caeterum
615 2117 706 2152 ratio
719 2109 958 2151 conversionis
975 2109 1017 2144 ad
1031 2107 1170 2155 objefta
1186 2118 1251 2144 nec

319 2190 381 2229 per
407 2177 440 2212 se
470 2168 658 2209 constituit
676 2192 687 2214 9
715 2174 779 2200 nec
804 2160 949 2208 proin.le
968 2160 1152 2204 distinguit
1169 2170 1253 2206 pec-

318 2240 439 2266 c-itum
455 2252 467 2272 ,
496 2237 533 2260 ut
551 2234 735 2271 peccatum
754 2246 763 2260 ,
777 2238 786 2253 ι
802 2210 910 2249 Unde
943 2208 1060 2268 scribit
1092 2208 1254 2254 August.

324 2293 381 2316 ιε.
398 2280 440 2314 de
455 2277 572 2312 Civit.
589 2287 666 2320 cap.
682 2274 714 2309 8.
727 2269 911 2314 Deficitar
926 2271 1018 2295 emm
1032 2273 1097 2297 non
1121 2259 1169 2295 ad
1181 2271 1254 2318 qm.

318 2331 375 2373 la,
397 2329 461 2375 fed
475 2326 586 2367 male,
619 2335 684 2361 non
695 2322 741 2357 ad
760 2319 870 2356 malas
891 2324 1037 2352 naturas
1052 2337 1063 2356 ,
1079 2310 1155 2359 sed
1177 2310 1253 2344 :deo

318 2382 409 2417 male
425 2406 432 2414 .
457 2380 540 2425 quia
554 2385 674 2411 con’ra
689 2371 847 2408 ordinem
863 2376 1073 2402 naturarum
1093 2392 1102 2403 ,
1134 2363 1178 2400 ab
1192 2375 1227 2399 eo
1241 2388 1253 2405 ,

318 2417 550 2478 quodsumme
577 2426 624 2465 εἴ]
639 2451 648 2466 ,
678 2422 725 2458 ad
742 2422 781 2456 id
802 2418 895 2468 quod
927 2420 1038 2454 minus
1051 2415 1116 2453 efl-
1140 2415 1254 2459 (gitur

317 2481 458 2517 averlio
492 2478 538 2513 est
566 2486 706 2515 totum,
741 2471 839 2519 quod
874 2467 922 2505 est
950 2469 992 2505 de
1016 2471 1150 2505 ratione
1174 2475 1256 2515 pec·

319 2534 388 2567 cari
407 2558 416 2573 ,
455 2528 539 2576 quia
566 2535 688 2559 contra
714 2524 940 2558 voluntatem
969 2522 1034 2556 Dei
1061 2547 1071 2557 .
1098 2524 1255 2569 Qre)

321 2581 483 2629 respee‘tu
500 2575 657 2623 ejusdem
671 2573 806 2621 objeffi
820 2572 996 2606 committi
1020 2571 1159 2616 possunt
1177 2572 1258 2618 plu-

322 2645 355 2668 ra
374 2641 517 2675 peccata
533 2627 646 2672 specie
659 2622 807 2660 diversa.
824 2625 917 2660 Nam
933 2622 1110 2656 testitudo
1123 2624 1156 2657 in
1170 2633 1256 2668 ope-3

323 2684 459 2718 ratione
479 2707 488 2720 ,
507 2677 665 2724 respeffiu
679 2677 785 2713 unius
811 2670 945 2717 objeeti
962 2672 1114 2719 postulat
1130 2683 1256 2708 omnes

323 2729 604 2768 circumstantias
622 2753 631 2767 ‚
658 2738 747 2772 quas
774 2723 867 2759 reeta
896 2724 988 2758 ratio
1012 2723 1120 2759 dietat
1150 2736 1161 2758 ι
1192 2724 1256 2762 bof

323 2797 407 2821 rium
432 2781 522 2815 enim
538 2790 580 2813 ex
596 2776 699 2812 causa
724 2778 861 2820 integra
874 2800 885 2815 ,
910 2784 1097 2821 peccatum
1118 2784 1201 2808 vero
1214 2782 1257 2808 ex

322 2833 506 2870 omissione
536 2827 799 2874 cujuscumque
828 2822 1128 2859 circumstantiae.
1157 2823 1255 2858 Cum

322 2887 436 2928 igitur
460 2877 730 2917 circumstantiae
755 2875 869 2922 specie
890 2872 1054 2908 differant
1072 2901 1080 2914 ,
1111 2874 1143 2908 81
1162 2873 1260 2908 defe-

323 2936 401 2970 &iis
428 2942 577 2978 quoque
598 2929 667 2963 sive
685 2936 828 2974 peccata
852 2924 933 2959 inde
958 2924 1155 2958 exorientia
1182 2922 1260 2968 spe-

321 2985 423 3021 cifice
449 2980 715 3024 distinguentur
736 3004 744 3012 .
778 2980 860 3012 Non
879 2976 988 3020 igitur
1014 2985 1056 3008 ex
1086 2973 1257 3020 objeffls,

321 3037 437 3071 velex
449 3027 680 3067 conversione
704 3027 746 3062 ad
759 3025 879 3062 eadem
895 3022 1167 3066 distinguuntur
1180 3035 1260 3068 pec-

321 3098 401 3121 cata
421 3082 476 3119 sed
490 3092 554 3127 pro
569 3080 704 3115 ratione
722 3077 927 3117 habituum,
940 3083 1033 3117 quos
1048 3074 1258 3126 excludunt,

319 3134 582 3172 distinqionem
601 3129 818 3164 numericam
833 3153 844 3170 ,
876 3129 928 3162 vel
955 3122 1151 3171 specificam
1166 3149 1176 3165 ‚
1199 3132 1259 3157 aut

319 3189 426 3224 etiam
445 3181 646 3230 genericam
666 3180 872 3224 accipiunt.

425 3235 480 3270 Ad
497 3228 1102 3277 argumentaAdprim11m‚di&um
1119 3226 1186 3270 fult
1201 3234 1260 3258 ar-

320 3285 427 3325 ticulo
437 3284 647 3334 praecedenti
661 3281 798 3318 aftibus
813 3280 880 3315 illis
894 3281 1058 3326 intligitas
1077 3279 1107 3314 se
1127 3274 1259 3323 Augu*

323 3338 451 3373 stinitm
481 3335 662 3369 materiam
680 3358 691 3374 ,
713 3333 767 3366 vel
798 3329 995 3375 subjeetum
1024 3330 1158 3378 peccati
1176 3355 1185 3371 ,
1203 3326 1258 3362 titi

320 3389 521 3434 frequenter
555 3393 723 3418 concreta
751 3381 970 3417 definiuntur
1008 3380 1255 3427 cxpressioned

318 3436 470 3483 subjeffi
499 3434 652 3479 tenentis
675 3433 791 3467 locum
821 3434 959 3476 generis
983 3444 991 3466 ε
1020 3431 1077 3467 sed
1094 3429 1258 3465 addendo

324 3496 444 3525 contra
471 3493 633 3521 aeternam
668 3481 777 3529 legem
804 3484 884 3518 “Dei
910 3481 1093 3518 formalem
1120 3479 1256 3527 peccati

323 3539 497 3575 rationem
516 3532 719 3581 significaffe
733 3555 744 3566 .
764 3533 877 3577 igitur
896 3558 905 3573 ,
933 3533 994 3567 etsi
1013 3529 1110 3566 abhis
1126 3533 1177 3567 illi
1194 3542 1259 3576 po-

320 3589 412 3624 {itivi
442 3597 485 3622 ex
497 3584 648 3632 propriis
669 3581 824 3628 objcffis
842 3583 1019 3627 accipiant
1041 3582 1206 3629 speciem,
1221 3579 1256 3615 8(

321 3637 592 3674 ὀίίὶίιιξὶίοηοιῐι
630 3660 642 3675 ,
688 3644 842 3668 attamen
882 3634 984 3669 aliter
1025 3634 1146 3668 evenit
1194 3633 1262 3669 in..

326 3688 466 3726 formali
486 3686 622 3722 ratione
635 3684 794 3731 peccati.
829 3682 945 3719 Astus
974 3684 1158 3725 enimilli,
1188 3695 1260 3718 non

320 3740 381 3779 nisi
401 3737 666 3773 denominative
680 3745 822 3781 peccata
840 3734 919 3769 sunt
934 3761 943 3775 ‚
967 3745 1148 3782 quatenus
1161 3746 1260 3769 nem.

324 3803 368 3839 pe
395 3799 517 3825 contra
535 3788 600 3822 Dei
621 3785 864 3834 praescriptum
893 3785 1023 3834 positi,
1048 3784 1182 3822 scatent
1197 3785 1261 3822 de.

907 135 1089 181 Summe?
1121 129 1312 198 Joanm‘s’
1352 132 1481 178 Dum
1512 134 1630 181 Scoti

1314 199 1522 242 formitate,
1542 201 1809 247 &obliquitate
1835 204 1916 240 inde
1941 201 2083 239 induet-a
2101 230 2112 247 ,
2139 207 2253 250 quia-2

1318 260 1399 286 cum
1423 248 1531 296 quta
1558 253 1625 288 Dei
1648 254 1760 296 legem
1788 256 1871 301 poni
1885 253 2082 290 debuissent
2104 280 2115 297 ,
2145 267 2251 301 prave

1318 300 1354 334 8(
1382 311 1563 347 perperam
1592 314 1696 349 agere
1718 305 1886 341 voluntas
1911 305 2036 340 maluit
2054 331 2064 346 ,
2093 303 2254 350 adeoque

1319 351 1412 383 ratio
1424 350 1497 386 haec
1512 351 1667 390 formalis
1684 357 1842 400 peccati,
1870 367 1942 391 non
1956 367 2000 391 ex
2009 353 2175 401 objeffis‚
2195 354 2254 391 sed

1318 411 1383 458 per
1409 399 1598 447 habitum,
1617 404 1685 451 qui
1713 404 1925 445 excluditur
1945 431 1958 449 ,
1999 405 2104 448 debet
2130 405 2255 442 distin-

1317 460 1382 494 gut
1397 474 1408 485 .
2064 458 2068 460 “

1320 548 1328 556 ⁰
1418 500 1703 551 Ad'secundum
1729 503 1946 557 respondeo,
1969 506 2144 554 primo,fi
2163 506 2255 542 ratio

1318 548 1377 583 illa
1400 552 1555 592 valeret,
1583 552 1617 586 &
1644 555 1898 597 concluderet,
1919 559 2068 593 omnino
2083 569 2144 605 per
2161 558 2254 592 acci-

1319 598 1408 634 dens
1433 601 1526 636 a&ui
1553 613 1614 647 per
1637 603 1670 638 se
1696 605 1836 640 intento
1863 607 1906 641 ab
1920 619 2046 652 agente
2070 605 2252 652 conjungi

1321 652 1459 694 peccati
1485 650 1744 689 deformitatem
1759 681 1771 697 ,
1799 656 1841 690 ad
1856 667 1963 702 quam
1989 655 2175 705 respiciens
2193 669 2254 691 ne-

1321 709 1380 732 mo
1391 711 1593 746 operatur3
1619 703 1726 749 igitur
1748 715 1834 741 tunc
1862 717 2048 753 peccatum
2074 708 2254 742 videi-etur

1317 747 1384 789 effe
1410 752 1498 802 quid
1513 751 1653 792 casuale
1671 781 1684 798 ,
1713 755 1747 791 8(
1770 757 2140 802 praeterintentiopern
2158 768 2255 792 men-

1315 804 1462 846 temque
1487 805 1669 850 peccantis
1683 807 1827 842 evenire
1852 806 1868 844 .’
1889 807 2000 854 Quod
2028 819 2149 844 autem
2173 805 2258 842 casu

1315 852 1446 893 evenit,
1464 865 1652 900 peccatum
1665 855 1731 891 esse
1743 858 2025 904 nequit-Deinde
2040 859 2061 894 fi
2079 869 2254 893 tantum.»

1318 911 1381 947 per
1395 903 1558 940 accidens
1572 905 1620 941 est
1634 907 1799 953 voluntas
1816 907 1918 943 causa
1938 910 2138 954 peccati‚eo
2152 907 2252 955 quod

1319 952 1462 1008 praecise
1478 956 1562 991 velit
1580 957 1771 1003 pofitivum
1786 984 1797 1000 ,
1819 959 1862 1002 ad
1883 957 1984 1004 quod
1998 957 2159 1006 sequitur
2172 969 2256 1005 pec·

1320 1009 1394 1056 cati
1413 1003 1638 1044 deformitas:
1662 1008 1774 1052 igitur
1800 1019 1882 1043 cum
1908 1008 2008 1044 Deus
2031 1020 2094 1057 per
2116 1008 2151 1044 se
2166 1009 2255 1043 velit

1318 1049 1409 1090 illud
1424 1054 1637 1101 positivum,
1659 1057 1702 1092 ad
1714 1058 1812 1104 quod
1833 1057 2017 1106 sequitur,
2039 1059 2253 1106 obliquitas,

1317 1117 1389 1141 non
1404 1106 1516 1151 magis
1534 1106 1716 1144 videretur
1730 1120 1877 1156 peccare
1898 1110 2069 1146 voluntas
2082 1109 2254 1151 humana,

1318 1167 1429 1204 quam
1441 1154 1586 1193 divina.

1335 1213 1337 1215 ’
1418 1206 1622 1244 Dicendum
1645 1219 1732 1255 ergo
1757 1210 1800 1245 ad
1812 1221 2087 1257 argumentum:
2119 1211 2158 1247 ln
2171 1220 2253 1258 pec-

1320 1268 1403 1294 cato
1422 1259 1561 1294 mortali
1586 1269 1807 1296 concurrunt
1829 1261 1928 1304 duo,
1956 1262 1990 1298 8(
2008 1262 2109 1298 anus
2133 1260 2252 1308 politi-

1320 1320 1412 1351 vus,
1442 1309 1476 1343 8(
1507 1309 1662 1358 privatio
1690 1308 1831 1355 justitiae
1847 1311 1972 1348 debitae
1994 1322 2035 1348 ut
2062 1312 2250 1347 formale-2.

1320 1358 1501 1408 Resperftu
1525 1359 1605 1405 ejus
1631 1360 1843 1406 privationis
1870 1364 1966 1398 nulla
1989 1361 2037 1398 est
2062 1361 2164 1406 causa
2181 1362 2254 1397 effi·

1325 1411 1419 1445 ciens
1443 1409 1500 1444 sed
1526 1419 1664 1444 tanturn
1690 1408 1855 1447 deficiens
1872 1438 1883 1454 ,
1911 1423 1951 1447 ut
1976 1411 2105 1448 diserte
2130 1411 2251 1447 scribit

1323 1459 1518 1505 Augustin.
1539 1458 1649 1494 iz.de
1676 1460 1792 1495 Civit.
1808 1474 1886 1510 cap.
1900 1474 1935 1507 7.
1967 1461 2103 1511 Qemo
2116 1470 2254 1509 quaerat

1323 1510 1527 1557 efficientem
1548 1507 1685 1554 causam
1712 1509 1812 1546 malae
1839 1511 2053 1553 voluntatis,
2082 1523 2147 1547 non
2163 1512 2255 1546 enim

1322 1560 1378 1597 eff
1391 1559 1538 1606 efficiens
1549 1586 1559 1601 ,
1577 1558 1646 1606 sed
1659 1559 1821 1604 deficiens
1835 1591 1842 1598 .
1863 1562 2039 1598 Voluntas
2051 1562 2160 1603 enim,
2176 1571 2257 1607 quae

1322 1610 1369 1646 cst
1388 1610 1539 1645 debitrix
1555 1609 1663 1645 dandi
1679 1611 1927 1647 rectitudinem
1955 1610 2019 1647 suo
2035 1611 2130 1646 aetui
2148 1638 2159 1653 ‚
2186 1621 2258 1645 non

1323 1661 1410 1695 dans
1435 1686 1446 1702 ,
1491 1659 1694 1695 deficiendo
1736 1673 1860 1708 peccat
1899 1688 1907 1696 .
1961 1662 2169 1697 formaliter
2219 1660 2256 1696 8(

1326 1708 1436 1757 reipsa
1462 1722 1548 1759 ergo
1575 1722 1722 1757 peccare
1745 1710 1793 1745 est
1821 1710 1962 1747 causam
1992 1722 2145 1747 creatam
2172 1711 2260 1747 libe-

1323 1772 1397 1795 ram
1424 1771 1494 1795 non
1531 1762 1690 1796 tribuere
1715 1760 1873 1797 debitam
1909 1760 2158 1798 reetitudinem
2197 1759 2262 1796 suo

1326 1811 1423 1846 aStui
1440 1837 1450 1851 ,
1473 1822 1579 1857 quam
1596 1823 1683 1846 tunc
1698 1810 1806 1857 pofl'et
1824 1812 1907 1847 dare
1921 1837 1929 1847 .
1963 1813 2086 1858 ltaque
2101 1811 2161 1847 etsi
2173 1822 2260 1845 cau-

1326 1859 1360 1896 sa
1385 1861 1457 1896 haec
1472 1873 1541 1896 non
1557 1858 1674 1897 causet
1700 1860 1897 1897 formaliter
1912 1889 1923 1904 ‚
1949 1863 2047 1908 quod
2064 1861 2163 1899 estin
2178 1872 2260 1908 pec-

1324 1921 1408 1945 cato
1430 1911 1614 1948 efficiendo
1633 1936 1642 1951 ,
1666 1909 1721 1946 sed
1745 1910 1945 1948 deficiendo
1973 1925 1984 1953 3
2005 1923 2161 1947 attamen
2188 1910 2264 1946 effi·

1325 1960 1453 1997 ciendo
1475 1961 1596 1996 causat
1617 1960 1808 2007 pontivum
1823 1961 1909 1997 illud
1933 1990 1943 2005 ,
1969 1963 2026 1997 cui
2043 1959 2261 1998 annexusest

1325 2011 1487 2047 defefflus
1505 2012 1539 2046 in
1557 2011 1755 2048 deficiendo
1778 2011 1942 2048 causatus
1957 2039 1967 2054 ,
1991 2013 2023 2048 8(
2055 2013 2103 2048 ita
2124 2011 2187 2047 stat
2200 2024 2263 2048 au.

1326 2062 1478 2097 thoritas
1504 2061 1668 2109 Dionysii
1689 2061 1732 2097 de
1764 2062 2050 2097 accidentalitate
2071 2076 2114 2099 ex
2131 2074 2262 2110 parte-2

1327 2111 1475 2149 effetffiis
1491 2140 1499 2148 .
1531 2112 1587 2148 Est
1608 2113 1710 2147 etiam
1723 2112 1988 2148 accidentalitas
2009 2124 2054 2148 ex
2070 2125 2167 2160 parte
2179 2124 2262 2146 cau-

1329 2162 1373 2199 sae
1398 2174 1467 2198 non
1485 2162 1631 2209 proprie
1648 2187 1658 2202 ‚
1687 2160 1776 2196 sicut
1789 2163 1909 2197 album
1924 2175 1983 2211 per
2000 2164 2162 2198 accidens
2179 2162 2260 2197 aedi-

1328 2213 1435 2252 fleat,
1464 2211 1525 2247 sed
1550 2209 1775 2246 extendendo
1800 2212 1957 2249 accidens
1992 2211 2035 2247 ad
2059 2212 2262 2260 quodlibet,

1331 2263 1430 2311 quod
1460 2262 1508 2298 est
1522 2270 1623 2296 extra
1640 2262 1813 2298 rationem
1835 2261 1913 2307 ejus
1932 2277 1943 2304 ;
1968 2274 2038 2309 qua
2051 2264 2185 2299 ratione
2199 2290 2210 2309 ,
2228 2263 2261 2297 8(

1330 2312 1534 2349 differentia
1557 2311 1678 2357 generi
1707 2312 1864 2347 accidere
1891 2314 2124 2364 intelligitur3
2150 2313 2264 2349 &liae

1331 2364 1479 2414 quidem
1504 2363 1643 2398 ratione
1670 2360 1732 2407 id,
1752 2374 1826 2408 quo
1847 2365 2018 2400 voluntas
2043 2363 2160 2399 nostra
2189 2364 2265 2412 spe-

1334 2417 1436 2453 cifice
1461 2412 1510 2449 est
1534 2411 1610 2447 haec
1634 2412 1802 2448 voluntas
1828 2439 1839 2454 ‚
1864 2413 1992 2449 accidit
2020 2415 2200 2450 voluntati
2228 2414 2264 2448 in

1332 2467 1390 2510 se,
1414 2477 1494 2512 quae
1523 2462 1571 2499 est
1585 2461 1755 2510 perfefflo
1778 2463 1979 2511 {impliciter
1993 2464 2184 2501 formaliter
2211 2476 2266 2499 re-

1332 2529 1429 2570 perta
1456 2517 1488 2552 in
1505 2515 1622 2563 primo
1637 2515 1812 2564 principio
1829 2539 1840 2554 ,
1864 2513 2014 2562 ejusque
2029 2514 2176 2551 subinde
2195 2525 2266 2551 non

1331 2571 1382 2607 est
1398 2566 1545 2604 influere
1565 2566 1600 2600 in
1629 2576 1814 2615 peccatum
1834 2563 1900 2610 sic,
1928 2578 1966 2602 ut
1998 2577 2145 2614 peccare
2169 2566 2268 2601 dica-

1336 2633 1395 2658 tur
1411 2648 1420 2660 .

1434 2674 1625 2715 Propterea
1646 2674 1814 2710 voluntas
1840 2687 1901 2722 per
1925 2673 2159 2711 differentiam
2182 2682 2269 2706 con·

1333 2724 1445 2760 traua
1474 2725 1516 2759 ad
1538 2737 1691 2761 creatam
1706 2728 1927 2762 voluntatem
1944 2754 1953 2768 ‚
1974 2737 2084 2773 quam
2099 2722 2267 2758 differen-

1332 2776 1419 2810 tiam
1447 2786 1511 2809 nos
1535 2776 1678 2811 interim
1725 2776 1894 2813 latentem
1942 2774 2267 2818 circumloquimur

1334 2837 1396 2872 per
1423 2824 1487 2873 effe
1503 2825 1726 2866 limitatum,
1752 2825 1794 2863 (ἐφ’
1822 2827 2017 2872 dffeflibile
2033 2853 2042 2868 ,
2074 2824 2129 2858 vel
2154 2834 2198 2859 ex
2212 2823 2267 2855 ηἰ-

1333 2875 1403 2911 hilo
1426 2874 1475 2910 est
1506 2878 1669 2921 proxima
1689 2874 1791 2912 causa
1824 2877 1997 2914 defeftiva
2016 2901 2027 2918 ‚
2050 2876 2082 2910 8(
2110 2883 2171 2918 per
2197 2870 2268 2904 ¹³00

1335 2924 1438 2960 causa
1465 2937 1525 2971 per
1552 2926 1716 2963 accidens
1728 2926 1889 2976 respcfflu
1911 2925 2065 2974 peccati.
2100 2921 2159 2961 Est
2173 2922 2270 2957 enlm

1336 2977 1365 3011 is
1396 2974 1542 3011 effefflus
1553 2976 1719 3014 deficiens
1744 2990 1760 3011 a
1783 2979 1876 3014 rtha
1892 2980 2027 3013 ratione
2042 2999 2054 3016 ‚
2075 2974 2271 3008 attribuen-

1337 3026 1404 3060 dus
1420 3028 1597 3062 voluntati
1625 3029 1813 3064 commetae
1828 3041 1888 3075 per
1907 3027 1970 3075 ‘'ffi'
1985 3026 2062 3062 limi
2081 3032 2272 3059 atrtmtan·

1337 3089 1447 3123 quam
1471 3075 1582 3112 causae
1614 3082 1724 3126 magis
1751 3081 1963 3127 propinquae
1980 3088 2088 3123 quam
2105 3074 2271 3109 volunta-

1338 3129 1363 3162 ti
1387 3126 1429 3161 de
1444 3127 1474 3164 se
1492 3155 1502 3165 .
1530 3130 1568 3164 Ei
1600 3130 1737 3176 quippe
1766 3130 1936 3164 convenit
1962 3138 2031 3163 non
2047 3135 2192 3160 tantuin
2211 3132 2272 3169 per

1335 3177 1498 3212 accidens
1514 3204 1524 3220 ,
1544 3189 1581 3213 ut
1608 3180 1783 3216 voluntati
1813 3179 1846 3214 in
1873 3176 2055 3213 communi
2074 3202 2083 3217 ‚
2112 3174 2167 3209 sed
2185 3184 2272 3218 qua-

1338 3228 1358 3262 fi
1381 3228 1495 3262 causae
1520 3232 1729 3277 propinqua:
1746 3258 1754 3272 ‚
1781 3227 1912 3265 adeout
1952 3228 2097 3263 cuilibet
2117 3222 2275 3269 ejusmo-

1336 3278 1372 3313 di
1403 3279 1584 3314 voluntati
1613 3292 1815 3328 competere
1843 3289 1952 3323 queat
1982 3304 1992 3320 ,
2023 3278 2056 3312 8(
2083 3275 2175 3311 nulli
2203 3273 2274 3308 alii.

1439 3327 1496 3363 Aa
1520 3330 1668 3365 tertium
1688 3330 1904 3377 respondeo,
1935 3328 2076 3364 Vitium
2099 3325 2133 3360 8<
2162 3325 2278 3359 virtus

1336 3380 1530 3427 dupliciter
1554 3378 1692 3425 poliunt
1714 3379 1926 3416 considerari
1941 3405 1952 3420 ‚
1971 3388 2031 3413 aut
2049 3375 2278 3412 secundum-2

1338 3434 1512 3467 rationem
1531 3431 1613 3466 boni
1631 3457 1640 3472 ,
1659 3432 1689 3466 ἃ(
1710 3430 1816 3466 mali:
1845 3431 1877 3465 8<
1895 3430 1941 3464 ita
1958 3429 2072 3463 virtus
2086 3426 2177 3462 vitio
2191 3436 2279 3460 con-

1338 3483 1506 3519 trariatur
1522 3509 1531 3523 ,
1555 3483 1640 3527 qnia
1669 3483 1713 3517 ab
1729 3491 1885 3526 utroque
1908 3478 1998 3514 vitio
2027 3477 2193 3526 opposito
2208 3477 2280 3511 vir·

1337 3544 1395 3568 tus
1410 3532 1560 3567 maxime
1575 3531 1703 3573 distat,
1725 3543 1838 3577 caque
1852 3531 1986 3565 ratione
1999 3530 2128 3564 vitium
2146 3538 2280 3564 utram·-

1341 3595 1413 3630 que
1447 3581 1538 3617 subit
1572 3594 1735 3618 naturam
1769 3583 1877 3616 unius
1922 3578 2067 3627 praecise
2111 3577 2280 3616 extremi3

1343 3645 1537 3678 utrumque
1564 3632 1736 3680 siquidem
1760 3631 1808 3667 est
1837 3631 1973 3666 malum
2001 3655 2013 3673 ,
2047 3631 2106 3666 cui
2129 3627 2281 3677 opponis·

1341 3696 1403 3720 tur
1431 3686 1571 3720 bonitas
1591 3684 1763 3722 virtutis,
1795 3681 1943 3729 perinde
1982 3681 2178 3716 excludens
2210 3689 2281 3714 ma·

1344 3735 1459 3772 litiam
1499 3734 1685 3782 utriusque
1703 3759 1711 3769 .
1738 3733 1825 3769 Alio
1847 3731 1956 3768 niodo
1981 3732 2096 3766 virtus
2119 3727 2280 3765 conside-

1344 3787 1413 3823 rati
1445 3785 1559 3835 potest
1588 3783 1784 3822 secundum
1811 3783 1997 3832 propriam
2019 3783 2218 3823 rationem,
2243 3788 2283 3815 ut

2168 3841 2243 3868 me-

2327 514 2425 544 2.di'st.
2439 522 2489 550 3⁷·

2289 562 2356 590 qa,
2371 562 2450 587 n.17.

2285 1235 2341 1273 Ubi
2359 1235 2440 1277 supra
2461 1250 2492 1280 q.

2286 1283 2315 1304 2.
2327 1284 2396 1310 ις.

2286 1365 2393 1397 Alenfis
2415 1377 2444 1396 ι.
2459 1377 2495 1406 p·

2285 1414 2313 1443 q.
2328 1415 2376 1443 94·
2399 1418 2440 1436 m.
2461 1415 2491 1441 3-

2284 1454 2342 1475 art·
2355 1449 2386 1474 6.

2330 2086 2492 2127 Quomodo

2294 2125 2425 2155 voluntas
2457 2125 2496 2154 est

2294 2164 2373 2193 causa
2387 2174 2434 2202 per
2448 2173 2496 2193 ac-

2294 2203 2390 2232 cidens
2403 2202 2495 2240 respe-

2295 2242 2339 2272 ctu
2352 2242 2458 2280 peccati
2469 2259 2479 2271 .

2315 3434 2440 3466 Mastrius
2452 3436 2516 3464 Sco.

2316 3474 2376 3504 tista
2388 3476 2414 3502 in
2428 3475 2516 3502 Meta·

2316 3513 2385 3551 phy.
2400 3514 2469 3541 cit-a
2487 3521 2517 3539 n·

2321 3560 2332 3580 t
2342 3561 2348 3578 i
2357 3555 2388 3584 6.
2400 3550 2515 3588 w'seqq.

2317 3588 2369 3618 hoc
2415 3588 2519 3620 codem

2318 3626 2450 3665 responso
2464 3625 2520 3651 uti-

2319 3675 2363 3695 tur
2391 3664 2424 3693 ad
2452 3663 2523 3690 Vas-

2319 3702 2403 3744 quelii
2437 3710 2522 3737 argu·

2318 3748 2442 3772 mentum
2453 3756 2462 3765 .
2477 3741 2526 3765 Et-

2329 3784 2348 3814 [ἰ
2369 3788 2426 3808 non
2451 3777 2530 3806 vide-
