2663 4083
101 273 213 306 Ductor
251 269 335 299 theo-

101 325 164 346 rum
182 312 223 338 !8·
237 320 266 347 4·
277 309 339 339 dist.

102 365 150 391 ⁴0.
164 363 190 379 νἹ.
201 358 225 376 2⁸
248 357 270 381 0.
296 349 340 376 Ad

100 392 175 433 prim
195 397 222 415 m
270 397 342 426 qun-(⁸

91 432 209 471 filonem
220 443 230 455 ο

102 525 215 556 Solutio
223 520 339 555 estabea-

101 565 250 595 titudinem
259 562 338 597 obje-

101 603 204 632 &ivam
216 599 289 631 haud
296 598 337 628 es-

103 643 132 671 se
140 641 220 680 posse
232 637 338 678 aliquid

101 679 223 710 hominis
234 696 244 707 .

107 779 153 808 De
169 777 213 806 his
222 775 336 814 supra-2

104 823 222 855 spbar!-
232 819 298 852 449·
308 822 337 850 5·

118 2205 259 2236 videndus
276 2205 353 2242 Mag·

117 2246 254 2283 Hiquctus
292 2245 354 2272 in..-

118 2283 356 2319 Com-super-q.z·

120 2322 150 2349 d.
162 2331 208 2358 49.
220 2331 250 2358 4.
266 2324 290 2352 6·
313 2319 357 2346 Ad

118 2365 282 2397 argumenta
300 2377 308 2386 .
320 2358 356 2384 V·

116 2398 261 2427 Breviter·
286 2403 302 2422 a
327 2403 355 2422 sse

122 2541 153 2569 4.
165 2531 193 2560 d.
217 2540 264 2573 49.
277 2540 308 2567 q.
329 2539 357 2558 ι.

126 2574 152 2604 §-
166 2570 337 2609 Dejetundo
348 2587 358 2598 0

440 158 458 192 1
473 155 503 196 (ς
989 143 1170 190 Summae

464 212 678 262 Respondeo
691 210 880 248 dicendum
895 237 906 253 ,
934 208 1152 258 distinguere
1167 216 1311 254 oporte-

370 279 405 303 rc
419 267 460 301 de
477 268 546 301 fine
569 289 579 299 .
608 265 713 302 Alius
725 262 773 298 est
787 263 879 298 enim
905 261 987 297 finis
1003 260 1159 296 hominis
1184 267 1317 292 extra-0

372 317 484 366 ipsum
502 342 512 357 ‚
529 315 616 350 alius
633 314 808 359 ittra,qui
823 311 870 348 est
884 311 957 359 ipsa
967 311 1123 347 hominis
1139 307 1316 356 operatio,

377 369 430 404 vel
453 369 558 403 etiam
573 364 684 400 forma
709 389 720 398 .
749 364 785 399 Si
804 362 1050 408 sermoitaque
1068 359 1128 394 fiat
1145 359 1187 394 de
1199 356 1315 391 homi·

374 421 428 456 nis
455 419 524 453 fine
541 443 553 456 ,
580 416 644 460 qui
666 413 714 450 est
740 411 995 459 extraipsum,
1019 407 1223 456 impoffibile
1250 404 1313 446 est,

372 471 546 506 rationem
560 463 641 512 ejus
656 464 751 499 sitam
768 462 837 500 effe
853 463 888 497 in
902 463 1019 497 anima
1031 487 1043 503 ‚
1058 468 1118 494 aut
1136 458 1170 492 in
1188 458 1314 502 aliquo

372 521 415 556 ad
428 517 573 556 eandem
587 514 765 563 speetante
796 539 805 549 .
833 511 1021 559 Siquidem
1037 512 1063 546 is
1082 508 1164 544 finis
1191 506 1238 541 est
1258 504 1314 563 su-

371 582 533 619 premum
549 566 793 615 appetibilium
811 591 822 606 ,
836 563 872 598 in
887 558 1136 608 qu02velutiin
1153 555 1317 592 effentia-

372 623 454 659 liter
466 620 630 669 supremo
646 615 694 651 est
707 615 817 650 status
840 613 877 648 in
893 611 1017 647 ordine
1045 607 1311 657 appetibilium:

372 675 425 712 Sit
439 682 525 716 ergo
540 677 685 716 oportet
698 665 732 700 8(
751 662 945 700 formaliter
973 659 1153 696 infinitum
1181 665 1194 694 ε
1214 658 1313 693 Nam

373 724 582 767 cuicunque
594 729 663 752 non
677 724 851 762 repugnat
868 711 1022 747 infinitas
1036 735 1049 752 ‚
1074 705 1164 744 illud
1177 719 1248 743 non
1264 703 1315 741 est

373 771 572 821 simpliciter
584 767 786 814 supremum
802 791 814 806 ‚
841 761 901 799 nisi
920 761 960 797 sit
985 759 1179 795 formaliter
1196 755 1316 792 infini-

372 836 455 861 tum
489 849 497 857 .
527 822 556 855 is
577 819 678 855 etiam
692 814 770 850 finis
795 815 830 850 8(
850 809 991 860 praecise
1002 809 1050 846 est
1078 821 1097 843 a
1124 808 1317 843 voluntate

374 872 578 921 simpliciter
604 875 750 915 propter
766 863 800 900 se
823 861 998 899 volendus
1027 872 1037 895 :
1069 858 1158 894 nulli
1180 859 1318 905 quippe

378 923 480 960 alteri
493 928 680 968 repugnat,
694 925 732 950 ut
748 924 896 962 propter
908 911 1005 947 aliud
1020 918 1206 957 appetatur
1224 921 1236 943 ι
1252 909 1319 965 rpi-

372 985 441 1012 nus
452 973 542 1008 enim
560 971 692 1004 bonum
707 965 800 1000 reete
814 964 934 1011 appeti
950 960 1063 1011 potest
1075 960 1192 1006 gratia
1203 970 1319 1004 majo-

373 1027 421 1062 ris
434 1023 516 1059 boni
533 1035 545 1062 ;
578 1019 616 1053 ln
631 1017 693 1052 tali
710 1014 864 1059 denique
877 1012 973 1055 fine,
1000 1010 1100 1059 quod
1128 1009 1178 1046 est
1194 1009 1320 1057 supre-

371 1087 470 1112 mum
486 1068 671 1119 appetibile
683 1094 694 1109 ‚
720 1075 845 1100 natura
867 1061 1120 1099 intelleciuaiis
1137 1061 1316 1103 ultimate,

372 1126 407 1160 8:
424 1122 598 1167 complete
613 1115 793 1163 perficitur
807 1142 819 1158 ‚
847 1125 928 1149 narn
942 1111 1152 1159 attingendo
1177 1109 1315 1158 ipsume

369 1174 431 1211 etii
457 1172 520 1207 fibi
547 1166 784 1206 extrinsecum
799 1192 810 1207 ‚
831 1164 987 1209 acquirit
1015 1161 1318 1211 perfectionem,

372 1223 576 1260 ulteriorem
591 1246 603 1263 ,
630 1228 669 1252 ac
693 1217 827 1251 valeret
851 1214 984 1250 habere
1009 1216 1046 1249 in
1071 1214 1129 1257 se,
1155 1212 1190 1247 8(
1208 1211 1251 1246 ad
1268 1209 1316 1247 se.

371 1277 452 1311 Hac
468 1272 563 1307 enim
576 1269 711 1305 ratione
724 1266 939 1311 ignobiliora
953 1264 1189 1312 perficiuntur
1201 1263 1235 1297 in
1248 1273 1311 1298 no.

372 1323 557 1360 bilioribus
574 1348 585 1363 ,
613 1329 683 1353 non
699 1315 845 1362 quidem
872 1314 1059 1351 evadendo
1081 1315 1140 1351 illa
1159 1313 1315 1355 realiter,

372 1385 436 1410 nec
456 1371 620 1408 habendo
636 1369 692 1404 illa
716 1367 915 1402 formaliter
941 1365 1146 1401 inhaerentia
1160 1390 1170 1406 ‚
1185 1363 1246 1399 sed
1260 1376 1318 1400 ea-

371 1424 450 1460 dem
462 1419 674 1465 attingendo
687 1430 751 1465 per
765 1417 1011 1465 operationem
1029 1415 1223 1463 propriam,
1238 1426 1317 1451 nam

373 1474 443 1509 alio
469 1471 577 1507 modo
591 1481 663 1505 non
681 1469 800 1504 valent
825 1468 875 1502 illi
894 1467 989 1502 uniri
1013 1494 1023 1501 .
1050 1469 1139 1503 Haec
1152 1467 1314 1508 omnia-⁴,

370 1534 450 1568 quae
465 1522 624 1557 diximus
639 1528 840 1566 competere
851 1517 913 1553 fini
927 1516 1102 1559 hominis,
1124 1518 1158 1551 in
1174 1527 1223 1562 qu
1237 1528 1249 1551 )
1263 1528 1318 1552 re·

370 1573 484 1623 posita
500 1572 547 1607 est
563 1570 780 1612 ultimata,8c
799 1569 971 1614 completa
998 1567 1110 1614 ipfius
1126 1566 1316 1615 perfeeto,

372 1636 479 1670 quam
496 1622 635 1657 nomine
650 1617 884 1655 beatitudinis
895 1617 1134 1662 significamus
1148 1642 1159 1657 ,
1172 1617 1318 1652 evidens

374 1674 423 1712 est
442 1673 501 1720 ipsi
520 1673 648 1707 animae
664 1697 677 1712 ,
702 1682 742 1704 ac
760 1669 930 1701 omuibus
944 1692 956 1708 ,
975 1678 1054 1712 quae
1071 1666 1150 1712 ejus
1166 1666 1318 1708 sunt‚re-

376 1734 537 1774 pugnare
553 1747 565 1762 ,
581 1731 621 1754 ac
639 1717 787 1766 proinde
799 1714 878 1761 ejus
897 1716 1130 1753 beatitudinis
1146 1717 1320 1752 rationem

375 1776 526 1811 animam
537 1771 670 1806 habere
688 1780 757 1803 non
774 1765 870 1813 poffe
883 1791 894 1807 ‚
910 1778 979 1802 nee·
988 1767 1134 1811 aliquod
1148 1768 1318 1801 bonum..

373 1823 531 1873 ejusdem
553 1848 564 1858 .
590 1819 702 1868 Qod
715 1818 736 1854 si
754 1817 798 1853 de
814 1814 1005 1852 intrinseco
1020 1816 1089 1852 fine
1114 1817 1321 1863 loquamur,

375 1877 438 1923 qui
455 1873 505 1909 est
519 1873 640 1908 animae
655 1869 817 1916 operatio
829 1893 841 1909 ,
865 1877 937 1912 qua
971 1867 1149 1903 mediante
1179 1865 1320 1902 finenh

379 1926 522 1972 attingit
537 1919 771 1959 extrinsecum
785 1947 798 1963 ,
823 1917 951 1963 utique
967 1918 1001 1954 in
1019 1917 1143 1964 aliquo
1155 1916 1235 1964 ejus
1249 1919 1316 1952 bo-

375 1989 424 2013 no
439 1973 622 2010 consistere
637 1970 784 2007 dicenda
800 1967 847 2005 est
864 1981 876 2008 3
908 1969 1074 2016 operatio
1089 1970 1182 2005 enim
1201 1967 1250 2003 est
1268 1968 1323 2003 in-

379 2025 530 2062 trinseca
549 2020 716 2071 perfectio
733 2020 915 2070 operantis
932 2031 941 2055 τ
957 2021 1055 2056 nulla
1069 2031 1187 2056 autem
1201 2018 1323 2054 intrin-

378 2077 456 2112 seca
467 2076 561 2111 beati
581 2071 750 2120 perfectio
762 2072 811 2108 est
828 2070 1018 2106 beatitudo
1031 2097 1043 2113 ‚
1064 2070 1124 2106 nisi
1145 2079 1325 2117 quatenus

380 2124 583 2164 extrinseco
598 2122 794 2172 perfthivo
809 2120 1014 2157 immediate
1030 2119 1222 2167 conjungit
1241 2120 1323 2162 hoc,

380 2176 480 2224 quod
508 2175 553 2211 est
581 2175 660 2210 finis
673 2173 874 2219 assequutio
898 2171 1089 2207 extrinseci
1114 2197 1123 2207 .
1151 2175 1247 2209 Nam
1260 2183 1326 2206 nec

384 2227 525 2265 essentia
543 2253 552 2267 ‚
578 2237 640 2260 nec
657 2225 815 2271 potentia
832 2223 881 2258 illi
895 2221 1100 2258 extrinseco
1129 2221 1327 2269 persefflvo

385 2276 617 2323 conjungitur
631 2299 643 2317 ‚
671 2273 731 2310 nisi
745 2286 807 2322 per
819 2273 1062 2320 operationem
1078 2298 1089 2314 ,
1104 2279 1183 2319 quae
1199 2272 1328 2307 intrin-

389 2330 462 2365 seca
477 2328 569 2363 beati
586 2321 756 2372 perfec-'tio
769 2323 841 2360 est:
856 2335 895 2359 ea
915 2334 1035 2358 tamen
1049 2335 1119 2359 non
1136 2322 1220 2358 {istit
1232 2324 1268 2357 in
1280 2320 1328 2365 se,

388 2381 421 2415 8(
435 2379 475 2413 ad
491 2377 523 2413 se
542 2404 551 2419 ,
581 2376 634 2412 sed
648 2387 707 2423 per
719 2373 750 2409 s:
769 2373 928 2409 tenditin
943 2371 1129 2418 objectum
1146 2399 1158 2416 ‚
1185 2372 1327 2408 etiam...

388 2427 586 2465 immediate
602 2424 827 2462 excludendo
843 2435 987 2460 omnem
1013 2424 1163 2460 formam
1182 2422 1327 2458 absolu·

389 2484 459 2515 tam
478 2478 626 2514 mediam
641 2503 649 2512 .

489 2528 547 2565 Ad
561 2537 770 2572 argumenta
795 2551 805 2560 .
830 2524 888 2561 Ad
905 2526 1059 2573 primum
1073 2523 1235 2563 concedo
1258 2537 1331 2561 ma-

389 2580 500 2628 jorem
514 2592 525 2620 3
541 2576 725 2623 Siquidem
741 2576 850 2611 homo
866 2587 989 2612 carens
1004 2578 1126 2613 ultima
1140 2575 1332 2625 perfeffio-

391 2644 433 2667 ne
447 2658 457 2674 ‚
485 2641 563 2674 quae
576 2630 610 2663 in
626 2626 792 2674 supremo
804 2627 990 2673 appetibili
1015 2629 1167 2675 repofiva
1184 2626 1232 2663 est
1244 2652 1256 2668 ,
1280 2635 1332 2660 at-

391 2679 557 2724 tingenda
577 2689 635 2725 pet
651 2676 946 2723 conjunftionem
961 2676 1002 2711 ad
1020 2678 1108 2713 illud
1123 2705 1134 2721 ,
1161 2677 1208 2714 est
1235 2687 1333 2711 com-

390 2734 484 2780 plete
496 2729 595 2764 miser
612 2755 618 2762 .
635 2728 770 2763 Etcum
785 2726 948 2763 subditur
960 2740 977 2769 ·,
988 2728 1162 2775 perfeftio
1176 2726 1225 2764 est
1239 2725 1333 2773 ejus,

395 2793 500 2827 aquo
511 2780 658 2814 felicitas
682 2788 776 2813 arcet
801 2777 1108 2826 imperfectionem
1135 2807 1143 2815 .
1173 2777 1334 2825 Respon-

393 2833 460 2868 deo
472 2858 482 2873 ‚
507 2829 690 2866 beatiiudo
704 2828 774 2863 sive
787 2827 937 2863 felicitas
950 2853 961 2869 ,
987 2828 1035 2864 est
1050 2829 1252 2876 affequutio
1278 2828 1333 2863 ul-

394 2882 470 2918 timi
489 2879 568 2917 finis
582 2907 593 2922 ,
613 2877 854 2915 utextrinseci
873 2876 1058 2925 perfefflvi
1076 2891 1210 2916 naturae
1227 2880 1333 2913 intel-

394 2931 554 2968 lec-tualis
569 2943 611 2966 eo
628 2929 757 2971 modo,
787 2939 861 2974 quo
876 2927 1008 2975 assequi
1034 2929 1147 2977 potest
1173 2954 1183 2964 .
1207 2930 1337 2978 Qui..-

395 2993 483 3027 ergo
497 2982 556 3016 tali
571 2981 603 3016 in
619 2978 865 3025 affequutione
878 2980 1065 3015 obtinetur
1095 2980 1337 3026 complemen-

394 3042 471 3067 tum
496 3032 639 3065 ›rr-nium
652 3028 921 3071 desederiorum‚
935 3031 1052 3066 omnia
1068 3028 1338 3067 cumulatissime

396 3094 425 3116 ci
443 3094 468 3121 n
488 3082 603 3116 inente
628 3079 792 3127 supremo
814 3081 1020 3127 appetibili,
1051 3080 1093 3115 fit
1112 3108 1121 3122 ,
1147 3090 1186 3116 ut
1214 3088 1338 3115 tanta-2

396 3133 505 3168 felicit
521 3142 546 3165 ‚s
562 3131 598 3165 sit
615 3128 645 3175 ej
657 3141 697 3164 us
712 3157 720 3171 ‚
745 3131 806 3176 qui
823 3128 929 3177 ipsius
941 3141 1089 3177 compos
1105 3130 1257 3167 efficitur
1277 3142 1288 3161 ε
1315 3129 1339 3165 sl

398 3184 490 3218 enim
505 3182 645 3215 beatum
658 3179 725 3215 eise
740 3180 956 3227 quiditative
968 3180 1015 3217 est
1033 3181 1077 3217 fic
1091 3181 1221 3219 habere
1237 3178 1340 3225 obje-

398 3232 495 3267 &um
511 3230 715 3266 beatificum
738 3245 749 3272 ;
774 3241 860 3276 ergo
874 3231 1121 3268 beatitudoest
1145 3232 1226 3269 talis
1239 3229 1341 3266 habi-

402 3284 473 3316 tio.
503 3282 751 3318 Veruntamen
766 3292 804 3316 ut
822 3282 906 3316 unio
916 3293 997 3317 cum
1013 3283 1073 3318 illo
1086 3284 1130 3319 ab
1146 3283 1261 3320 anima
1275 3280 1343 3317 est:

401 3331 560 3379 operatio
576 3333 708 3378 quippe
725 3333 769 3366 ab
782 3342 949 3378 operante
973 3333 1135 3380 procedit
1149 3361 1161 3377 ‚
1186 3334 1233 3368 ita
1262 3331 1343 3369 fieri

404 3393 473 3417 non
491 3380 599 3427 potest
615 3406 626 3421 ,
650 3392 688 3415 ut
702 3381 736 3415 id
752 3407 763 3423 ,
783 3383 900 3426 inquo
915 3384 961 3418 ita
990 3384 1182 3431 perficitur
1195 3407 1208 3427 ‚
1233 3381 1343 3430 ipsam

404 3434 554 3466 animam
572 3441 764 3465 concernat
780 3444 791 3470 ;
815 3432 861 3467 cst
874 3434 965 3469 enim
982 3435 1120 3470 extrail
1138 3447 1192 3470 am
1208 3460 1220 3476 ,
1243 3435 1276 3469 8(
1292 3433 1345 3472 su,

406 3493 467 3527 per
480 3480 597 3515 omnia
612 3480 874 3525 dciiderabifizi,
901 3486 1092 3530 appetibile
1110 3513 1116 3520 ‚
1147 3486 1221 3521 Res
1236 3485 1346 3531 igitur

408 3541 471 3577 Per
483 3528 879 3576 cuit¹s21ffcquutionem
897 3532 941 3567 fit
970 3533 1080 3570 homo
1106 3537 1232 3571 beatus
1249 3561 1261 3577 ,
1285 3536 1348 3569 ali·

408 3578 495 3624 quid
522 3581 641 3613 anima:
654 3580 720 3616 effe
745 3593 815 3616 non
830 3581 969 3628 potest,
999 3586 1087 3622 bene
1100 3597 1220 3622 tamen
1247 3585 1347 3626 illud,

408 3639 486 3675 quo
501 3628 673 3664 mediante
685 3632 716 3665 ci
732 3633 875 3666 unitur.

511 3677 567 3714 Ad
583 3677 771 3714 secundum
786 3680 978 3728 respondeo
991 3711 1002 3726 ,
1026 3698 1070 3722 ex
1084 3698 1128 3722 eo
1149 3685 1249 3731 quod
1277 3687 1351 3721 ani-

411 3741 467 3766 ma
479 3737 597 3761 amore
612 3730 772 3783 amicitia:
784 3730 902 3778 diligat
920 3731 1120 3778 supremum
1134 3737 1328 3784 appetibile
1342 3763 1352 3779 ‚

415 3778 450 3814 &
466 3775 655 3827 plusquam
672 3779 704 3815 ie
722 3779 828 3828 ipsam
844 3808 855 3824 ‚
884 3780 1033 3820 subinde
1056 3796 1156 3835 optat
1187 3786 1357 3836 ardentis,

1200 133 1388 207 ‘joannis
1419 135 1547 180 Duns
1595 133 1715 180 Semi

1386 202 1468 237 sume
1481 202 1528 235 illi
1547 202 1638 236 uniti
1653 200 1766 237 media
1783 202 2013 248 operatione,
2041 201 2154 241 sciens
2180 206 2215 240 in
2228 214 2272 240 eo
2283 215 2339 240 re-

1384 249 1532 298 pofitam
1547 251 1614 286 effe
1631 249 1683 287 sui
1695 251 1801 300 ipfius
1816 251 2034 296 felicitatem,
2055 255 2085 291 8<
2100 256 2340 303 complemen-

1381 313 1459 336 tum
1478 299 1735 337 desideriorum
1762 327 1771 336 .
1806 305 1931 351 Qare
1947 317 2066 341 amore
2081 305 2337 353 concupiscen-

1382 351 1439 385 tiae
1465 361 1596 397 optat,
1623 354 1654 387 8(
1671 352 1891 399 concupiscit
1922 356 2205 399 beatitudinem,
2235 355 2334 396 idest,

1385 398 1483 435 suam
1501 400 1610 446 ipsius
1640 403 1803 438 ultimam
1823 403 2075 449 perfefiionem
2096 420 2109 448 3
2137 407 2205 444 Sed
2234 418 2334 442 nost-2

1384 460 1575 496 propterea
1590 451 1835 498 sequitui-eam
1851 455 2107 499 perfeetionem
2139 458 2238 493 fitam
2264 455 2331 492 esse

1386 501 1422 534 in
1436 498 1551 546 seipsa
1563 528 1574 542 ‚
1597 504 1650 538 vel
1665 504 1698 538 in
1713 505 1834 548 aliquo
1846 503 2060 552 bonoipiius
2088 510 2211 544 animae
2226 535 2235 548 ,
2261 507 2322 542 nisi

1388 548 1688 599 modoexplicato
1709 553 1921 596 insolutiune
1946 584 1954 592 .
1979 559 2066 593 Non
2088 560 2182 595 enim
2210 558 2336 593 fruitio

1387 598 1437 635 est
1450 599 1550 636 aetus
1564 601 1725 639 desiderii
1739 631 1747 644 ,
1761 604 1964 651 quojustus
1976 610 2112 653 appetit
2125 611 2241 645 Deum
2254 606 2337 641 affin

1387 651 1687 698 concupiscentiae
1702 681 1711 695 ,
1741 653 1796 690 sed
1814 658 1926 699 magis
1946 657 2068 691 fruitio
2083 659 2130 694 est
2145 659 2244 694 aetus
2258 657 2341 691 cha.

1387 701 1552 788 {lating-t
1566 704 1729 741 amicitiae
1742 731 1754 748 ‚
1780 716 1856 751 quo
1873 717 1994 742 amans
2010 708 2078 743 Dei
2089 709 2168 744 vult
2180 709 2242 758 ipsi
2258 709 2294 743 in
2307 705 2341 742 se

1416 762 1480 787 ene
1494 765 1512 788 e
1543 766 1561 789 e
1576 784 1587 788 γ.

1524 853 2029 897 ARTICULUS
2084 859 2192 898 vill.

1503 955 1639 992 Utrum
1652 957 1841 995 beatitudo
1853 960 2007 998 hominis
2022 960 2185 998 consistat
2197 962 2232 998 in

1665 1008 1790 1056 aliquo
1803 1012 1900 1047 bono
1913 1023 2033 1048 creato
2048 1040 2055 1047 .

1514 1108 1644 1144 Doffor
1665 1119 1696 1144 t.
1713 1110 1747 1144 d.
1771 1123 1798 1147 t.
1815 1125 1848 1161 q.
1870 1112 2101 1161 nutriufque
2114 1114 2223 1149 Scri-

1536 1161 1598 1206 pti
1614 1185 1624 1197 .
1643 1160 1686 1195 S.
1708 1160 1854 1201 Thomas
1872 1176 1902 1200 i.
1919 1175 1953 1200 2.
1969 1179 2002 1214 q.
2022 1174 2056 1198 2.
2071 1173 2139 1201 art.
2158 1166 2193 1201 8.

1506 1257 1626 1294 {detur
1640 1258 1796 1298 homInis
1809 1266 1995 1302 beatitudo
2019 1266 2206 1303 consistere
2232 1266 2268 1301 in
2281 1263 2346 1300 ali-

1416 1359 1423 1365 ·
1468 1360 1475 1364 -
1517 1319 1592 1354 quo
1604 1311 1701 1345 bono
1714 1323 1834 1349 creato
1854 1343 1864 1352 .
1885 1315 2026 1354 Etenim
2039 1318 2219 1364 capacitas
2231 1315 2348 1351 homi-

1389 1362 1610 1412 nis-truentis
1633 1362 1733 1397 finita
1749 1390 1761 1406 ‚
1784 1365 2092 1414 limitataqueest;
2122 1380 2193 1403 non
2216 1368 2344 1403 enim-³

1389 1420 1499 1467 maior
1513 1435 1524 1450 ,
1539 1410 1573 1445 8(
1590 1413 1741 1459 amplior
1753 1414 1819 1450 effe
1831 1418 1945 1464 potest
1959 1417 2122 1465 subjecto
2134 1446 2146 1461 ‚
2157 1417 2262 1464 cujus
2276 1416 2345 1457 est3

1389 1471 1502 1518 ¹&fo
1515 1459 1645 1504 satiari,
1660 1474 1770 1508 atque
1783 1467 1918 1515 expleri
1931 1470 2046 1515 potest
2059 1471 2181 1515 aliquo
2194 1467 2343 1514 objec'to

1390 1508 1499 1545 finttae
1512 1511 1684 1548 bonitatis
1702 1538 1710 1548 .
1735 1515 2162 1564 Fruimurautem,atque
2176 1519 2270 1554 beati
2283 1515 2345 1552 su-

1374 1571 1473 1607 Xtuus
1492 1562 1527 1595 in
1543 1573 1765 1606 quocunque
1781 1564 1929 1601 satiante
1947 1570 2070 1602 animae
2085 1569 2322 1613 capacitatem
2334 1592 2342 1601 .

1500 1611 1676 1646 Praeterea
1693 1637 1703 1652 ‚
1731 1613 1884 1660 Aliquid
1897 1614 1946 1650 est
1960 1616 2078 1662 majus
2093 1618 2217 1653 animae
2244 1629 2345 1663 capa.

1393 1661 1502 1694 citate
1516 1685 1528 1701 ,
1547 1670 1588 1694 ut
1605 1663 1726 1706 DeuS,
1752 1665 1814 1707 qui
1830 1664 1967 1712 sibiipsi
1984 1667 2110 1702 sufficit
2123 1694 2134 1709 ‚
2159 1668 2192 1702 8(
2210 1666 2347 1713 aliquid

1394 1709 1574 1766 est-minus
1590 1711 1789 1757 capacitate
1800 1711 1879 1759 ejus
1897 1741 1906 1756 ,
1935 1728 1975 1752 ut
1988 1728 2146 1762 corpus3
2167 1719 2263 1762 Ergo
2289 1719 2348 1753 ali.

1392 1758 1539 1803 quidest
1554 1758 1708 1796 medium
1723 1787 1735 1803 ‚
1752 1763 1783 1797 8(
1798 1767 1933 1809 aequale
1958 1768 2148 1814 capacitati
2170 1766 2347 1814 ejusdem.

1396 1807 1490 1843 Illud
1503 1819 1623 1845 autem
1637 1812 1771 1847 bonum
1789 1815 1920 1860 aliquid
1947 1829 2106 1855 creatum
2132 1817 2180 1854 est
2194 1845 2205 1861 ,
2231 1819 2347 1865 quia..

1394 1858 1545 1895 inferius
1565 1862 1642 1896 Deo
1659 1889 1668 1899 .

1499 1911 1671 1948 Praeterea
1691 1940 1702 1956 ‚
1723 1915 1925 1955 intellefiius
1954 1919 2092 1957 firmius
2120 1919 2256 1968 praestat
2299 1918 2349 1954 as.

1395 1959 1532 2020 sensum
1552 1964 1609 1998 alii
1624 1975 1708 2001 vero
1726 1992 1736 2007 ‚
1769 1978 1876 2016 qnayn
1902 1973 2021 2018 primae
2048 1972 2188 2006 veritati
2209 1984 2221 2012 3
2254 1972 2350 2018 Ergo

1395 2014 1556 2050 {imiliter
1570 2016 1736 2051 voluntas
1754 2009 1924 2057 int-viius
1942 2021 2138 2057 adhaerebit
2162 2022 2221 2056 alii
2239 2023 2351 2062 bono,

1400 2077 1510 2112 quam
1529 2067 1648 2113 primae
1670 2067 1820 2105 bonitati
1842 2084 1851 2106 :
1880 2073 1925 2107 Ea
1943 2083 2063 2107 autem
2093 2073 2125 2106 in
2149 2070 2350 2108 adhaefione

1401 2119 1503 2152 beata
1514 2115 1666 2152 efficitur
1678 2130 1690 2157 ;
1705 2118 1796 2166 Ergo
1813 2122 2002 2158 beatitudo
2017 2123 2175 2158 hominis
2188 2120 2348 2159 confistit

1398 2167 1435 2203 in
1456 2167 1580 2213 aliquo
1597 2168 1694 2202 bono
1707 2179 1827 2206 creato
1839 2200 1847 2207 .

1506 2219 1681 2253 Praeoerea
1699 2244 1710 2260 >
1734 2224 1974 2271 chnque
1987 2223 2099 2260 forma
2112 2225 2286 2261 naturalis
2302 2222 2354 2258 sa.

1398 2271 1461 2305 tiat
1478 2269 1633 2304 materiae
1649 2273 1881 2316 capacitatem
1901 2287 1913 2315 3
1931 2276 2040 2320 igitur
2052 2275 2085 2310 8(
2103 2275 2353 2320 quodcunque

1397 2318 1583 2367 objectum
1599 2320 1721 2366 explet
1750 2325 1985 2369 capacitatem
2017 2328 2184 2373 potentiae
2209 2354 2218 2362 .
2244 2325 2354 2364 Prob-

1399 2371 1544 2416 conseq.
1564 2369 1727 2425 Potentia
1755 2384 1817 2419 per
1835 2373 1984 2411 formam
2007 2377 2040 2411 in
2066 2375 2137 2423 ipsa
2165 2387 2348 2423 receptam

1400 2421 1542 2470 respicit
1558 2420 1759 2466 objectum,
1774 2436 1814 2458 ac
1829 2425 1978 2472 proinde
1996 2426 2016 2461 sl
2037 2425 2151 2462 forma
2170 2440 2239 2463 una
2256 2438 2355 2464 rece-

1401 2482 1461 2519 pta
1478 2471 1577 2506 satiat
1590 2473 1791 2518 appetitum
1807 2475 1994 2512 intrinsece
2009 2503 2020 2519 ,
2048 2479 2178 2524 pariter
2189 2478 2223 2513 8(
2250 2474 2357 2522 obje-

1401 2521 1500 2557 &um
1516 2549 1526 2564 ,
1550 2521 1647 2566 quod
1663 2521 1848 2570 respicitur
1863 2540 1880 2562 a
1894 2528 2054 2572 potentia
2073 2551 2084 2567 ‚
2112 2540 2173 2575 per
2185 2540 2263 2564 eam
2283 2525 2357 2562 for·

1401 2585 1494 2609 mam
1511 2574 1631 2619 explet
1649 2576 1846 2621 appetitum
1874 2576 1952 2623 ejus
1969 2577 2167 2614 extrinsece
2183 2578 2253 2614 five
2283 2588 2358 2612 ter·

1401 2623 1571 2660 minative
1594 2647 1602 2656 .
1622 2623 1894 2662 Prob.anteced.
1911 2629 1973 2666 :Si
1987 2629 2107 2673 aliqua
2122 2626 2203 2664 effet
2216 2628 2356 2665 forma-a

1405 2674 1576 2709 naturalis
1592 2699 1604 2715 ,
1629 2685 1710 2719 quae
1728 2675 1942 2714 intrinsecus
1969 2680 2127 2714 materiae
2153 2679 2356 2725 appetitum

1405 2736 1477 2759 non
1491 2725 1674 2770 explerem
1694 2724 1794 2776 Ergo
1811 2726 1920 2765 stante
1934 2729 1995 2763 tali
2012 2728 2122 2763 forma
2136 2753 2149 2770 ,
2179 2741 2356 2766 materia..

1406 2774 1450 2810 ad
1467 2776 1569 2809 aliam
1588 2779 1800 2812 naturaliter
1818 2779 2075 2823 inclinaretur,
2096 2780 2129 2815 8(
2158 2791 2220 2823 per
2235 2778 2358 2814 conse.

1404 2835 1521 2871 quens
1539 2824 1602 2860 sub
1614 2824 1688 2873 ipsa
1704 2826 1904 2873 quiesceret
1917 2831 2093 2866 violenter
2110 2859 2117 2866 .
2132 2827 2170 2866 N
2182 2842 2226 2865 -m
2241 2828 2361 2875 quod·

1408 2886 1553 2921 cunque
1566 2877 1763 2923 prohibens
1777 2879 1911 2926 aliquid
1925 2882 2058 2923 abillo,
2071 2881 2115 2917 ad
2129 2880 2228 2927 quod
2243 2879 2291 2915 est
2303 2881 2361 2914 in-

1407 2927 1558 2961 clinatio
1573 2926 1680 2973 ipsius
1696 2957 1706 2971 ,
1723 2928 1773 2965 est
1790 2930 1853 2966 fibi
1866 2932 2090 2975 violentum,
2107 2933 2194 2969 licut
2208 2939 2361 2980 apparet

1407 2977 1450 3012 de
1463 2978 1586 3023 quiete
1598 2981 1720 3023 gravis
1738 2992 1839 3017 extra
1859 2983 1978 3019 locum
1995 2981 2095 3019 suum
2109 3009 2119 3019 .

1508 3027 1646 3063 Contra
1673 3057 1684 3072 ,
1712 3032 1941 3078 Augustinus
1974 3045 2005 3070 ¹.
2031 3032 2074 3068 de
2100 3033 2209 3069 0051.
2233 3032 2359 3069 christ.

1409 3089 1489 3125 cap.
1511 3089 1540 3114 i.
1560 3076 1629 3114 Res
1649 3106 1658 3121 ,
1683 3083 1808 3128 thus
1815 3081 2013 3129 fruendum
2030 3083 2087 3119 ef?
2102 3110 2111 3123 ‚
2127 3083 2218 3129 sunt
2235 3085 2360 3125 Pater,

1410 3129 1526 3166 fmus
1539 3155 1550 3169 ,
1573 3132 1616 3167 (ς’
1629 3131 1662 3165 S
1657 3134 1792 3179 prritus
1811 3135 1958 3171 Saucius
1971 3160 1981 3175 ,
2007 3132 2051 3172 (θ’
2061 3133 2102 3168 hi
2112 3141 2183 3169 tres
2186 3135 2275 3181 fimt
2288 3145 2361 3169 una

1411 3191 1467 3216 res
1483 3207 1491 3215 .
1508 3181 1601 3226 Ergo
1612 3182 1751 3228 praecise
1764 3184 1799 3219 in
1813 3198 1851 3220 ea
1867 3183 2004 3219 summa
2032 3196 2067 3219 rc
2082 3210 2094 3225 ‚
2120 3182 2362 3234 supremoque

1412 3231 1598 3279 appetibili
1620 3232 1769 3279 reposita
1779 3234 1827 3270 est
1847 3235 2001 3270 hominis
2025 3235 2211 3272 beatitudo
2225 3262 2236 3273 .

1517 3280 1729 3329 Respondeo
1745 3310 1755 3325 ,
1771 3287 1879 3322 Circa
1895 3284 2045 3333 praesens
2058 3286 2363 3331 quaefitum‚Aui-

1414 3343 1526 3366 cenna
1544 3344 1578 3377 9.
1592 3332 1745 3379 metaph.
1762 3345 1836 3384 cap.
1850 3349 1887 3382 4.
1901 3336 2221 3381 videturopinatus
2238 3362 2249 3378 ‚
2279 3340 2361 3373 bea·

1414 3381 1602 3418 titudinem
1620 3394 1755 3420 naturae
1773 3385 2024 3422 intellectualis
2043 3385 2139 3420 {itam
2152 3386 2219 3423 esse
2240 3387 2274 3423 in
2296 3388 2362 3422 ali·

1416 3444 1492 3477 quo
1509 3435 1603 3468 bono
1615 3444 1737 3471 creato
1755 3462 1764 3471 .
1780 3438 1869 3473 Vult
1882 3438 1974 3472 enim
2007 3436 2282 3480 intelligentiam
2302 3436 2363 3473 su-

1417 3484 1593 3532 periorem
1607 3496 1666 3532 per
1678 3485 1795 3522 aetum
1811 3487 1912 3522 suum
1929 3486 2150 3532 intelligendi
2165 3487 2362 3534 producere

1418 3533 1623 3569 inferiorem
1635 3559 1647 3570 .
1663 3536 1775 3582 Atqui
1791 3547 1878 3573 tunc
1893 3534 2109 3584 productum
2135 3537 2184 3572 est
2206 3540 2364 3586 comple‚

1421 3595 1456 3620 te
1480 3585 1695 3631 perfec'kum‚
1711 3587 1858 3633 quando
1871 3587 2015 3633 attingit
2031 3586 2134 3622 suum
2148 3589 2365 3637 principium

1419 3634 1674 3683 produEtivum
1690 3664 1700 3679 ,
1724 3637 1830 3684 juxta
1845 3638 2121 3685 propositionem
2154 3647 2209 3682 ις.
2229 3639 2368 3676 Procu-

1422 3688 1447 3723 li
1462 3712 1475 3729 ‚
1509 3686 1788 3736 ‘Unumquodque
1798 3697 1920 3724 natum
1930 3688 1978 3735 est
1990 3690 2148 3724 converti
2161 3689 2209 3723 ad
2222 3689 2328 3732 illud,
2344 3703 2368 3727 a

1423 3749 1489 3785 quo
1500 3738 1659 3784 prooedac
1677 3765 1686 3774 .
1703 3740 1741 3774 ln
1757 3740 1818 3774 tali
1849 3750 1968 3774 autem
1992 3737 2107 3774 reditu
2131 3739 2273 3775 videtur
2301 3741 2368 3777 effe

1424 3789 1585 3826 circulus
1608 3790 1807 3839 completus
1821 3814 1836 3832 ,
1860 3790 1894 3826 8(
1908 3789 1958 3826 ita
1974 3787 2148 3839 perfefflo
2161 3820 2172 3829 .
2198 3791 2298 3827 Cum
2313 3803 2369 3828 er-

2202 3853 2251 3889 go
2264 3842 2323 3879 ln-

2375 254 2405 283 4.
2419 246 2481 275 dist.
2492 254 2540 281 49.
2555 250 2624 288 qao!

2375 288 2399 317 ρ.
2423 285 2521 314 Tertia
2540 285 2625 323 Con-5

2375 323 2452 360 elafio
2462 324 2625 361 vnn-curui

2373 361 2412 389 da
2424 360 2527 391 etiam.

2377 526 2400 546 1.
2414 515 2566 555 dist.1.q.5.
2582 520 2610 549 §-
2626 507 2641 539 Ἴ·

2375 556 2418 582 Ad
2440 561 2614 593 argumenta·
2640 577 2641 582 ,

2376 594 2506 621 secunda
2535 602 2611 630 que·
2641 607 2643 612 ·

2367 631 2466 668 stiom‘s
2472 648 2486 667 .-
