2602 4011
18 452 20 476 l

18 491 19 510 l

8 600 97 638 ἐξῄει
109 594 199 634 dispar

7 640 73 666 :atio
98 634 128 662 fit
162 635 196 664 de

7 673 136 703 J'abitibut
171 674 198 701 in

15 713 79 745 tiis,
103 715 130 740 δι
154 721 201 741 ac-

7 751 123 781 inficis.

20 1142 88 1176 dist.
105 1148 150 1175 170
163 1153 196 1184 q,

5 3334 204 3370 x·dist.17.q.t.r

2 3377 31 3402 'sn
41 3381 152 3409 argum.

5 3408 174 3449 ’ricipalt'bus
187 3426 202 3436 0,

6 3646 202 3684 2.dist.2.1.q.t.

6 3695 25 3712 t.
40 3693 66 3712 ι.

678 186 835 235 Tomus
855 189 917 244 11.
934 191 1063 236 Part.
1078 190 1138 235 II.
1151 189 1343 260 Qaestio
1360 190 1521 241 CXIV.
1534 191 1638 242 Art.
1653 192 1732 241 ῙΧ,

239 255 306 291 duc
324 258 358 292 in
374 256 744 303 operibusmeritoriis
760 255 827 292 sese
843 267 1005 295 exercere
1024 270 1036 297 ;
1064 269 1179 295 nam..

236 306 402 354 quamvis
417 308 498 352 quis
516 306 650 342 remisse
662 316 742 352 agat
759 332 767 346 ‚
793 306 1066 350 singulistamen
1089 307 1178 343 affl-

237 359 306 393 bus
321 355 574 402 correspondet
601 356 861 396 dssetetminatus
888 356 1022 402 gradus
1051 357 1178 405 glorie,

237 409 272 445 &
289 407 410 454 gratia
427 404 624 452 aliquando
635 405 909 454 consequenda.

336 456 397 495 Ad
409 466 633 501 argumenta.
643 455 706 492 Ad
719 459 872 503 primum
889 456 1175 503 respondeo‚dis-

235 520 360 556 parem
374 504 441 542 effe
455 505 628 543 rationem
642 506 686 546 dte
697 508 881 544 habitibus
893 519 912 543 a
929 507 1010 544 Deo
1033 507 1174 551 infusis,

235 560 271 595 8<
288 570 353 607 pet
366 553 626 592 assuetudinem
634 558 815 606 acquifitis
828 585 838 594 .
850 559 929 594 Hos
944 559 1038 594 enim
1052 557 1173 606 profe-

235 609 296 645 sio
305 618 377 644 non
391 605 545 644 intendit
561 605 660 657 iustus
673 608 885 656 quicunque
898 636 907 650 ‚
921 607 977 646 sed
989 607 1174 656 perfestis·

236 659 340 696 smus
355 679 373 698 s
395 666 434 692 ut
449 654 634 694 indueram
652 658 700 695 est
714 683 725 694 .
740 661 793 697 At
807 659 956 695 intenfio
973 658 1172 699 illorum&

233 716 467 754 augmentum
485 709 700 756 completive
713 708 841 757 pendet
859 711 903 746 ab
927 710 1174 758 acceptatione

231 759 379 796 divina.
393 759 492 806 Qa
505 762 599 796 enim
614 759 715 796 Deus
729 759 847 795 voluit
859 760 962 797 alitus
985 758 1028 795 de
1047 759 1173 805 gratia}

232 807 402 847 instinSiu
431 809 670 854 procedentes
692 809 760 852 else
785 808 831 847 ad
870 810 1062 856 proemium
1096 809 1171 854 vite

230 869 369 896 teternae
379 859 589 902 ordinatos,
608 861 694 898 hinc
720 860 931 909 quicunque
952 859 1054 895 aestus
1074 857 1172 903 eius-

230 908 330 946 modi
341 920 550 956 acceptatur
565 911 610 947 ad
637 912 760 957 gloriae
782 910 930 956 gradum
957 909 1170 945 determina-

231 970 309 995 tum
326 985 342 1002 ,v
362 959 396 995 8<
414 959 563 998 subinde
576 962 637 999 fibi
664 961 787 1009 gratiae
811 960 947 1008 gradus.
965 960 1173 1009 computari

230 1009 406 1053 debetur,
435 1013 671 1058 quantumvis
684 1009 818 1048 remiffe
834 1011 998 1047 eliciatur
1013 1036 1027 1046 .

331 1060 391 1100 Ad
408 1060 600 1099 secundum
617 1063 766 1098 dicimus
783 1087 793 1103 ‚
816 1074 887 1097 non
900 1073 944 1097 ex
958 1061 1096 1097 aetibus
1108 1058 1169 1095 de-

229 1109 315 1147 duci
331 1110 482 1155 debere,
509 1111 774 1150 nobisbabitus
790 1111 895 1149 ineffe
918 1110 1169 1159 supernatura,

230 1162 304 1203 les,
330 1161 390 1198 sed
402 1160 473 1198 fide
489 1165 603 1210 magis
614 1163 730 1200 teneri
744 1187 756 1204 ,
786 1173 963 1210 perquam
981 1161 1169 1200 docemur,

227 1211 344 1259 justos
354 1211 422 1248 esse
440 1213 521 1248 Deo
531 1222 722 1260 acceptos,
749 1213 784 1248 8<
800 1224 864 1259 per
888 1214 979 1248 bona
1009 1208 1166 1255 ipsorum

228 1275 336 1311 opera
350 1262 393 1296 ad
408 1263 521 1299 vitam
536 1274 708 1300 aetetnam
730 1262 915 1299 ordinatos
940 1288 950 1299 .
977 1264 1102 1309 Qare
1124 1266 1169 1294 ex

224 1312 415 1363 hypothesi
431 1339 442 1355 ‚
467 1313 568 1361 quod
581 1313 626 1349 ad
641 1325 857 1362 quecunque
871 1323 981 1356 opera
1008 1310 1102 1346 reae
1116 1308 1170 1345 fa-

227 1364 285 1401 ἂι
306 1364 461 1400 charitas
487 1375 687 1410 augeatur,
714 1363 831 1399 adhuc
861 1361 1098 1399 nihilominus
1115 1360 1168 1395 in·

228 1416 273 1452 de
288 1417 358 1451 tale
369 1425 603 1461 augmentum
621 1426 692 1451 nor.
706 1413 800 1462 posse
813 1414 970 1460 probari,
980 1412 1066 1459 quia
1081 1421 1167 1457 que.

227 1476 371 1511 cunque
388 1464 542 1500 facilitas
557 1491 568 1507 ,
597 1465 631 1500 &
648 1462 896 1513 promptitudo
911 1490 925 1507 ‚¹
950 1464 984 1499 8<
1013 1460 1168 1497 deleaa·

227 1518 281 1554 tio
293 1513 443 1553 subinde
460 1513 609 1564 sequens
621 1541 632 1556 ‚
645 1514 750 1552 ineffe
766 1513 892 1551 eodem
908 1513 1019 1549 modo
1031 1510 1167 1559 possent

226 1579 274 1604 ex
294 1563 483 1602 diteffione
506 1567 663 1602 naturali
686 1567 772 1601 citra
802 1563 967 1600 habitum
995 1560 1168 1597 infusum.

227 1619 476 1655 Veruntamen
498 1627 565 1652 nos
590 1617 774 1664 probabile
795 1624 966 1660 putamus
1003 1611 1167 1654 asserere,

225 1679 299 1703 non
312 1665 356 1701 ad
368 1674 624 1713 quemcunque
638 1665 758 1701 aetum
773 1664 999 1700 meritorium
1024 1661 1168 1699 infundi

223 1718 455 1765 promeritam
481 1714 690 1753 charitatem
713 1713 756 1749 ad
788 1715 1049 1751 incrementum
1071 1737 1083 1754 ‚
1104 1712 1167 1748 seu

229 1765 464 1803 intensionem
476 1764 729 1814 praeexistentis
746 1777 757 1805 ;
773 1763 830 1800 sed
842 1764 877 1799 in
894 1765 1021 1799 mortis
1033 1762 1168 1799 instan-

223 1818 281 1859 ti,
304 1819 341 1851 in
353 1825 428 1863 quo
451 1819 552 1853 Deus
575 1815 676 1852 simul
703 1815 875 1860 elargitur
898 1814 1170 1862 promeritam-i

224 1866 377 1912 gratiam
391 1878 454 1914 pet
468 1868 565 1904 bona
591 1876 725 1914 opera,
754 1863 796 1900 de
821 1863 990 1900 instinstu
1015 1864 1167 1908 praexi-

225 1917 354 1954 stentis
379 1918 504 1963 gratia
522 1916 696 1964 acquisita
717 1942 729 1959 ,
762 1925 841 1962 quo
854 1913 894 1950 lit
921 1912 1103 1962 dispositio
1124 1914 1171 1952 ad

227 1968 379 2018 gloriam
396 1993 410 2009 ,
438 1968 544 2015 eique
560 1964 880 2006 commensuratam
899 1975 906 1985 ’

328 2016 392 2056 Ad
405 2017 752 2055 tertiumdicendutn
768 2042 779 2058 ,
806 2017 934 2062 utique
951 2013 1169 2062 principium

228 2068 349 2105 meriti
363 2080 433 2103 non
444 2069 568 2105 cadere
586 2066 650 2105 sub
662 2066 829 2103 meritum
846 2092 856 2106 ‚
878 2075 921 2101 ut
933 2065 1171 2109 expolitum..

229 2118 298 2156 fuit
313 2119 418 2154 artic.
435 2121 536 2163 5.Eo
548 2129 669 2154 tamen
693 2116 869 2165 principio
894 2115 1033 2150 homini
1057 2115 1170 2151 inexi-

229 2167 366 2210 stente,
394 2167 580 2216 fieriposs‘e
597 2179 634 2204 ut
647 2180 707 2209 per
733 2178 843 2214 opera
867 2165 1053 2202 meritoria
1077 2163 1171 2201 illud

230 2229 406 2265 augeatur
420 2245 429 2254 .
446 2222 543 2256 Nam
558 2219 605 2255 iis
615 2218 786 2265 operibus
800 2214 1001 2263 repromiffa
1016 2214 1067 2250 est
1089 2217 1170 2262 glo-

228 2270 302 2310 ria,
331 2271 363 2305 8<
381 2281 497 2306 tamen
513 2277 648 2315 quanta
662 2265 736 2312 ipsa
751 2267 901 2311 exigunt
925 2264 1050 2301 merita
1067 2277 1078 2304 3
1110 2278 1169 2301 ne·

227 2330 413 2366 quaquam
426 2328 546 2355 autem
559 2316 625 2352 effe
656 2315 768 2364 posset
789 2314 901 2349 homo
920 2315 1049 2350 beatus
1066 2339 1077 2354 ,
1105 2314 1169 2350 nili

227 2370 376 2406 haberet
387 2369 550 2405 habitum
566 2364 967 2403 charitatisinfluentetn
989 2363 1027 2398 in
1051 2364 1170 2399 a8tum

230 2418 442 2456 beatificum
455 2429 561 2457 tautae
575 2415 797 2453 intensionis.
812 2414 935 2464 Atque
946 2413 1030 2449 bine
1049 2414 1171 2450 fruen-

231 2470 324 2505 tium
340 2471 418 2507 Deo
429 2497 442 2512 ,
463 2468 531 2505 stne
544 2468 679 2505 meritis
688 2467 842 2515 propriis
858 2491 870 2507 ‚
899 2465 1016 2501 minor
1029 2465 1078 2501 est
1093 2468 1171 2501 bea.

233 2518 361 2555 titudo·
382 2546 393 2562 ,
426 2531 534 2567 quam
558 2520 700 2554 illorum
721 2544 734 2561 ‚
761 2515 826 2564 qui
848 2516 941 2551 ultra
977 2517 1126 2562 gratiam
1158 2539 1172 2559 ‚

235 2570 400 2617 quamde
413 2570 546 2606 meritis
560 2566 695 2604 Christi
723 2571 758 2604 in
786 2564 966 2613 Baptismo
990 2567 1171 2609 collatam,

231 2631 400 2668 praetetea
415 2620 450 2656 in
479 2619 671 2655 meritoriis
695 2616 975 2668 quibuscunque
1000 2617 1172 2665 operibus

232 2669 303 2709 sese
319 2681 556 2709 exercuerunt
574 2696 586 2706 .

382 2769 882 2812 ARTlCULUS
956 2768 1023 2806 lx.

281 2872 417 2909 Vtrum
429 2872 542 2908 homo
553 2868 648 2919 possit
661 2870 962 2919 perseverantiam
974 2871 1098 2907 meteri
1112 2895 1122 2907 .

353 2971 484 3010 Dat-*lor
507 2971 585 3008 loc-‘s
605 2973 648 3007 in.
669 2973 826 3020 margine
847 2969 1045 3008 adnotatis.

416 3025 461 3061 S.
480 3022 602 3060 Thom.
619 3035 647 3061 t.
668 3031 704 3058 a.
721 3033 758 3070 q.
777 3029 980 3072 114.arc.9.

235 3122 334 3214 'V
351 3125 474 3163 l‘detur
485 3126 597 3162 homo
605 3120 699 3172 posse
711 3122 774 3158 fibi
787 3120 1084 3170 petffiverantiam
1097 3135 1171 3160 me·

364 3174 454 3213 reri.
474 3176 612 3214 Etenim
641 3171 795 3221 quisque
820 3171 884 3208 etsi
914 3185 1067 3219 nequeat
1099 3174 1171 3221 pti-

233 3238 329 3263 tuam¹
343 3229 492 3272 gratiam
504 3224 722 3275 promereti,
750 3234 906 3259 attamen
916 3222 1074 3270 ejusdem
1090 3235 1175 3270 gra-

234 3278 293 3312 tias
304 3287 535 3323 augmentum
553 3275 620 3312 sub
632 3275 794 3310 meritum
809 3272 903 3309 cadit
919 3301 928 3311 .
956 3273 1074 3324 Atqui
1089 3274 1173 3309 cha·

234 3328 341 3362 ritate
356 3328 497 3364 nullum
510 3326 560 3363 est
571 3326 708 3361 donum
723 3324 956 3360 excellentius
978 3323 1172 3361 secundum

235 3374 480 3422 August-,inum
504 3375 607 3422 15.de
627 3374 912 3422 Trinie.cap.18.
926 3373 1096 3419 igiturest
1110 3373 1176 3408 do-

236 3437 287 3462 no
296 3423 554 3474 perseverantie
565 3426 797 3461 excellentius
814 3436 922 3472 ;ergo
937 3425 960 3460 st
978 3424 1095 3470 majus
1110 3423 1176 3458 do-

235 3488 320 3513 num
344 3473 450 3522 posset
472 3476 584 3511 homo
605 3486 651 3510 ex
681 3476 861 3520 condigno
886 3477 1034 3516 mereti,
1063 3475 1179 3509 multo

236 3527 351 3571 magis
364 3524 407 3560 ad
425 3527 550 3562 merita
566 3525 675 3572 ipsius
702 3525 874 3574 spestabit
900 3526 1030 3562 luctati
1058 3526 1175 3561 minus

234 3575 371 3612 donum
384 3600 398 3611 .

337 3623 922 3671 confirmatur-„Donumjustittae
938 3627 974 3663 in
1002 3625 1093 3660 statu
1122 3625 1175 3658 in-

238 3677 491 3713 noeentiaenon
505 3674 749 3721 conjungebat
763 3676 955 3723 perfefiiius
981 3676 1109 3712 ultimo
1134 3673 1176 3708 ft-

237 3727 275 3762 ni
288 3751 299 3767 ,
329 3737 371 3761 ac
386 3726 524 3773 prastet
539 3726 646 3760 modo
658 3726 838 3768 chariam
865 3738 953 3772 ergo
965 3737 1086 3762 revera
1104 3726 1175 3771 ipsa

239 3775 288 3813 est
302 3778 525 3823 praestantior
536 3778 672 3813 caeteris
682 3778 785 3815 donis
798 3777 1128 3824 supernaturalibus
1143 3807 1150 3815 ,

340 3826 536 3869 Praeterea,
571 3827 632 3863 lllc
645 3826 913 3878 perseverantia}
937 3827 1071 3863 donum
1094 3837 1177 3864 con-

2013 212 2112 258 431

1242 259 1641 307 sequutusintelligitur
1657 285 1669 301 ‚
1694 261 1759 305 qui
1790 260 1933 300 servans
1956 265 2023 300 Dei
2049 275 2188 312 praece-·

1244 321 1305 358 pta
1323 336 1334 351 ,
1356 309 1555 354 &gratiam
1573 308 1848 347 sanetificantem
1865 313 1977 360 usque
2005 314 2048 349 ad
2075 314 2180 349 finem

1243 362 1309 396 viae
1325 371 1394 395 non
1408 370 1531 405 peccat
1551 390 1562 400 ,
1584 356 1652 399 Sed
1674 360 1739 406 qui
1760 361 1935 407 particeps
1959 361 2104 400 effecius
2129 363 2181 400 est

1242 411 1361 457 gloriar
1384 408 1538 446 coelestis
1556 412 1705 446 omnino
1728 421 1876 457 peccate
1894 415 2017 456 nequit
2045 427 2056 453 ;
2092 423 2181 457 ergo

1241 460 1523 506 cumproemium
1552 461 1635 496 vite
1661 471 1798 497 aeternae
1826 460 1928 496 cadat
1950 460 2017 497 sub
2035 464 2180 505 meritis,

1241 510 1316 547 imo
1327 510 1411 558 ipsts
1437 511 1653 558 rependatur
1666 511 1834 557 operibus
1849 511 2038 549 meritoriis
2051 539 2060 553 ‚
2073 515 2178 549 etiam

1241 561 1360 609 usque
1374 560 1415 596 ad
1428 558 1535 597 finem
1547 561 1627 597 vita
1639 571 1710 597 non
1729 571 1876 610 peccare
1888 564 2017 611 poterit
2032 563 2114 608 quis
2137 563 2180 599 fi-

1240 612 1278 648 bi
1294 612 1488 661 promereri
1503 636 1514 646 .

1341 662 1506 708 Preterea
1523 688 1535 704 ‚
1565 660 1655 698 nlud
1667 659 1765 709 quod
1779 659 1887 696 homo
1911 661 2072 697 instando
2099 675 2179 711 pre-

1238 713 1341 748 cibus
1353 710 1494 757 aliisque
1504 713 1609 748 bonis
1620 711 1791 757 operibus
1802 722 1820 745 a
1834 710 1915 748 Deo
1927 711 2177 758 impetrat,sub

1243 766 1411 800 meritum
1422 763 1576 810 petentis
1585 762 1678 799 cadit
1692 785 1701 795 .
1713 760 1787 796 Sed
1802 761 2098 808 perseverantiam
2118 775 2178 810 pe·

1239 814 1348 850 tendo
1363 813 1528 853 homines.
1542 826 1558 847 a
1575 815 1654 852 Deo
1667 811 1833 848 obtinent
1845 838 1856 855 ‚
1881 823 1921 847 ut
1936 813 1981 846 ait
2003 812 2177 860 Augusti-

1236 875 1304 899 nus
1318 864 1362 900 de
1375 863 1471 898 dono
1485 861 1746 911 perseverantie
1761 871 1835 911 cap.
1858 873 1913 910 ¹7·
1929 872 2016 908 ergo
2027 862 2177 900 eandem

1234 924 1463 962 promeruere
1475 941 1483 949 .

1334 961 1496 1004 Contra,
1524 962 1713 1012 Quicquid
1723 962 1833 998 homo
1853 973 2010 999 meretur
2025 990 2036 1005 ‚
2049 977 2067 1000 a
2096 963 2177 1000 Deo

1235 1011 1469 1059 consequitur
1484 1036 1497 1055 ‚
1522 1015 1585 1049 nifi
1602 1012 1818 1059 impediatur
1830 1024 1891 1060 per
1906 1025 2103 1059 peccatum:
2120 1014 2177 1051 sed

1233 1062 1477 1100 multihabent
1488 1073 1596 1109 opera
1616 1062 1796 1098 meritoria
1812 1089 1827 1105 ‚
1850 1065 1913 1110 qui
1927 1074 2048 1099 tamen
2074 1066 2180 1099 mini-

1233 1125 1291 1149 me
1304 1111 1599 1160 perseverantiam
1613 1111 1906 1157 consequuntur;
1934 1125 2042 1160 quam
2059 1114 2082 1149 st
2107 1126 2178 1150 me-

1235 1161 1379 1200 ruissent
1395 1188 1408 1206 ,
1435 1162 1531 1199 haud
1543 1162 1694 1204 permisti
1707 1161 1817 1201 effent,
1834 1163 1903 1197 labi
1920 1164 1955 1198 in
1970 1175 2179 1210 peccatum3

1235 1226 1306 1249 non
1320 1214 1428 1261 igitur
1445 1212 1706 1259 perseverantia
1720 1212 1812 1247 cadit
1827 1211 1892 1247 sub
1907 1214 2072 1250 meritum
2084 1240 2096 1257 ‚
2118 1213 2178 1250 sed

1235 1276 1255 1300 a
1272 1262 1476 1309 Deogratis
1488 1262 1699 1299 conceditur
1713 1288 1728 1305 ‚
1753 1274 1791 1298 ut
1808 1262 1869 1298 fibi
1887 1263 2029 1299 libuerit
2042 1290 2053 1300 .

1335 1313 1552 1362 Respondeo
1566 1340 1578 1356 ,
1601 1314 1730 1360 Aliqui
1751 1312 1994 1349 existimantes
2017 1313 2180 1361 perseve-

1236 1367 1359 1402 rantiae
1374 1366 1509 1401 donum
1522 1376 1628 1399 omne
1640 1365 1785 1411 penitus
1799 1363 1986 1399 excludere
2001 1367 2183 1408 meritum,

1235 1419 1285 1452 ita
1307 1415 1399 1451 hanc
1425 1414 1585 1462 ipsorum
1608 1413 1817 1452 sententiam
1837 1413 2086 1450 declarandam
2112 1427 2179 1462 pu-

1235 1477 1313 1502 tant
1327 1492 1336 1500 .
1351 1469 1475 1502 Homo
1493 1466 1603 1502 libero
1618 1466 1753 1512 pollens
1768 1466 1914 1500 arbitrio
1927 1491 1941 1510 ,
1968 1463 2101 1512 suaque
2117 1477 2177 1500 na·

1234 1528 1316 1553 tura
1333 1515 1376 1551 ad
1403 1518 1536 1553 bonum
1576 1517 1609 1551 ἃ
1629 1517 1760 1551 malum
1790 1514 1960 1552 flexibilis
1982 1516 2179 1556 invenitur3

1234 1566 1343 1614 ipsam
1360 1578 1481 1603 autem
1495 1564 1792 1614 perseverantiam
1817 1567 1851 1603 in
1865 1567 1961 1602 bono
1976 1578 1994 1600 a
2018 1568 2097 1602 Deo
2114 1566 2180 1600 ob·

1234 1618 1346 1654 tinere
1358 1641 1372 1660 ‚
1394 1617 1587 1666 dupliciter
1602 1615 1753 1661 intelligi
1769 1615 1883 1663 potest
1900 1643 1909 1653 .
1927 1616 2016 1651 Uno
2028 1617 2175 1663 quidem

1234 1667 1344 1703 modo
1357 1680 1401 1704 ex
1416 1666 1570 1714 eoquod
1586 1667 1736 1701 liberum
1762 1666 1951 1702 arbitrium
1978 1666 2022 1701 ad
2045 1668 2177 1702 bonum

1234 1717 1493 1754 determinatur
1506 1728 1567 1764 per
1595 1717 1745 1762 gratiam
1768 1715 2050 1752 consummatam
2078 1717 2184 1752 ficuti

1237 1769 1300 1804 erit
1314 1770 1350 1803 in
1366 1769 1478 1814 gloria
1496 1793 1504 1801 .
1524 1768 1740 1804 Alioautem
1755 1766 1862 1801 modo
1875 1779 1919 1801 ex
1937 1778 2034 1813 parte
2047 1768 2183 1802 motio·

1234 1821 1289 1854 nis
1300 1817 1520 1864 divinae,qua
1535 1817 1647 1852 homo
1658 1817 1701 1851 ad
1714 1818 1845 1851 bonum
1860 1817 2049 1852 inclinatur
2064 1815 2178 1864 usque

1235 1868 1276 1906 ad
1291 1868 1419 1905 finem.
1440 1866 1636 1903 llludvero
1649 1866 1744 1901 cadit
1767 1865 1832 1901 sub
1857 1866 2016 1904 humano
2041 1869 2186 1908 merito,

1233 1918 1337 1965 quod
1353 1928 1584 1967 comparatur
1603 1916 1646 1953 ad
1665 1926 1805 1952 motum
1822 1917 1924 1955 liberi
1941 1917 2079 1952 arbitrii
2092 1917 2187 1952 dire-

1235 1968 1282 2003 6ὶί
1296 1981 1314 2003 a
1329 1968 1411 2003 Deo
1427 1979 1595 2005 movente
1611 1994 1623 2010 ‚
1643 1967 1730 2002 sicut
1742 1968 1917 2005 terminus
1931 1994 1942 2010 ,
1971 1979 2046 2003 non
2062 1978 2190 2004 autem

1234 2017 1269 2054 id
1280 2018 1381 2066 quod
1400 2030 1632 2066 comparatur
1646 2017 1690 2051 ad
1705 2017 1918 2064 praedicium
1930 2028 2085 2060 motum,
2097 2019 2190 2054 ficut

1232 2068 1585 2116 principium3quate
1599 2065 1858 2116 perseverantia
1874 2068 1996 2113 gloriae
2009 2092 2022 2111 ‚
2048 2081 2128 2115 quae
2141 2065 2191 2102 est

1234 2120 1409 2154 terminus
1424 2119 1574 2165 predic‘ii
1591 2128 1710 2153 motus
1731 2144 1739 2155 ,
1765 2117 1860 2153 cadit
1882 2115 1947 2153 sub
1974 2120 2101 2154 merito
2115 2144 2126 2160 ‚
2155 2126 2194 2151 at

1234 2168 1499 2217 perseverantia
1518 2169 1583 2203 viae
1603 2167 1667 2203 sub
1683 2169 1810 2203 merito
1820 2165 1946 2204 cadere
1959 2179 2031 2203 non
2057 2167 2191 2216 potest,

1235 2221 1320 2267 quia
1336 2218 1515 2266 dependet
1541 2216 1655 2254 solum
1683 2229 1727 2253 ex
1749 2219 1907 2252 motione
1930 2217 2076 2262 divina,
2106 2231 2190 2267 queo

1236 2269 1285 2306 est
1298 2270 1513 2316 principium
1527 2268 1645 2303 omnis
1664 2269 1779 2304 meriti
1792 2291 1802 2301 .
1821 2270 1923 2304 Deus
1939 2268 2053 2314 igitur
2075 2270 2189 2316 perse·

1235 2320 1404 2355 veranriae
1421 2317 1555 2353 donum
1566 2319 1678 2363 gratis
1691 2319 1843 2367 largitur
1861 2320 2069 2366 cuicunque
2096 2318 2188 2357 illud

1238 2368 1395 2416 largitur
1412 2394 1425 2403 .
1897 2398 1899 2400 .

1337 2423 1433 2470 Qae
1447 2417 1619 2454 sententia
1646 2418 1748 2454 nobis
1771 2416 1925 2453 difficilis
1951 2418 2094 2456 videtur
2111 2446 2120 2462 ,
2148 2420 2185 2455 Sc

1238 2468 1384 2517 quidem
1400 2480 1470 2504 non
1487 2468 1738 2504 contendimus
1750 2495 1761 2510 ,
1778 2467 1915 2504 nullum
1930 2468 1996 2504 esse
2014 2471 2184 2506 meritum

1238 2521 1407 2566 condigni
1422 2519 1463 2554 ad
1477 2519 1610 2553 donum
1623 2517 1892 2566 perseverantiae
1909 2519 2183 2565 promerendum

1238 2573 1334 2608 ultro
1347 2572 1440 2607 enim
1462 2569 1496 2604 id
1510 2569 1663 2606 fatemur
1680 2596 1689 2611 ,
1716 2568 1772 2604 sed
1790 2569 1935 2615 perinde
1951 2569 2100 2607 excludi
2123 2570 2181 2605 de,

1237 2624 1322 2659 bere
1350 2622 1515 2657 meritum
1541 2620 1693 2666 congrui
1720 2630 1790 2654 non
1819 2630 1988 2665 putamus
2029 2622 2180 2668 proban-

1237 2673 1323 2709 dum
1338 2698 1346 2707 .
1367 2670 1562 2708 Asserimus
1575 2669 1722 2715 quidem
1738 2670 1891 2705 liberum
1904 2669 2058 2707 hominis
2086 2672 2181 2707 arbi-

1236 2723 1347 2759 trium
1366 2747 1376 2762 ,
1400 2721 1460 2757 nist
1479 2732 1540 2768 per
1557 2720 1623 2757 Dei
1638 2719 1919 2756 misericordiam
1948 2723 2183 2767 praeveniatur

1239 2784 1349 2821 atque
1363 2772 1556 2808 adiuvetur
1570 2797 1582 2812 ‚
1611 2782 1681 2806 non
1697 2771 1829 2806 moveri
1842 2770 1886 2804 ad
1900 2771 2035 2806 bonum
2048 2771 2181 2816 eligen-

1237 2824 1324 2860 dum
1338 2824 1370 2859 3<
1384 2819 1672 2870 prosequendum
1688 2847 1701 2863 ,
1725 2820 1759 2855 St
1775 2821 2008 2859 nihilominus
2022 2820 2182 2871 respeftu

1239 2873 1362 2922 gratiae
1375 2875 1495 2922 prime
1509 2870 1764 2907 sanc-'tilicantis
1779 2871 1993 2918 recipiendae
2004 2885 2098 2915 ‚non
2112 2871 2180 2908 dif-

1239 2924 1385 2962 fitemur
1401 2921 1496 2971 polse
1508 2921 1540 2957 se
1561 2920 1739 2957 hominem
1764 2931 1922 2967 congrue
1947 2921 2183 2969 disponer-22,

1241 2987 1393 3022 eamque
1417 2974 1462 3010 de
1488 2984 1652 3018 congruo
1680 2972 1954 3018 promer-etism,
1972 2983 2011 3007 ut
2039 2972 2182 3008 facienti

1239 3037 1419 3076 quantum
1432 3022 1548 3070 potest
1564 3049 1576 3065 ,
1601 3023 1796 3058 auxiliante
1809 3022 1889 3057 Deo
1904 3047 1914 3063 ,
1944 3021 2184 3069 consequatur

1240 3077 1382 3114 veniam
1396 3076 1632 3120 obtineatque
1646 3074 1793 3119 gratiam
1806 3099 1816 3114 ,
1843 3084 1916 3119 qua
1927 3073 2039 3107 anima
2068 3085 2087 3106 a
2112 3071 2186 3107 sor-

1240 3128 1346 3164 dibus
1362 3124 1578 3162 emundetur
1592 3134 1821 3171 peccatorutn
1837 3149 1847 3163 ‚
1878 3124 1910 3157 δε
1932 3123 2068 3158 interim
2087 3133 2185 3157 corn-

1240 3189 1324 3225 para
1333 3178 1383 3212 tio
1400 3175 1521 3224 primae
1531 3174 1651 3221 gratia:
1678 3172 1722 3207 ad
1747 3174 1862 3207 Deum
1888 3183 2088 3208 moventem
2116 3183 2186 3207 non

1239 3228 1291 3266 est¹
1311 3228 1397 3264 ficut
1421 3225 1594 3261 terminus
1615 3232 1847 3270 comparatur
1869 3221 1912 3257 ad
1936 3233 2074 3258 motum
2090 3249 2097 3261 ‚
2125 3221 2182 3257 sed

1241 3279 1296 3315 uti
1339 3285 1567 3323 comparatur
1605 3284 1723 3308 motus
1761 3272 1803 3306 ad
1839 3272 2055 3319 principium
2089 3271 2182 3319 ejus.

1240 3325 1556 3377 Quemadmodum
1573 3336 1660 3370 ergo
1683 3324 1793 3371 prima
1818 3324 1929 3369 gratia
1953 3322 2184 3371 supponere-a

1241 3376 1357 3427 potest
1374 3377 1540 3412 meritum
1554 3387 1600 3410 ex
1619 3385 1782 3419 congruo
1794 3374 1827 3408 in
1841 3385 1885 3409 eo
1898 3401 1908 3416 ,
1937 3374 1994 3408 cui
2011 3374 2183 3413 donatur,

1243 3431 1278 3466 ἃ
1294 3428 1460 3464 metitum
1472 3425 1642 3471 condigni
1659 3426 1693 3459 in
1722 3425 1790 3459 alio
1803 3451 1814 3468 ‚
1837 3425 1900 3471 qui
1925 3423 1974 3459 est
2002 3423 2184 3462 Christus,

1244 3489 1305 3515 aut
1322 3475 1428 3524 pasiio
1442 3475 1550 3522 ipfius
1568 3488 1580 3516 ;
1608 3476 1655 3510 ita
1672 3475 1705 3511 8<
1719 3473 2011 3520 perseverantiam
2033 3483 2076 3508 ex
2103 3483 2187 3508 con.

1243 3528 1356 3574 digno
1369 3527 1497 3562 meruit
1510 3527 1673 3562 Salvator
1688 3526 1736 3562 iis
1754 3551 1766 3566 ‚
1792 3526 1926 3571 quibus
1939 3522 2136 3561 confertum
2150 3521 2186 3555 &

1243 3589 1364 3614 tamen
1375 3588 1447 3612 non
1460 3574 1655 3612 necessario
1668 3576 1828 3611 excludit
1844 3575 2009 3610 merirum
2036 3571 2190 3615 congrui

1244 3630 1281 3666 in
1295 3640 1338 3665 eo
1349 3653 1361 3669 ‚
1388 3627 1454 3673 qui
1466 3627 1527 3662 tali
1542 3635 1687 3662 munere
1699 3625 1871 3670 dignatur
1886 3651 1898 3667 ‚
1926 3625 1948 3659 fi
1962 3623 2003 3658 ad
2020 3624 2113 3658 illam
2137 3632 2190 3656 re·

1246 3677 1445 3727 cipiendam
1460 3687 1619 3722 congrue
1634 3674 1667 3709 se
1681 3675 1868 3720 disponere
1882 3674 1921 3709 stt
1947 3684 2062 3720 capax
2080 3700 2093 3707 .

1349 3732 1587 3775 Quapropter
1600 3726 1751 3763 dicimus
1769 3752 1780 3767 ,
1796 3726 2007 3772 dignitatern
2024 3722 2192 3757 obtinen-

1248 3778 1283 3814 di
1298 3790 1316 3812 a
1329 3780 1408 3814 Deo
1420 3777 1554 3811 donum
1567 3774 1831 3824 perseverantiae
1847 3774 1890 3809 ad
1918 3772 2028 3809 fidum
2057 3771 2192 3806 media·

1247 3839 1363 3864 torem
1383 3828 1448 3864 Dei
1464 3828 1497 3863 8<
1512 3827 1699 3863 hominum
1730 3827 1926 3873 pertinere,
1942 3825 1985 3860 ‹lc
1998 3821 2102 3878 cuju—s
2118 3821 2193 3867 pie-

2057 3882 2150 3908 nnn-

2214 1391 2350 1422 Sententia
2364 1403 2416 1422 ex·

2212 1430 2323 1460 cludens
2350 1442 2412 1460 rne-

2214 1470 2300 1496 ritum
2328 1480 2414 1498 omne

2213 1506 2258 1535 seu
2278 1511 2410 1548 condigni

2213 1544 2257 1573 seu
2295 1550 2413 1585 congrui

2211 1583 2331 1622 respeftu
2354 1597 2415 1624 pet„

2211 1623 2369 1655 severlnnae

2211 1659 2276 1690 doni
2292 1680 2301 1689 .

2217 2549 2273 2578 Etsi
2291 2551 2419 2589 perseve-

2217 2590 2313 2617 rantiz
2342 2590 2417 2620 done

2217 2635 2301 2655 nemo
2312 2630 2344 2657 de
2354 2639 2419 2658 con-

2217 2664 2304 2700 digno
2351 2679 2420 2706 pro-

2216 2712 2315 2733 mereri
2326 2717 2420 2744 queat,

2216 2743 2250 2769 ad
2285 2744 2352 2774 illud
2378 2755 2420 2774 ta-

2216 2788 2280 2809 men
2303 2792 2317 2809 a
2355 2787 2419 2815 Deo

2215 2821 2405 2857 recipiendum

2212 2865 2334 2895 congrue
2353 2865 2409 2897 [υ

2215 2894 2361 2935 disponere

2215 2936 2325 2971 Potesti

2252 3336 2418 3378 &dd-cfr·
