2643 4043
473 111 531 166 58
1024 106 1207 155 Summae
1234 104 1424 176 Joannis
1454 111 1583 159 Duns
1628 113 1748 163 Scott‘

406 189 548 224 genere,
563 172 619 210 sed
636 174 748 210 veluti
766 175 958 221 potentiale
973 186 1085 223 capax
1106 177 1256 212 ulterius
1273 189 1350 212 mo·

408 229 527 266 taliter
540 225 745 272 specificari:
759 238 838 262 nam
849 226 997 274 quando
1013 229 1114 264 astus
1131 227 1235 263 habet
1247 227 1351 275 obje-

411 278 509 314 ftum
522 277 737 312 conveniens
749 277 868 322 agenti
886 278 919 312 8(
939 278 1074 314 amoni
1086 304 1097 319 ‚
1122 289 1208 312 tunc
1226 276 1275 312 est
1291 291 1352 314 ca·

406 342 479 378 pax
492 328 643 375 amplius
655 326 883 365 determinari
895 339 957 374 per
967 326 1250 363 circumstantias
1262 330 1356 365 ordi-

409 391 511 416 natas
530 391 541 418 ;
571 390 678 425 atque
692 377 820 416 exinde
833 376 881 413 est
899 377 997 425 quod
1023 378 1124 415 aE'tus
1140 389 1186 414 ex
1209 378 1355 422 objeffl

410 429 543 468 dicitur
556 428 687 467 habere
702 430 897 465 bonitatem
912 440 957 464 ex
971 440 1098 475 genere
1124 442 1133 465 :
1166 430 1250 476 quia
1265 431 1353 468 ficut

409 492 522 527 genus
535 480 583 516 est
598 481 792 528 potentiale
804 477 963 527 respectu
978 477 1258 516 differentiarum
1277 508 1287 522 ,
1306 482 1351 518 fic

405 532 549 567 bonitas
571 542 616 568 ex
631 528 778 576 objefflo
805 528 854 564 est
877 530 990 576 prima
1006 531 1040 565 in
1068 543 1197 577 genere
1226 534 1350 578 moris,

403 581 679 629 praesttpponens
693 581 796 616 solam
809 580 1002 616 bonitatem
1018 593 1167 624 naturae‚
1183 581 1217 618 8(
1232 593 1345 631 capax

167 649 262 681 prima
279 651 362 680 boni·
398 633 516 668 omnis
533 632 700 668 bonitatis
714 629 882 676 specificae
896 632 929 666 in
944 643 1073 676 genere
1086 633 1197 669 moris
1209 657 1218 666 .

167 698 210 719 tas
222 689 294 719 aetus
305 700 365 717 mo.
502 683 612 718 Porro
626 680 795 729 specificat
807 682 978 718 bonitatis
990 708 1002 724 ‚
1021 694 1101 731 quae
1118 684 1248 719 dicitur
1277 685 1342 720 bo-

167 729 264 759 taliter
296 729 361 758 *³⁰⁰³
400 732 493 768 nitas
508 745 552 768 ex
565 732 827 768 circumstantia
846 759 856 773 ,
878 731 1053 779 ejusmodi
1071 733 1120 770 est
1146 734 1341 781 processus.

167 776 209 834 {a
220 765 361 838 '‘'tbffssffi
403 784 521 819 Prima
546 783 686 820 bonitas
700 781 767 818 effe
783 782 925 820 videtur
950 784 1211 824 circumstantia
1242 785 1340 831 finis·,

335 824 344 835 ’
401 844 481 868 narn
494 844 537 869 ex
552 842 679 870 natura
707 834 847 877 agentis
871 833 904 869 8(
931 833 1080 870 aetionis
1092 862 1102 877 ,
1133 837 1165 872 8(
1193 836 1342 883 objeftL

400 882 517 920 statim
530 883 759 920 concluditur
770 885 874 920 talem
890 882 1008 920 aaum
1022 897 1092 921 non
1108 887 1237 925 debere
1248 903 1348 927 com·

403 944 526 981 petere
540 936 655 980 agenti
668 935 728 970 nili
742 935 774 969 in
788 935 912 970 ordine
927 935 969 970 ad
985 938 1090 973 talem
1109 938 1230 984 finem,
1245 941 1351 979 debe-

406 996 518 1030 reque
531 984 659 1029 eligi&
672 986 792 1032 appeti
808 996 958 1033 propter
979 984 1085 1024 finem
1101 987 1209 1026 talem
1234 1017 1244 1027 .
1273 995 1351 1030 Ea„

405 1045 524 1070 autem
537 1034 799 1071 circumstsntia
815 1048 885 1073 non
903 1036 951 1072 est
964 1037 1069 1083 ipfius
1085 1039 1207 1083 aestus,
1232 1053 1271 1077 ut
1286 1044 1351 1079 iri..

407 1083 475 1120 effe
493 1085 575 1119 reali
590 1084 692 1132 positi
709 1113 718 1126 ,
743 1086 797 1121 vel
818 1099 888 1123 non
904 1087 1007 1135 posui
1034 1089 1173 1136 praecise
1188 1117 1198 1133 ,
1226 1090 1283 1127 sed
1300 1093 1351 1129 est

405 1135 520 1180 magis
532 1134 631 1171 alfius
645 1146 682 1171 ut
696 1136 800 1172 voliti
815 1163 826 1179 ‚
845 1139 877 1175 8(
892 1150 952 1186 per
965 1137 1083 1177 aflum
1098 1143 1293 1187 voluntatjs
1307 1143 1352 1179 ad

405 1186 509 1220 talem
524 1183 628 1221 finem
646 1186 759 1222 relam—
778 1188 848 1224 imo
862 1201 931 1224 non
949 1191 1066 1229 minus
1081 1190 1130 1227 est
1141 1191 1271 1229 elefflo
1286 1196 1350 1231 bo-

400 1246 543 1282 11³,quae
557 1234 595 1270 fit
608 1247 752 1284 propter
764 1237 869 1275 finem
884 1238 1061 1285 debitum,
1072 1241 1146 1279 esto
1156 1256 1217 1291 per
1229 1244 1351 1282 aetum

401 1287 502 1321 illum
521 1287 677 1321 elicitum
694 1297 795 1324 extra
811 1302 881 1327 non
897 1292 1097 1337 attingatur
1109 1292 1190 1330 finis
1201 1293 1347 1330 (31εᾶῐο-

401 1337 455 1370 nis
470 1362 480 1377 ‚
504 1348 553 1381 qu
579 1349 611 1371 rn
625 1336 647 1371 fi
664 1339 900 1384 attingeretur
914 1342 1021 1379 :Post
1040 1343 1345 1381 circumstantiam

398 1384 479 1423 finis
498 1385 640 1425 videtur
668 1387 768 1438 sequi
791 1392 1054 1432 circumstantia
1078 1395 1176 1432 modi
1202 1395 1347 1442 agendi,

1424 179 1480 214 vel
1498 179 1634 223 formae;
1649 185 1777 231 utique
1789 185 1881 223 enim
1899 187 2021 225 debito
2038 189 2144 225 modo
2159 188 2233 228 fieri
2251 193 2370 238 deber,

1424 241 1537 278 eaque
1551 235 1779 272 concluditur
1791 248 1836 273 ex
1847 241 2014 277 omnibus
2025 240 2202 291 praedii-lis
2215 269 2228 285 ,
2240 246 2294 281 vel
2308 247 2371 281 ali·

1426 284 1559 329 quibus
1570 284 1714 320 illorum
1726 312 1738 322 .

1529 332 1653 371 Postea
1676 336 1843 372 concludi
1873 340 1988 387 potest
2017 340 2061 377 de
2082 351 2240 390 tempore
2255 369 2265 385 ‚
2282 346 2370 390 quia

1426 385 1488 421 tali
1502 385 1625 431 agenti
1636 386 1715 421 talis
1729 387 1822 423 aetio
1834 400 1976 438 ptopter
1990 393 2096 427 talem
2119 395 2223 430 finem
2239 420 2248 433 ‚
2260 396 2369 429 eriam

1426 436 1534 472 talem
1547 435 1681 472 habens
1699 437 1846 474 modum
1866 466 1874 480 ‚
1903 453 1974 476 non
1989 442 2093 478 debet
2107 445 2202 480 omni
2229 455 2368 492 tempo—

1423 497 1460 521 re
1473 487 1687 529 convenire,
1720 486 1776 523 sed
1801 499 1941 526 tantum
1971 504 2036 538 pro
2059 505 2217 540 tempore
2242 519 2252 534 ‚
2286 505 2362 540 quo

1421 537 1523 574 astus
1543 537 1590 573 est
1603 536 1811 573 ordinabilis
1825 539 1868 573 nd
1894 541 2070 578 intentum
2086 543 2189 580 finem
2204 570 2215 586 ‚
2231 546 2286 580 vel
2302 556 2366 592 pro

1418 600 1493 637 quo
1509 586 1622 635 potest
1633 599 1712 623 eum
1727 588 1873 635 adipisci
1885 589 1990 626 finem
2006 617 2015 626 .

1520 639 1656 673 Ultima
1682 648 1801 673 autem
1833 643 1994 676 omniurn
2030 642 2173 678 videtur
2206 644 2362 678 circum-

1410 689 1535 726 stantia
1551 687 1620 722 loci
1636 700 1644 721 ε
1660 688 1731 723 imo
1747 690 1949 735 complures
1965 691 2043 727 sunt
2060 693 2159 729 aetus
2174 719 2184 734 ,
2207 705 2364 739 quorum

1408 742 1516 778 etiam
1532 738 1710 784 completa
1753 739 1894 774 bonitas
1934 742 2076 777 moralis
2120 755 2194 778 non
2242 742 2365 779 deter-

1410 792 1521 829 minat
1537 789 1670 825 locum.

1576 888 2089 930 ARTICULUS
2142 892 2210 929 IV.

1522 991 1656 1027 Vtrum
1686 990 1749 1026 sint
1763 994 1978 1041 principales
1992 992 2265 1029 circumstantie

1568 1053 1716 1090 propter
1732 1044 1821 1089 quid
1837 1045 1870 1080 8(
1896 1056 1935 1079 ea
1956 1046 1991 1078 in
2007 1044 2143 1090 quibus
2165 1041 2215 1078 est

1792 1094 1956 1144 operatio
1982 1118 1994 1129 .

1529 1190 1715 1240 Espondeo
1729 1195 1948 1242 explicatum
1966 1191 2068 1230 fuiffe
2080 1191 2365 1241 articulopraece-

1541 1243 1639 1279 denti
1662 1247 1825 1282 omnium
1842 1244 2189 1282 circumstantiarum
2213 1245 2366 1291 primam

1420 1307 1459 1329 ac
1476 1294 1692 1342 praecipuam
1708 1295 1776 1332 efl'e
1787 1295 2091 1333 circumstantiam
2117 1293 2194 1328 finis
2214 1307 2226 1335 ;
2256 1294 2366 1329 Dein-

1418 1345 1462 1380 de
1487 1343 1606 1388 illam,
1628 1358 1708 1394 quae
1736 1348 1833 1383 aetui
1856 1349 1990 1398 praebet
2015 1345 2194 1386 formam,
2231 1344 2366 1390 teliqflss

1417 1404 1507 1434 vero
1520 1392 1573 1430 his
1583 1397 1796 1447 posteriores
1810 1424 1821 1436 .

2163 3804 2305 3858 QUAE
