2602 4011
26 1047 56 1076 3·
74 1039 135 1073 dist.
147 1048 228 1075 aaa«

704 175 863 226 Tonzus
885 177 967 225 III,
985 181 1111 229 Part.
1125 179 1188 237 IL
1204 178 1398 256 Qaestio
1415 178 1451 225 C
1457 178 1577 231 XW,
1594 185 1692 232 Art.
1708 182 1814 231 VIL·

279 241 430 279 mediate
445 255 458 284 ς
472 254 559 290 ergo
574 242 644 279 fine
660 243 717 278 illa
732 243 844 289 poffet
858 243 952 289 juste
966 273 976 287 ‚
1001 247 1035 282 8(
1052 247 1214 291 ordinate

277 294 460 330 remittere
471 294 613 341 culpam
629 318 645 335 ,ἢ
667 304 731 338 per
742 294 894 338 gratiam
909 295 1136 332 inhaerentem
1151 323 1162 333 .

381 343 549 390 Denique
563 342 632 383 siue
646 343 944 390 meritopaffionis
958 346 1096 386 Christi
1110 347 1213 389 Deus

275 392 362 430 dare
377 392 491 443 potest
504 393 654 442 primam
679 394 828 439 gratiam
855 397 919 437 cui
944 397 1098 441 voluerit
1115 422 1125 432 .
1153 399 1211 435 Si·

274 443 425 491 quidem
448 443 583 484 summa
606 444 724 488 gratIa
745 447 920 483 creaturis
942 448 1073 489 collata
1087 475 1099 491 ,
1127 448 1209 484 data

272 493 324 531 est
336 495 454 540 anim?
464 490 601 532 Christi
613 493 806 544 beatissime
817 498 851 534 &
866 497 936 540 fine
950 499 1047 534 omni
1063 499 1209 541 merito;

270 557 356 584 nam
366 543 471 593 pallio
479 540 563 588 ejus
573 541 631 579 seu
644 544 886 590 exhibita,seu
900 547 1136 596 praevisa,non
1152 561 1214 590 exa

272 597 344 636 *itit
358 594 523 635 meritum
538 593 650 632 ullum
674 595 836 644 respestu
856 599 981 645 gratias
996 599 1060 636 sibi
1084 599 1209 636 confe-

270 643 408 686 tende13
423 645 497 679 imo
508 643 605 690 prius
618 646 885 694 praevidebatur
900 651 1049 697 gratiam
1062 649 1208 687 habitu·

269 706 346 737 rus,
361 706 475 741 quam,
488 694 567 742 ejus
579 695 689 741 passio
698 697 932 747 acceptanda.
948 701 1029 736 'Tali
1045 701 1155 748 igitur
1169 701 1207 736 in

269 744 458 792 hypothesi
477 744 588 792 posset
601 746 712 790 homo
734 749 771 784 in
787 750 1105 795 peccatisexist‚ens
1116 776 1129 792 ‚
1143 761 1207 796 per

267 796 425 841 aliquem
440 795 560 837 astum
575 819 591 838 ‚
613 798 707 842 alias²
725 797 922 836 indebitum
934 824 949 842 ,
975 801 1205 848 fibrprimam

265 846 421 894 gratiam
434 849 628 897 promereri
641 861 655 889 ς,
667 849 700 885 8(
715 848 822 890 etiam
840 850 967 892 alteri,
988 850 1210 896 praecedente

266 908 339 933 tam
355 896 394 933 in
404 907 574 939 merente,
591 910 698 947 quam
709 900 745 939 in
757 900 957 948 ,recipiente
971 901 1125 946 gratiam
1133 901 1204 936 ali-

267 957 338 995 qua
353 945 579 992 dispositione
596 949 640 991 de
662 960 825 994 congruo
842 975 855 987 .
985 952 987 954 ’

291 998 295 1001 ’
365 999 408 1035 Et
421 996 445 1033 fi
457 995 541 1032 data
555 996 673 1036 fuifl‘et
685 999 830 1036 cuilibet
846 999 982 1036 homini
996 1003 1108 1047 prima
1123 1012 1207 1046 gra-

264 1047 315 1088 tia
329 1048 398 1092 sine
410 1048 567 1091 meritis,
583 1048 671 1091 ficut
689 1049 796 1085 modo
807 1077 819 1092 ,
847 1051 929 1087 licet
939 1053 1092 1098 quilibet
1110 1051 1147 1086 sit
1165 1050 1204 1086 fi,

263 1097 404 1141 liusbirae
422 1125 432 1141 ,
459 1098 604 1135 cuilibet
616 1110 737 1135 tamen
745 1097 919 1137 datDeus
946 1103 1095 1148 primam
1123 1112 1203 1146 gra-

264 1151 349 1186 tiam
363 1150 432 1186 sine
447 1149 585 1191 meritis
600 1149 776 1197 propriis,
795 1163 868 1197 qua
889 1162 1065 1186 meremur
1090 1151 1202 1186 beati-

263 1200 423 1237 tudinem
437 1224 451 1241 ,
478 1200 590 1244 igltur
604 1209 691 1234 tunc
706 1201 826 1246 potuit
848 1199 1002 1247 quisque
1014 1199 1201 1239 meruisse,

262 1250 476 1287 deletionem
491 1250 605 1297 culpae
619 1273 628 1284 .
642 1250 782 1292 Verum
799 1252 833 1288 in
845 1249 928 1292 casu
946 1276 955 1291 ,
970 1248 1201 1297 furiquilibet

260 1299 379 1348 potest
393 1312 458 1347 pro
471 1299 658 1342 aliorora‘re
673 1326 682 1340 ,
696 1300 742 1334 ita
754 1300 783 1335 is
796 1325 809 1340 ,
835 1300 901 1347 qui
930 1299 1055 1335 debito
1079 1302 1202 1338 inveni

259 1361 359 1389 retur
372 1349 510 1393 solutus
525 1376 536 1392 ‚
557 1347 722 1397 potuilstt
735 1362 799 1394 pro
809 1351 919 1387 altero
930 1350 1083 1396 gratiam
1108 1352 1204 1395 obti-

259 1407 343 1443 fiere
357 1428 373 1444 2
394 1413 458 1449 per
472 1412 580 1448 quam
592 1397 709 1446 justus
722 1397 821 1436 fieret
841 1427 855 1443 .,

360 1446 610 1492 Veruntamen
638 1450 712 1493 haec
751 1450 950 1499 procedunt
979 1452 1013 1485 in
1053 1453 1201 1490 alterius

259 1501 498 1552 providentiae
517 1499 703 1549 systemate
716 1527 728 1542 ,
747 1502 874 1550 wique
888 1501 1039 1549 poffibili
1054 1527 1064 1539 .
1080 1506 1136 1541 D:
1150 1503 1202 1540 fa-

259 1553 321 1590 &o
331 1562 447 1589 tamen
463 1551 686 1600 ,secundum
699 1551 797 1597 quod
813 1552 991 1599 quaeritur
1002 1579 1015 1595 ,
1030 1554 1132 1590 aliter
1145 1566 1201 1592 res

259 1598 294 1642 se
308 1602 416 1639 habet
435 1618 448 1645 3
465 1602 660 1639 sicutenim
676 1614 778 1638 nemo
806 1603 868 1639 sibi
886 1604 1036 1650 primam
1051 1605 1199 1649 gratiam

256 1651 374 1702 potest
389 1654 515 1690 mereri
531 1679 542 1695 ,
567 1651 614 1687 ita
630 1663 695 1687 nec
707 1652 914 1701 cuicunque
942 1653 1042 1698 alteri
1059 1679 1071 1695 ,
1100 1654 1202 1702 quod

257 1703 293 1739 8<
308 1702 487 1739 declarato
495 1706 625 1745 nNam
635 1702 771 1738 homini
787 1703 883 1739 farao
897 1705 964 1739 Dei
980 1704 1124 1744 inimico
1138 1717 1200 1753 per

255 1753 401 1802 culpam
422 1751 597 1803 disposuit
630 1755 729 1789 Deus
743 1765 813 1789 non
830 1755 1013 1800 remittere
1025 1766 1200 1798 erratum,

254 1815 373 1850 neque
387 1805 436 1840 illi
455 1802 602 1850 aliquod
620 1801 842 1849 adjutorium
859 1805 1024 1850 conferre
1036 1830 1048 1846 ,
1061 1805 1107 1839 ad
1118 1803 1203 1851 ejus,

254 1854 370 1901 culpce
381 1855 587 1891 conducens
603 1853 833 1895 remissionem
851 1881 860 1896 ‚
889 1854 919 1889 8(
937 1854 1200 1897 beatitudinem

254 1905 543 1952 consequendam
554 1931 575 1952 1,,
598 1904 658 1940 nili
672 1917 732 1952 per
746 1903 895 1951 aliquod
916 1905 980 1949 fibi
1001 1906 1199 1942 oblatum..

255 1953 496 2007 obsequium,
522 1955 625 2004 quod
637 1956 776 2002 gratius
792 1954 854 1995 fibi
871 1955 961 1997 foret
974 1982 987 1998 ,
1014 1968 1125 2004 quam
1141 1956 1198 1992 of-

252 2004 348 2042 fensa
378 2006 474 2042 illata
488 2005 717 2052 displicuisset
747 2032 756 2041 .
785 2006 874 2047 Tale
889 2007 1109 2052 obsequium.
1122 2033 1137 2049 2
1163 2007 1197 2047 8<

250 2053 434 2106 personam
452 2059 636 2105 tantopere
652 2054 820 2095 :incitam
839 2068 914 2099 nort
941 2057 1067 2093 habuit
1080 2067 1203 2097 totum*

251 2116 369 2153 genus
385 2106 583 2143 humanum
596 2133 611 2150 ‚
635 2108 722 2154 quia
735 2116 850 2142 totum
873 2119 948 2145 erat
978 2108 1198 2148 inimicum...

251 2156 298 2196 de
315 2167 385 2192 una
400 2183 409 2198 ‚
437 2157 634 2202 eademque
648 2155 752 2193 massa
772 2155 1009 2202 perditionis3
1036 2167 1198 2205 quapro-

252 2217 334 2256 pter
346 2205 520 2255 disposuit
537 2208 701 2249 Trinitaa
713 2205 900 2256 personam
920 2209 1029 2255 longe
1058 2207 1122 2245 sibi
1139 2217 1200 2242 ac·

254 2255 485 2304 ceptiffimam
505 2257 589 2294 dare
627 2258 750 2305 generi
778 2258 963 2298 humano,
991 2269 1143 2304 eamque
1154 2267 1199 2292 eo

252 2308 449 2350 inclinare,
475 2317 515 2342 ut
544 2305 688 2345 offerret
715 2332 727 2350 ,
754 2318 863 2354 atque
887 2306 1072 2347 exhiberet
1099 2304 1200 2341 obse.

253 2358 382 2405 quium
401 2368 466 2406 pro
479 2368 560 2395 toto
575 2369 706 2403 genere
721 2356 883 2404 humano
897 2383 908 2398 ,
925 2356 960 2392 in
972 2356 1052 2401 eius
1073 2366 1195 2390 recon-

254 2409 473 2446 ciliationem
487 2408 757 2448 cumTrinitate
771 2433 785 2447 ,⁷
809 2408 895 2442 Haec
910 2406 1059 2452 persona
1086 2405 1198 2441 Chri-

255 2458 331 2495 ssus
346 2457 395 2493 est
411 2484 422 2499 ‚
443 2460 501 2494 cui
511 2469 576 2494 non
588 2458 638 2494 ad
649 2456 845 2504 mensuram
856 2456 961 2497 dedic
982 2459 1084 2494 Deus
1111 2455 1198 2503 sps·-

260 2511 373 2546 ritum
385 2508 572 2545 charitatis
591 2507 800 2554 ,drgratiae
817 2532 826 2541 .
844 2507 948 2555 Joan.
966 2519 1000 2554 3.
1019 2508 1110 2544 Tale
1131 2508 1195 2541 ob.

255 2557 420 2604 sequium
434 2559 633 2595 exhibitum
662 2557 836 2595 Trinitati
850 2570 869 2592 a
897 2557 1045 2594 Christo
1071 2558 1105 2593 in
1133 2555 1194 2592 sua

255 2607 409 2658 pastione
432 2610 466 2645 8(
493 2620 635 2652 morte,
660 2607 709 2649 est
735 2607 823 2644 illud
845 2633 856 2649 ,
876 2609 911 2643 in
934 2618 1008 2656 quo
1037 2607 1194 2645 maxima

256 2661 375 2699 elucet·
388 2659 544 2699 charitas
560 2686 568 2701 ‚
585 2670 855 2707 propterquam
872 2660 1012 2698 obt-ulit
1038 2657 1070 2693 se
1085 2656 1194 2699 Chri-

254 2710 326 2747 stus
344 2709 558 2758 projustitia
572 2711 605 2745 in
620 2719 768 2746 mortem
783 2720 795 2749 3
823 2720 909 2754 ergo
923 2712 1023 2747 Deus
1053 2709 1196 2748 nullum,

253 2759 478 2806 adjutorium
503 2760 686 2811 pertinens
712 2760 755 2794 ad
784 2759 931 2796 salutem
955 2759 1193 2795 hominicon·

251 2811 335 2846 tulit
362 2812 491 2847 viatori
514 2834 527 2854 ‚
558 2809 621 2846 nisi
651 2812 685 2846 in
708 2811 842 2846 virtute
867 2809 981 2855 huius,
998 2809 1195 2847 oblationis,

249 2861 412 2903 Christi,
427 2860 529 2897 faaae
542 2861 724 2902 lncruce3
751 2861 784 2897 &
803 2872 822 2895 a
840 2861 988 2907 persona
1012 2858 1190 2895 dileetissi-

250 2925 307 2949 ma
322 2939 333 2956 ‚
346 2914 379 2948 8(
397 2923 441 2947 ex
460 2911 613 2948 maxima
626 2911 801 2947 charitate
818 2935 827 2945 .
839 2913 982 2948 Summa
1000 2911 1094 2948 enim
1108 2921 1190 2954 gra·

251 2964 301 2999 tia
315 2989 334 3007 ,¹
345 2974 425 3011 qua:
439 2960 514 2999 fieri
533 2961 651 3009 potuit
664 2987 677 3004 ,
703 2963 828 2997 collata
850 2961 920 2998 fuit
936 2963 1064 2997 animae
1078 2959 1190 2997 Chri·

251 3009 293 3050 sti
311 3040 323 3056 ‚
339 3014 373 3050 in
390 3014 506 3060 primo
518 3010 658 3048 instanti
670 3011 739 3048 suae
752 3014 940 3048 creationis
953 3038 964 3049 .
989 3013 1113 3059 Atque
1125 3022 1190 3046 ex-

248 3064 332 3102 inde
348 3063 455 3112 pallio
479 3064 537 3099 illa
551 3063 698 3104 extitit,
720 3061 844 3110 estque
874 3063 1056 3102 meritoria
1084 3060 1190 3098 causa

250 3126 294 3152 ex
308 3115 490 3160 condigno
504 3115 618 3161 gratie
634 3113 750 3150 omnis
765 3112 1018 3148 sanetificantis
1039 3112 1137 3158 dmg,
1153 3112 1189 3148 &

251 3164 368 3212 dande
381 3165 515 3201 homini
532 3163 664 3200 viatori
679 3188 688 3198 .
715 3168 802 3202 Non
820 3162 869 3199 est
881 3174 1069 3211 propterea
1086 3161 1193 3209 pom-

251 3215 322 3251 bile
333 3242 345 3258 ‚
361 3226 400 3250 ut
415 3215 525 3250 homo
537 3215 750 3261 quicunque
766 3214 866 3249 alteri
895 3213 1030 3249 bomini
1044 3223 1188 3260 prome·

252 3275 371 3300 reatur
398 3266 552 3311 gratiam
577 3265 729 3313 primam
747 3291 759 3307 ,
785 3276 860 3316 qua
878 3261 1122 3310 justificetur,
1152 3263 1190 3304 8<

255 3312 469 3364 adipiscatur
482 3316 593 3351 vitam
609 3326 766 3361 eternam
779 3339 794 3353 ..

350 3368 581 3413 Quapropter
592 3364 758 3401 Christus
770 3365 900 3402 meruit-
915 3364 1082 3401 omnibus
1098 3391 1109 3407 ,
1124 3365 1194 3413 qui

249 3414 401 3463 primam
430 3417 576 3462 gratiam
602 3416 783 3461 accipiunt
811 3415 1042 3452 collationem
1077 3415 1192 3458 illius,

249 3465 428 3502 intantum
449 3475 488 3500 ut
507 3464 593 3499 nihil
618 3475 831 3512 cooperetur
851 3467 1018 3502 voluntas
1055 3465 1192 3507 nostra,

250 3515 312 3551 nisi
329 3517 364 3550 in
379 3514 509 3551 adultis
521 3515 715 3561 baptizatis
729 3527 738 3550 ε
753 3517 815 3551 ubi
829 3517 993 3563 aliqualis
1006 3515 1195 3564 dispolitio,

2058 201 2161 247 2429

1273 258 1362 282 ‘tum
1381 246 1475 289 fuit3
1500 247 1610 295 idque
1626 249 1706 286 sane
1719 250 1934 297 potissimum
1948 252 2017 290 fuit
2041 254 2078 291 in
2102 255 2232 291 merito

1280 297 1535 343 Christi‚quod
1553 297 1758 341 meruerit‚a
1776 301 1854 336 Deo
1864 313 1927 347 per
1936 315 2123 351 peccatum
2141 307 2228 341 alie-

1280 359 1368 389 nos,
1397 348 1448 384 illi
1462 351 1691 397 pergratiam
1705 350 1881 397 conjungi
1906 376 1916 386 .
1949 356 1996 390 At
2017 355 2115 400 quod
2142 357 2226 391 atti-

1279 409 1336 434 net
1351 397 1396 438 ad
1409 399 1558 445 gratiam
1572 399 1850 448 poenitentialem
1862 426 1873 441 ‚
1902 400 1963 441 seu
1977 404 2222 441 medicinalem

1277 447 1357 495 post
1369 447 1505 496 lapsum
1517 451 1552 487 in
1566 453 1717 488 mortale
1730 450 1870 491 annale
1886 477 1899 492 2
1923 451 1986 490 etfi
2002 453 2138 489 Christi
2149 466 2222 490 me·

1277 500 1387 534 ritum
1401 499 1440 541 sit
1452 497 1646 548 principale
1658 502 1692 538 8(
1707 501 1917 537 omnimoda
1944 501 2049 541 causa
2075 507 2220 544 merito-

1277 549 1330 583 ria
1341 549 1385 585 de
1397 549 1605 595 condigne,
1631 562 1787 588 attamen
1816 551 1948 598 aliquid
1973 564 2219 591 concurrere..-

1274 610 1442 646 oportere
1451 610 1496 635 ex
1509 610 1610 648 parte
1619 603 1826 649 recipientis
1839 602 1990 646 gratiam
2002 602 2045 637 de
2056 615 2217 651 congruo

1274 659 1314 685 ut
1327 648 1448 692 cordis
1463 650 1775 698 compunetionem
1787 679 1802 697 ‚
1825 653 1857 688 8(
1872 650 2137 689 detestationem
2156 655 2217 690 fla·

1272 699 1447 745 gitiorum
1463 711 1684 748 patratorum
1699 730 1712 746 ,
1734 703 1866 748 dogma
1876 701 1925 739 est
1957 700 2040 737 fidei
2056 727 2066 736 .

1374 749 1501 796 Atque
1515 751 1639 788 eadem
1654 754 1791 789 ratione
1821 750 2037 798 obsequium
2060 752 2130 788 hoc
2153 765 2218 790 ex·

1275 800 1529 838 cellentislimae
1551 801 1737 839 charitatis
1764 804 1967 844 exhibitum
2001 802 2038 838 in
2078 803 2216 839 Christi

1269 860 1386 886 morte
1413 852 1448 887 8(
1472 850 1627 898 pastione
1658 855 1705 890 ab
1727 865 1863 895 :eterno
1874 850 2063 901 praevisum
2078 880 2089 894 ,
2106 853 2213 890 causa

1271 901 1452 936 meritoria
1466 902 1533 937 fuit
1547 903 1752 939 conferendi
1778 906 1929 952 primam
1953 903 2101 948 gratiam
2124 905 2216 939 anti-

1269 950 1353 996 quis
1371 950 1537 991 Patribus
1551 979 1561 994 ,
1588 963 1792 1000 coeteraque
1805 954 2086 1003 supernaturalia
2102 953 2215 997 dona,

1271 1001 1553 1047 quatenusillud
1580 1002 1901 1050 repraesentandum
1931 1014 2032 1040 certo
2052 1016 2212 1051 tempore

1269 1048 1499 1087 crediderunt
1518 1065 1531 1093 ;
1552 1053 1688 1089 intuitu
1706 1060 1793 1100 ergo
1816 1054 1900 1091 fidei
1923 1054 2147 1091 credentium
2175 1056 2212 1090 in

1269 1099 1504 1136 mediatorem
1531 1102 1697 1140 futurum
1722 1127 1738 1148 ‚
1774 1102 1877 1142 Deus
1900 1104 2107 1149 elargiendo
2129 1116 2213 1150 gra-

1264 1150 1354 1187 tiam
1372 1151 1503 1187 remisit
1519 1154 1699 1198 originale
1712 1164 1925 1202 peccatum²
1947 1165 2110 1195 tempore
2125 1156 2215 1201 legis

1266 1212 1399 1237 naturae
1412 1213 1472 1248 per
1493 1202 1664 1240 sacrificia
1681 1230 1692 1246 ‚
1723 1205 1758 1240 in
1787 1206 1922 1251 quibus
1946 1202 2103 1249 ejusdem
2129 1203 2215 1239 fidei

1266 1249 1478 1298 protestatio
1491 1252 1599 1291 fiebat
1614 1281 1625 1297 ,
1651 1255 1686 1290 &
1705 1253 1830 1291 exinde
1844 1256 1880 1291 in
1891 1257 1968 1300 lege
1991 1253 2128 1300 Moyfis
2152 1266 2215 1301 pet

1268 1303 1572 1341 circumcisionem
1587 1319 1601 1347 ;
1622 1306 1656 1342 &
1674 1305 1818 1341 tandem
1848 1308 1885 1343 in
1905 1306 1981 1353 lege
2005 1305 2214 1351 evangelica

1266 1364 1330 1401 per
1342 1351 1571 1396 Baptismatis
1584 1355 1840 1402 susceptionem
1853 1383 1864 1397 .

1370 1402 1428 1444 Ad
1444 1416 1652 1452 argumenta
1674 1406 1820 1448 induem
1846 1407 1890 1443 de
1910 1407 2096 1446 oratione,
2122 1405 2218 1441 elee-

1268 1452 1449 1503 mosynis,
1475 1455 1508 1496 ἃ
1523 1457 1768 1492 consimilibus
1789 1458 1960 1505 operibus
1988 1455 2215 1503 repra-,senta-

1267 1503 1314 1538 tis
1326 1517 1392 1552 pro
1407 1506 1509 1547 aliis,
1541 1505 1691 1544 dicimus
1709 1533 1722 1549 ‚
1742 1519 1813 1543 non
1831 1505 1898 1544 esse
1911 1508 1969 1544 hic
1987 1533 1997 1549 ‚
2022 1506 2085 1543 nist
2102 1506 2209 1542 meri-

1266 1555 1345 1590 tum
1359 1556 1514 1601 congrui
1531 1579 1547 1597 ‚A
1566 1568 1606 1593 ut
1619 1558 1723 1593 alteri
1747 1570 1767 1592 a
1793 1557 1945 1594 faciente
1970 1557 2215 1604 applicantur.

1266 1605 1453 1652 Siquidem
1468 1617 1670 1651 congruum
1686 1606 1735 1644 est
1749 1634 1758 1649 ‚
1783 1617 1821 1643 ut
1841 1611 1940 1645 Deus
1953 1618 2117 1654 acceptas
2147 1605 2212 1641 ha·

1272 1656 1355 1692 beat
1378 1657 1585 1700 orationes,
1612 1669 1674 1694 aut
1697 1657 1940 1707 eleemosynas
1976 1656 2151 1704 impensas
2189 1668 2211 1693 a

1264 1703 1364 1751 justo
1382 1718 1450 1754 pro
1463 1718 1652 1755 peccatore
1667 1735 1678 1750 ,
1705 1709 1836 1745 adeout
1850 1720 1976 1746 eorum
1991 1719 2140 1753 operum
2157 1708 2212 1741 in-

1266 1757 1364 1792 tuitu
1376 1757 1496 1805 aliqua
1508 1756 1706 1806 supernalia
1720 1759 1856 1794 auxilia
1873 1760 1932 1794 det
1943 1757 2206 1803 indigentibus,

1265 1817 1447 1853 quatenus
1461 1809 1510 1843 eis
1524 1810 1694 1852 excitati,
1717 1810 1749 1845 8(
1767 1808 1882 1845 adiuti
1903 1807 2045 1844 tandem
2078 1806 2210 1843 suam...

1265 1858 1417 1903 gratiam
1431 1856 1820 1904 consequimereaetur
1849 1885 1858 1894 .
1884 1859 2065 1895 Caeterum
2092 1857 2210 1905 digni-

1265 1917 1321 1947 tas
1335 1909 1452 1955 omnis
1465 1907 1626 1956 respefitu
1641 1911 1760 1958 gratia:
1781 1908 2032 1948 sanetificantis
2045 1932 2062 1951 ,⁴
2083 1909 2115 1943 8(
2144 1918 2211 1944 cae-

1265 1968 1428 1994 terorum
1469 1957 1793 2003 supernaturalium
1832 1960 2053 1997 auxiliorum
2099 1956 2209 1994 solius

1264 2007 1402 2044 Christi
1417 2011 1553 2046 meritis
1581 2010 1810 2053 attribuenda
1835 2008 1884 2046 est
1907 2034 1917 2045 .
1944 2007 2024 2056 lpse
2054 2008 2146 2044 enim
2169 2019 2211 2045 ut

1265 2058 1429 2096 Ecclefiae
1449 2071 1581 2108 caput,
1609 2061 1642 2097 8(
1664 2061 1766 2097 Pater
1789 2059 1905 2097 futuri
1928 2059 2049 2095 seculi
2075 2058 2214 2103 accepit

1265 2120 1344 2145 eam
1362 2111 1557 2156 gratiarum
1568 2111 1832 2157 plenitudinem
1849 2122 1869 2146 a
1882 2112 1962 2146 Deo
1978 2135 1991 2151 ,
2016 2120 2056 2144 ut
2070 2107 2114 2143 de
2131 2107 2212 2155 ejus

1268 2158 1493 2207 plenitudine
1508 2172 1632 2196 omnes
1646 2161 1822 2208 accipiant
1844 2185 1854 2194 .

1368 2208 1528 2248 Primum
1544 2210 1580 2245 in
1594 2212 1795 2255 oppositum
1813 2208 2139 2254 videtui-impetere
2155 2207 2213 2256 fe.

1264 2258 1418 2298 cundam
1430 2268 1569 2306 partem
1577 2260 1768 2308 Jblutionis
1785 2285 1795 2294 .
1810 2262 1935 2308 Qre
1951 2259 2118 2301 dicimus,
2133 2272 2213 2297 ver-

1265 2310 1351 2345 bum
1369 2307 1537 2350 Apostoli
1553 2321 1599 2347 eo,
1613 2312 1759 2347 tendere
1775 2335 1788 2351 ,
1815 2321 1853 2344 ut
1879 2309 2007 2344 doceat
2020 2335 2032 2351 ,
2058 2311 2212 2356 gratiam

1264 2359 1411 2395 minime
1424 2358 1555 2397 habere
1568 2359 1708 2398 causam
1724 2359 1940 2395 meritoriam
1953 2359 1998 2394 de
2029 2359 2211 2410 condigno

1264 2409 1301 2445 in
1315 2409 1379 2443 illo
1397 2434 1408 2451 ,
1431 2408 1490 2443 cui
1505 2409 1690 2446 confertur
1707 2423 1718 2451 ς
1743 2408 1813 2446 hoc
1826 2419 1944 2446 tamen
1958 2420 2028 2443 non
2048 2411 2210 2448 excludit

1264 2459 1299 2499 in
1314 2459 1438 2494 eodem
1457 2460 1524 2494 esse
1537 2460 1676 2497 causam
1690 2458 1910 2495 meritoriam
1922 2457 2153 2504 decougmo,
2171 2462 2207 2497 8(

1264 2509 1404 2545 causam
1432 2509 1648 2547 meritoriim
1672 2510 1716 2546 de
1736 2508 1918 2554 condigno
1955 2508 2211 2555 extrinsecami

1261 2559 1538 2607 idquernaxime
1555 2560 1674 2596 {italis
1688 2558 1794 2595 causa
1827 2559 2010 2595 meritoria
2035 2559 2207 2598 extrinse-

1261 2621 1302 2645 ca
1313 2611 1472 2656 gratuite
1485 2610 1523 2646 sit
1542 2611 1622 2647 data
1637 2610 1713 2654 illi,
1744 2621 1811 2656 pro
1826 2619 1902 2655 quo
1928 2608 1978 2646 est
2000 2609 2106 2644 causa
2132 2624 2206 2649 me.

1260 2662 1385 2698 ritoria
1400 2686 1414 2699 .‚

1359 2710 1429 2752 Etsi
1441 2711 1615 2751 obiicias:
1633 2712 1764 2750 Gratia
1793 2711 1875 2746 data
1902 2720 1967 2757 pro
1990 2710 2053 2745 tali
2073 2712 2205 2750 causa..

1260 2761 1438 2806 condigna
1453 2764 1621 2808 exigente
1637 2773 1776 2798 tantum
1789 2761 1975 2810 proesnium
1991 2786 2003 2802 ,
2025 2763 2141 2807 qualis
2157 2765 2206 2801 est

1258 2813 1375 2859 gratia
1392 2839 1405 2854 ,
1431 2810 1504 2859 jam
1520 2815 1636 2860 gratia
1651 2811 1782 2852 nonest
1803 2839 1814 2853 .
1838 2812 1923 2856 quia
1943 2812 2047 2851 certis
2070 2815 2205 2850 meritis

1259 2864 1308 2900 est
1330 2863 1448 2898 debita
1465 2889 1475 2903 ,
1506 2863 1567 2901 etsi
1597 2874 1668 2900 non
1702 2863 1839 2900 meritis
1868 2873 1947 2897 eam
1984 2864 2205 2909 recipientis.

1262 2913 1378 2951 Poffet
1392 2913 1461 2948 dici
1477 2913 1542 2951 sic:
1557 2914 1596 2950 ln
1611 2913 1784 2950 universis
1800 2912 1975 2960 operibus
2005 2910 2076 2953 Dei
2105 2927 2207 2952 nom,

1258 2965 1327 3001 fuit
1342 2965 1491 3011 aliquod
1501 2975 1597 3013 opus
1615 2975 1710 3003 mere
1722 2964 1845 3014 gratiae
1862 2987 1875 3005 ,
1904 2962 1967 3000 nisi
1992 2962 2063 2999 sola
2091 2965 2208 3002 incar·

1258 3016 1357 3054 natio
1368 3014 1447 3052 Filii
1469 3017 1537 3053 Dei
1553 3041 1564 3052 .

1409 3113 1901 3157 ARTlc.vas
1965 3113 2057 3153 Vll.

1287 3215 1426 3255 Utrum
1439 3217 1552 3257 homo
1564 3214 1665 3265 poffit
1678 3215 1744 3253 srbi
1764 3216 1894 3254 mereri
1921 3217 2183 3265 reparationem

1609 3266 1687 3319 post
1698 3266 1833 3321 lapsum
1848 3292 1861 3307 .,

1364 3367 1549 3418 Magister·
1568 3366 1730 3417 eAlenfir
1761 3381 1794 3416 3.
1809 3377 1843 3415 p.
1868 3380 1903 3417 q.
1919 3366 1982 3404 6¹.
2007 3380 2054 3405 ιη.
2072 3380 2108 3416 ς.

1462 3430 1535 3458 art.
1551 3427 1690 3463 2422.
1705 3420 1746 3455 S.
1767 3418 1889 3457 Thom.
1913 3430 1948 3456 ι.
1975 3428 2011 3455 2.

1597 3483 1635 3519 q.
1653 3481 1737 3518 114.
1762 3481 1834 3509 art.
1849 3483 1886 3517 7.

251 3565 450 3602 voluntatis
473 3564 664 3605 necessaria
691 3564 768 3609 est,
791 3577 831 3602 ut
843 3565 906 3602 suo
931 3567 1012 3603 loco
1036 3567 1196 3615 explica·⁸
1347 3611 1349 3613 ι
1388 3573 1641 3610 {deturhomo
1661 3570 1760 3621 posse
1784 3573 1849 3609 sibi
1870 3573 1996 3608 mereri
2018 3567 2214 3615 reparatio-

2397 3594 2405 3607 7
2437 3605 2449 3610 -

1399 3637 1476 3660 nem
1494 3625 1571 3671 post
1589 3623 1722 3671 lapsum
1739 3650 1748 3659 .
1761 3625 1898 3661 Etenim
1912 3623 2019 3669 juxta
2039 3617 2210 3662 Augusti·
2251 3591 2454 3671 qnermiiuig·

1270 3687 1357 3712 num
1373 3700 1383 3710 .
1401 3675 1536 3725 thl
1552 3673 1695 3722 dignius
1704 3674 1900 3723 poteflpeti
1915 3700 1925 3715 ,
1953 3669 2093 3720 quamfi
2105 3669 2211 3705 cadat
2251 3681 2361 3701 marem
2386 3670 2454 3697 hanc

1272 3727 1371 3762 bomo
1385 3752 1394 3766 ‚
1420 3735 1461 3761 ut
1469 3726 1590 3773 poflea
1614 3723 1777 3771 resurgat
1792 3751 1801 3760 .
1818 3723 1887 3762 Sed
1910 3720 2085 3769 quicquid
2105 3720 2212 3765 digne
2254 3711 2351 3776 assem
2363 3712 2457 3776 Αξὲζζ

1271 3777 1408 3825 petitur
1425 3802 1436 3817 ‚
1458 3778 1585 3814 merito
1598 3777 1788 3814 exauditur
1800 3788 1817 3809 a
1831 3775 1911 3809 Deo
1931 3788 1942 3815 ;
1971 3785 2056 3818 ergo
2068 3771 2089 3806 sl
2104 3770 2213 3809 bomo
2257 3797 2302 3816 rm
2316 3806 2324 3814 .
2413 3764 2421 3783 ¹

1275 3826 1432 3865 existens
1448 3828 1484 3864 in
1499 3828 1672 3864 charitate
1684 3837 1781 3876 petat
1809 3826 1958 3873 gratiam
1972 3850 1984 3866 ‚
2011 3834 2082 3870 qua
2100 3821 2216 3905 spossit

2059 3885 2093 3907 rc
2117 3883 2172 3908 ur-

290 3688 336 3722 (a)
374 3685 486 3715 Totum
500 3684 620 3715 anselmi
642 3686 797 3724 procesliun
808 3687 869 3715 Cur
881 3688 966 3715 Deus
987 3687 1061 3715 homo
1072 3706 1082 3714 .
1102 3687 1190 3726 Magi-

254 3722 306 3751 ster
319 3723 414 3766 §cotue
429 3733 458 3753 ut
472 3725 541 3753 mira
551 3723 687 3754 brevitate
701 3724 910 3764 comprehendit
924 3743 933 3758 ,
956 3725 994 3753 ita
1015 3724 1193 3758 clariffimu

254 3760 374 3799 explicat
390 3764 440 3791 ,ἴα
454 3761 599 3792 subsidium
611 3762 654 3807 hie
667 3763 910 3801 prater-minorum
934 3762 1040 3792 Videsis
1063 3763 1122 3793 disi.
1150 3773 1197 3796 ¹9-

252 3801 525 3877 51¹2?.it.5entent.
536 3801 564 3829 ἃ
581 3811 610 3839 4.
622 3800 683 3831 dist.
699 3812 742 3840 ις.
757 3813 785 3843 q.
800 3811 826 3832 ι.
841 3806 866 3837 §-
879 3804 927 3832 De
939 3801 1054 3844 secundo
1066 3821 1075 3832 .
1097 3803 1137 3831 Ut
1150 3801 1194 3834 sn—

273 3848 286 3867 r
328 3848 343 3866 u
358 3849 366 3868 t
379 3849 394 3868 a
416 3849 542 3869 notatum
555 3857 565 3867 .
