2658 4068
0 2529 28 2587 u

217 2010 314 2040 Sermo
324 2014 375 2036 ex-

179 2049 311 2087 plicatior
341 2046 376 2073 de

178 2085 359 2116 Beatitudinis·

178 2131 375 2164 perpetuitate·

179 2313 269 2345 Henr.
280 2312 380 2352 quodi.

182 2363 195 2382 1
204 2363 230 2381 ι.
241 2363 283 2389 q.i
294 2362 321 2385 ς.
337 2353 379 2379 De

181 2391 284 2420 sentent
295 2392 353 2419 ia...›

202 2449 209 2456 .
259 2429 380 2456 Thomt

181 2476 278 2505 agetur
302 2465 381 2504 infra

180 2503 307 2544 guaestx

483 177 557 233 '46
1038 160 1218 210 Summae
1247 150 1435 227 Joanm's
1464 155 1592 203 Duns
1639 141 1758 202 Scott‘

422 248 485 286 cap
514 234 780 274 b.Scribentem
799 259 813 276 ,
836 232 951 271 Beata
967 231 1047 268 vita
1057 232 1120 278 effe
1130 241 1194 266 non
1212 228 1329 275 potefi‘
1345 251 1357 267 ‚

422 285 755 338 nifisttimmirtalit
768 312 778 321 .
791 284 901 333 Qod
920 286 951 320 8<
969 287 1094 330 probat
1110 293 1152 317 ex
1178 292 1220 316 eo
1236 306 1246 322 ‚
1270 279 1354 323 quia

419 342 442 378 fi
457 340 572 375 amitti
585 336 724 384 potest3
749 345 810 370 aut
825 347 909 382 ergo
928 335 1050 369 beatus
1063 332 1194 366 amittit
1206 342 1279 364 eam
1293 340 1356 364 no-

417 392 493 427 lens
507 416 515 431 ,
538 388 572 424 ἃ
590 399 676 422 tuuc
696 387 822 422 beatus
838 396 906 421 nori
930 384 1023 424 erit,
1045 384 1184 429 quippe
1200 381 1258 415 cui
1283 389 1354 414 non

418 440 610 488 suppetant
624 438 738 472 omnia
752 448 832 482 quae
850 434 952 469 vult:
982 444 1043 467 aut
1068 431 1203 465 volenti
1228 429 1353 464 adimi·

419 502 506 532 tur3
528 500 587 524 aut
605 498 700 522 certe
714 486 842 520 amitiit
860 485 953 519 illam
973 494 1087 527 neque
1105 480 1227 514 volens
1240 489 1355 524 neque

419 541 545 577 nolens
562 565 574 580 ‚
603 537 659 572 sed
675 534 910 571 indifferenter
927 533 956 567 se
973 533 1104 566 habens
1122 556 1132 570 ‚
1149 530 1181 564 8<
1197 540 1241 565 ex
1255 539 1352 564 utror

420 603 494 638 que
511 589 621 624 statim
636 584 919 632 sequitui-ipsum
936 594 1003 616 non
1018 580 1083 617 effe
1095 581 1252 621 beatum,
1268 579 1353 625 quia

420 638 678 677 beatitudinem
697 648 766 670 non
783 634 918 678 diligit:
941 632 1012 666 imo
1031 631 1050 665 li
1080 631 1202 665 volens
1224 629 1357 663 amittit

424 691 502 726 odit
518 687 633 724 eam2si
651 683 851 720 indifferens
868 683 905 718 sit
922 682 963 716 a¹i
981 690 1250 725 utrunquemon
1265 676 1355 713 aesti-

423 751 495 776 mat
509 740 601 775 illam
618 734 744 782 quanti
759 732 807 768 est
821 731 977 767 facienda
991 744 1002 770 ;
1030 742 1100 765 non
1113 729 1159 765 est
1172 740 1256 773 ergo
1266 739 1354 762 tunc

419 789 531 825 homo
547 788 664 822 fruens
678 784 749 817 vita
767 784 980 831 beata.Qe
995 780 1208 815 trimembris
1226 778 1354 824 Augu-

420 831 925 879 stinidist‘inffiointelligenda
954 829 1000 864 est
1031 841 1099 864 non
1122 841 1186 876 pro
1213 828 1356 863 instanti

419 901 495 935 quo
518 895 708 935 poneretur
735 883 850 917 amitti
875 879 1063 916 beatitudo
1085 905 1096 920 ,
1128 880 1213 924 quia
1234 876 1356 913 conse-

419 949 535 986 quens
552 947 620 972 non
635 931 978 971 effetincoveniens,
1000 941 1122 976 nempe
1145 928 1243 976 quod
1268 940 1355 963 tunc

421 999 491 1025 non
507 987 545 1021 sit
569 987 695 1020 beatus
714 1008 723 1024 ‚
747 981 804 1017 sed
836 979 1041 1027 accipieiija
1066 991 1132 1026 pro
1152 980 1214 1016 illo
1240 980 1355 1026 primo

421 1046 504 1074 tunc
520 1035 574 1070 vel
588 1043 819 1081 protempore
837 1056 845 1071 ‚
871 1042 946 1078 quo
960 1029 1006 1065 est
1021 1031 1146 1066 beatus
1164 1055 1175 1067 .
1194 1028 1354 1078 idipsum

419 1084 534 1135 potest
549 1083 664 1130 urgeri
692 1083 712 1117 fi
738 1082 875 1117 dicatur
896 1079 1062 1116 excidere
1091 1079 1185 1128 poffe
1208 1081 1355 1116 beatum

420 1133 652 1173 beatitudinis
664 1131 865 1177 poffeffione
876 1143 937 1176 pet
949 1129 1160 1166 amissionem
1175 1131 1258 1167 vitae
1272 1142 1358 1168 tem.

421 1185 570 1233 poralis.
587 1185 677 1220 Nam
691 1193 751 1218 aut
767 1182 900 1216 amittit
912 1182 1023 1216 vitam
1042 1181 1166 1217 volens
1183 1208 1195 1224 ,
1221 1193 1281 1216 aut
1293 1193 1356 1216 no-

421 1239 496 1272 lens
509 1258 521 1278 ,
547 1244 606 1269 aut
621 1231 784 1267 neutrum
802 1256 811 1265 .
828 1233 907 1269 Nec
923 1230 971 1266 est
989 1232 1198 1268 rationabile
1216 1231 1358 1279 respon-

422 1286 526 1324 dere,
552 1284 714 1317 amittere
742 1283 851 1317 vitam
879 1307 890 1323 ,
930 1280 988 1317 sed
1012 1281 1046 1315 id
1070 1293 1140 1316 non
1169 1282 1357 1329 praevideri

420 1347 484 1372 nec
499 1332 704 1369 consider-iri
719 1344 735 1366 a
754 1334 860 1368 beato
869 1331 953 1367 dum
967 1332 1106 1378 potitur
1123 1332 1197 1368 vita
1226 1335 1328 1369 beata
1344 1346 1358 1374 ς

421 1386 574 1429 ideoque
590 1381 829 1419 indifferenter
844 1383 878 1418 s:
893 1382 1022 1417 habere
1047 1383 1168 1428 quoad
1195 1385 1359 1419 volunta-

422 1446 490 1470 tem
511 1447 522 1474 3
546 1444 613 1467 non
631 1433 725 1476 quasi
744 1445 812 1469 non
831 1434 951 1477 magni
981 1432 1085 1467 faciat
1108 1433 1193 1468 illud
1221 1436 1358 1470 bonum

420 1481 673 1532 apprehensum
689 1495 865 1531 perpetuo
881 1482 1049 1528 possidere
1063 1509 1075 1526 ,
1108 1483 1163 1518 sed
1179 1486 1267 1530 quia
1279 1483 1359 1530 ejus

419 1534 695 1582 perpetuitatem
711 1546 780 1568 non
806 1532 1003 1569 considerat
1033 1558 1042 1568 .
1071 1536 1175 1576 Hoc,
1195 1537 1360 1581 inquam,

419 1584 663 1622 irrationabile
677 1583 724 1617 est
744 1610 752 1619 .
772 1587 865 1621 Nam
895 1583 1079 1630 quomodo
1099 1597 1283 1630 nunquam
1306 1596 1360 1620 re·

422 1636 593 1682 cogitaret
624 1632 667 1668 de
696 1633 905 1680 sempiterna
926 1634 1112 1669 duratione
1145 1633 1225 1679 ejus
1259 1634 1359 1677 vitae,

418 1697 525 1732 quam
544 1683 675 1719 summe
688 1683 804 1728 diligit
823 1684 845 1719 si
864 1685 964 1718 beata
977 1683 1024 1718 est
1047 1685 1061 1723 ,θ
1088 1680 1120 1719 S*
1137 1695 1224 1720 vero
1248 1694 1361 1731 pona·

419 1746 482 1771 tur
504 1733 792 1781 apprehendere,
815 1735 847 1769 &
871 1734 1015 1769 credere
1043 1747 1121 1770 eam
1147 1744 1362 1782 perpetuan-

417 1785 498 1821 dam
517 1810 528 1826 ‚
553 1784 652 1831 quod
664 1795 780 1818 tamen
795 1783 957 1817 futurum
973 1794 1041 1815 non
1056 1783 1105 1818 est
1125 1796 1136 1822 ς
1165 1794 1253 1827 ergo
1263 1782 1363 1817 deci-

419 1838 547 1883 pitur3
570 1833 657 1867 nihil
673 1842 793 1866 autem
809 1832 1122 1866 inconvenientius
1135 1831 1203 1867 dici
1232 1830 1361 1878 potest,

420 1885 572 1928 aliquem
592 1881 673 1916 falsa
685 1882 856 1926 opinione
870 1879 936 1915 effe
966 1882 1106 1916 beatum
1134 1881 1363 1919 secundum..-

420 1930 666 1980 Augustinum
683 1958 694 1973 ‚
717 1927 777 1967 X!
799 1930 841 1965 de
853 1930 968 1967 Civit.
986 1932 1066 1968 Det
1076 1941 1189 1980 cap-4.

527 1980 584 2018 Ad
597 1981 866 2027 intelligentiam
879 1982 1089 2027 ampliorem
1102 1981 1292 2018 cei-tiffimae
1305 1994 1363 2019 ve.

425 2033 536 2071 ritatis
552 2058 561 2073 ,
587 2031 776 2067 videndum
797 2031 843 2066 est
863 2034 1151 2078 primoquaenam
1167 2033 1204 2068 sit
1228 2032 1360 2069 causa...

425 2083 505 2129 ejus
524 2082 800 2129 perpetuitatis;
821 2080 948 2116 deinde
964 2085 1119 2128 qualiter
1133 2083 1176 2118 ad
1208 2084 1362 2119 beatitu-

424 2135 542 2171 dinem
560 2131 687 2177 Γρεξὶεῑ
701 2158 713 2174 ,
734 2144 773 2167 ac
789 2131 942 2179 denique
955 2131 998 2167 de
1024 2133 1210 2169 secu-irate
1239 2137 1356 2168 beato.

425 2198 528 2225 rum,
553 2181 586 2217 se
608 2193 677 2218 non
698 2180 765 2218 effe
791 2193 951 2230 unquam
989 2183 1172 2221 amiisuros
1209 2185 1360 2221 beatitu-

427 2236 543 2271 dinem
565 2261 573 2270 .

522 2281 674 2319 Causam
700 2283 810 2329 igitur
846 2284 1092 2332 perpetuitatis
1131 2285 1362 2322 beatitudinis

427 2334 571 2381 quidam
584 2333 789 2378 affignantes
803 2334 903 2379 ajunt
922 2362 931 2374 .
943 2348 1018 2371 earn
1033 2335 1185 2373 delinere
1198 2349 1265 2371 non
1284 2338 1361 2381 pos·

429 2387 460 2421 se
481 2411 490 2425 ‚
520 2385 603 2430 quia
618 2385 667 2419 est
682 2383 776 2418 exse
805 2384 993 2421 necessaria
1022 2385 1238 2429 formaliter,
1262 2387 1360 2432 prin-

428 2435 596 2482 cipiative
610 2445 694 2468 vero
707 2445 725 2468 a
741 2435 844 2469 causa
862 2435 1056 2471 extrinseca
1068 2436 1231 2473 causante
1252 2462 1261 2471 .
1288 2438 1363 2475 Alii

430 2496 514 2520 vero
525 2484 648 2521 dicunt
664 2489 861 2529 potentiam
876 2485 1065 2521 necessario
1076 2488 1300 2523 determinari
1314 2488 1356 2523 ad

428 2535 603 2583 agendum
621 2546 664 2570 ex
684 2533 808 2571 habitu
824 2562 836 2578 ,
864 2547 903 2572 ut
931 2537 1146 2574 intelleeium
1175 2538 1217 2573 ad
1240 2539 1365 2575 viden·

429 2587 515 2622 dum
528 2598 572 2621 ex
590 2585 720 2621 lumine
731 2585 849 2629 gloriae
865 2613 877 2629 ‚
902 2587 935 2622 85
951 2587 1159 2624 charitatem
1173 2590 1214 2624 ad
1245 2589 1364 2625 fruen-

429 2636 516 2671 dum
533 2647 577 2672 ex
596 2634 765 2671 charitate
778 2636 1020 2673 consummata
1035 2663 1044 2673 .
1061 2641 1164 2676 Hanc
1176 2641 1285 2685 igitur
1297 2638 1364 2676 effe

431 2685 572 2721 cansam
602 2696 736 2731 ponunt
761 2686 904 2724 dantem
942 2690 1216 2738 perpetuitatem
1252 2691 1365 2728 beati·

432 2735 576 2771 tudini.

531 2787 612 2822 Nos
631 2797 788 2822 neutram
804 2787 1003 2824 sententiam
1017 2801 1185 2837 putamus
1211 2795 1366 2840 proban-

432 2835 511 2871 dam
539 2860 548 2869 .
583 2834 761 2872 Eteontra
790 2841 934 2884 primam
963 2841 1107 2885 quidem
1132 2843 1239 2885 facit,
1264 2845 1364 2892 quod

431 2885 622 2922 beatitudo
635 2897 751 2922 creata
765 2888 812 2922 est
829 2888 1019 2929 accidens;
1043 2903 1129 2934 ergo
1154 2905 1222 2928 non
1248 2898 1364 2932 minus

430 2935 631 2981 dependet,
657 2949 763 2983 quani
782 2936 979 2982 subjeetum
1006 2937 1085 2984 ejus
1113 2953 1122 2976 z
1151 2942 1363 2989 subjeetum

433 2995 554 3021 autem
570 2985 745 3031 dependet
761 3000 807 3024 ex
829 2986 1096 3025 conservatione
1124 2992 1191 3027 Dei
1222 2997 1362 3032 contin·

431 3036 681 3082 genteripsum
699 3038 938 3074 conservantis
954 3066 964 3080 ,
995 3040 1027 3075 &
1056 3051 1116 3085 per
1141 3041 1362 3090 consequens

432 3096 504 3121 non
521 3083 627 3122 habet
640 3088 765 3131 nec-effi³
787 3088 851 3135 effe
876 3088 1097 3131 formaliter3
1129 3093 1222 3136 Ergo
1249 3097 1364 3133 multo

431 3135 546 3178 magis
559 3148 621 3172 nec
634 3137 792 3174 accidens
820 3167 828 3174 .
856 3137 1049 3181 Responsio
1077 3165 1086 3175 .
1108 3139 1179 3178 Etsi
1204 3144 1363 3182 absolute

431 3186 620 3221 beatitudo
635 3186 763 3222 habeat
775 3188 840 3224 esse
855 3191 1066 3235 contingens
1082 3203 1092 3232 ;
1107 3205 1221 3229 tamen
1233 3207 1276 3230 ex
1288 3209 1363 3243 quo

433 3234 537 3270 semel
553 3236 634 3271 inest
652 3248 787 3273 naturoe
800 3251 863 3274 nec
878 3237 1086 3275 =ffai=ioiiiest
1111 3255 1274 3281 manente
1301 3259 1363 3282 na-

432 3295 535 3326 tura,
558 3286 588 3320 81
604 3288 648 3321 ita
665 3286 766 3323 babet
783 3286 909 3330 neccffi’
931 3289 994 3336 ‘ffi'
1019 3303 1063 3325 ex
1084 3305 1161 3339 quo
1187 3296 1362 3339 produeta

432 3333 482 3369 est
502 3336 535 3369 in
561 3335 648 3381 effe.
668 3336 803 3373 Contra
818 3364 829 3380 ,
860 3338 961 3376 Deus
989 3342 1101 3387 potest
1130 3344 1362 3387 conservar0

430 3384 532 3431 prius
549 3385 772 3422 effcntialiter
785 3389 854 3424 sine
868 3390 1069 3435 posteriori:
1099 3394 1155 3428 illa
1171 3406 1294 3431 natura
1311 3400 1360 3435 est

431 3435 530 3480 prius
542 3436 769 3472 essentialiter
785 3439 1004 3475 beatitudine
1018 3466 1029 3482 ‚
1054 3442 1125 3476 imo
1139 3446 1240 3480 etiam
1265 3451 1361 3493 prior

430 3495 624 3530 tempore;
654 3498 741 3531 ergo
755 3486 860 3523 stante
878 3488 1038 3534 siitijefio
1050 3492 1161 3535 potest
1179 3495 1362 3535 beatitudo

430 3532 493 3581 ‘'ffi'
505 3535 680 3572 desinere.
705 3536 977 3582 Confirmatur,
1004 3552 1186 3587 nunquam
1211 3545 1259 3581 est
1291 3562 1362 3585 ma.

427 3582 486 3629 jor
502 3587 682 3623 necessitas
697 3588 791 3622 tertii
814 3587 855 3622 ad
870 3591 1043 3633 primum,
1068 3605 1175 3639 quam
1198 3599 1288 3632 tertii
1316 3600 1360 3636 ad

428 3633 621 3671 secundum
636 3664 644 3672 .
660 3638 774 3684 Atqui
788 3638 820 3674 in
836 3638 918 3674 casu
935 3641 1031 3675 tertii
1046 3643 1088 3677 ad
1103 3643 1293 3684 secundum
1310 3650 1359 3686 est

426 3694 568 3721 tantum
585 3688 768 3722 beatitudo
779 3690 986 3733 contingens

531 3738 762 3784 Quapropter
787 3739 939 3775 dicimus
966 3767 975 3781 ‚
1003 3741 1086 3778 nihil
1114 3744 1207 3779 aliud
1237 3760 1251 3780 a
1281 3751 1361 3786 Deo

428 3784 839 3838 habeteff’formalitet
865 3789 1118 3838 necess‘arium,
1149 3793 1207 3831 sed
1234 3797 1364 3848 limpli..

1433 224 1747 271 citet->contingens
1762 250 1768 257 .
1787 219 1930 262 Tamen
1946 219 2094 269 aliquod
2107 231 2265 257 creatum
2288 220 2382 256 dici-v

1434 283 1495 308 tur
1507 274 1676 321 poffidere
1690 272 1755 318 effe
1781 272 2073 312 incorruptibile,
2098 282 2278 319 quatenus
2305 282 2376 306 non

1433 322 1796 365 habetcontrarium‚
1820 325 1876 358 vel
1904 324 1988 371 quia
2018 322 2148 358 destrui
2178 323 2303 368 nequit
2329 322 2375 356 ab

1433 374 1576 419 aliquo,
1595 384 1716 409 creato
1729 373 1786 409 sed
1796 372 1907 409 solum
1926 373 2139 409 annihilaria
2167 374 2250 412 Deo
2274 383 2376 407 tion„

1433 422 1665 459 conservante
1683 451 1692 463 ‚
1719 436 1790 471 qua
1807 426 1944 459 ratione
1959 424 2144 459 beatitudo
2157 421 2306 459 dicenda
2323 420 2374 457 est

1433 473 1721 521 incorruptibilis
1742 501 1754 516 ‚
1785 474 1839 510 sed
1867 473 2076 519 hujusmodi
2097 471 2375 519 incorruptibile

1433 523 1564 558 nonest
1580 536 1624 559 ex
1643 523 1674 558 se
1694 535 1904 571 perpetuum
1919 523 1978 556 nisi
2012 522 2216 569 possibiliter
2235 536 2245 558 z
2278 526 2375 559 Nam

1434 571 1522 607 sicut
1535 572 1635 608 suum
1653 573 1857 619 cffiaccipit
1870 587 1886 607 a
1905 573 1987 607 Deo
2010 574 2260 621 contingenter
2286 583 2377 607 con-

1433 620 1596 658 servante
1613 649 1623 664 ,
1647 624 1695 656 ita
1713 624 1745 658 3<
1764 626 2035 669 perpetuitatem
2054 623 2215 669 accipere
2236 622 2349 668 potest
2365 648 2373 656 .
2424 639 2603 674 Bcfflmdffi
2634 640 2636 643 v

1531 673 1671 707 Contra
1687 670 1874 708 secundam
1902 672 2113 719 postioiiem
2140 673 2222 707 facit
2244 673 2376 717 prime,
2411 680 2612 719 perpetuitate·

1430 721 1516 767 quia
1535 721 1681 757 habitus
1706 721 1864 767 respeetii
1879 723 2097 768 operationis
2114 734 2189 757 non
2217 721 2265 756 est
2291 733 2375 756 cau·
2409 729 2467 746 ¹¹0ss
2491 717 2542 762 effe
2568 726 2600 750 Β

1432 771 1467 806 sa
1497 773 1593 818 prior
1617 774 1801 818 potentia,
1821 772 1876 809 sed
1903 771 2037 818 semper
2063 771 2213 807 secunda
2243 784 2252 806 2
2286 772 2377 807 illud
2410 756 2576 807 h³b¹¹¹b⁰⁵‘l

1433 822 1528 857 enim
1543 821 1590 856 est
1602 823 1760 868 potentia
1778 848 1790 864 ,
1817 823 1916 870 quod
1943 822 2148 869 simpliciter
2174 817 2376 869 possumus3

1433 883 1542 916 atque
1557 871 1640 906 hinc
1653 873 1798 907 habitus
1815 885 1885 908 non
1901 873 2013 908 utitur
2036 873 2192 918 potentia
2207 899 2217 914 ,
2238 871 2295 907 sed
2309 885 2376 920 po-

1432 922 1542 957 tentia
1569 921 1694 958 habitu
1711 948 1722 963 ‚
1743 924 1857 958 veluti
1881 922 1983 962 caisi
2015 921 2166 958 secunda
2188 933 2296 968 atque
2321 925 2376 959 in-

1434 975 1630 1010 strumento
1648 999 1656 1006 .
1675 972 1792 1007 Causa
1810 985 1929 1010 autem
1945 973 2044 1020 prior
2070 983 2140 1007 non
2161 973 2377 1009 determina-

1432 1033 1492 1057 tur
1505 1021 1547 1056 ad
1563 1022 1739 1067 agendum
1760 1049 1769 1064 ‚
1795 1036 1860 1059 nec
1873 1036 1934 1070 per
1949 1022 2170 1070 consequens
2199 1024 2378 1060 neceffita-

1433 1083 1494 1107 tur
1524 1072 1568 1105 ad
1593 1075 1770 1117 agendum
1801 1100 1811 1116 ,
1850 1074 1906 1109 sed
1933 1087 1951 1109 e
1974 1072 2148 1109 conivcrso
2170 1102 2179 1109 .
2211 1073 2378 1117 Deinde,

1436 1123 1475 1158 B.
1489 1121 1605 1167 Virgo
1618 1125 1652 1156 in
1669 1125 1725 1158 via
1740 1126 1885 1171 predita
1903 1124 1972 1160 fuit
1999 1125 2175 1162 charitate
2191 1153 2202 1168 ,
2229 1138 2269 1161 ac
2297 1126 2380 1162 data.

1438 1173 1598 1209 iit-alicui
1616 1174 1990 1211 beatoruminferioris
2015 1175 2145 1219 aridus
2162 1200 2175 1218 ‚
2200 1179 2234 1213 8<
2262 1189 2381 1212 tamen

1436 1236 1506 1259 non
1521 1224 1721 1263 cogebatur
1736 1224 1777 1258 ad
1793 1224 1984 1260 fruendum
2005 1227 2112 1261 etiam
2141 1229 2288 1272 quando
2312 1227 2381 1263 sta-

1436 1275 1496 1309 bat
1512 1275 1545 1308 in
1561 1272 1630 1308 Dei
1647 1277 1948 1324 contemplatione
1977 1302 1986 1310 .
2014 1276 2208 1323 Denique,
2241 1282 2381 1324 Quam-

1438 1326 1495 1359 vis
1511 1326 1627 1359 lumen
1641 1326 1763 1369 gloriae
1797 1327 2029 1362 necessitatem
2059 1330 2215 1375 imponat
2242 1330 2381 1365 intelle-

1436 1375 1509 1410 &ui
1529 1374 1564 1407 vi
1590 1374 1671 1409 endi
1702 1374 1886 1421 objciffhim
1912 1377 1973 1411 sibi
2001 1378 2176 1422 praeseus,
2204 1390 2323 1415 tamen
2355 1380 2379 1415 si

1437 1425 1603 1460 voluntas
1620 1424 1659 1458 sit
1674 1426 1778 1461 causa
1798 1428 1974 1473 imperans
1985 1440 2060 1463 eam
2079 1429 2246 1464 visionem
2263 1430 2379 1477 porest

1437 1487 1508 1510 nori
1526 1474 1727 1520 imperare3
1755 1479 2004 1522 contingenter
2029 1480 2122 1515 enim
2150 1482 2223 1515 unit
2249 1482 2378 1516 intelli·-

1439 1524 1596 1571 gentiam
1609 1528 1784 1561 memoriae
1802 1529 1895 1561 illius
1921 1527 2054 1570 oiijeffi
2078 1558 2081 1560 a
2112 1530 2210 1573 quod
2238 1532 2381 1565 contin·

1437 1584 1563 1620 genter
1578 1585 1692 1608 amat.
1709 1576 1751 1606 Et
1765 1585 1873 1616 porro
1895 1574 2021 1608 debere
2049 1578 2098 1608 ita
2127 1576 2378 1621 conjungere>

1437 1629 1585 1669 apparet
1600 1647 1611 1662 ,
1634 1625 1718 1667 quia
1737 1620 1957 1666 Augustinus
1973 1622 2224 1670 frequenterin
2254 1627 2304 1662 lib
2334 1630 2379 1667 de

1444 1672 1580 1710 Trinit.
1597 1672 1685 1706 dicit
1708 1672 1742 1706 in
1767 1671 1971 1715 gignitione
1996 1675 2103 1710 Verbi
2133 1676 2275 1723 perfefti
2291 1693 2377 1716 con..

1437 1733 1583 1760 currere
1599 1722 1817 1755 voluntatem
1836 1719 1880 1755 sic
1893 1724 2122 1765 copulantem
2147 1738 2156 1761 :
2180 1727 2235 1762 illa
2255 1741 2375 1767 autem

1437 1772 1529 1806 visio
1562 1770 1610 1806 est
1648 1770 1809 1807 Verbum
1848 1769 2040 1810 secundum
2076 1774 2192 1823 ipsum
2207 1804 2218 1819 ,
2259 1791 2311 1825 15·
2333 1782 2378 1817 de

1445 1821 1626 1858 Trinitatis»
1635 1851 1644 1859 .
2287 1863 2290 1865 Α

1536 1869 1621 1909 Non
1637 1886 1722 1920 ergo
1749 1873 1798 1910 est
1825 1875 2032 1921 necessitas,
2058 1876 2127 1915 sive
2158 1885 2379 1929 perpetuitas

1436 1924 1626 1959 necefl‘aria
1642 1937 1686 1960 ex
1703 1925 1887 1961 habitibus
1903 1927 2226 1968 determinantibus
2254 1946 2381 1982 poten-

1434 1975 1502 2009 tias
1514 1975 1557 2008 ad
1574 1974 1673 2010 aetus
1696 1989 1706 2011 t
1729 1976 1799 2013 Sed
1815 1987 1953 2013 tantum
1968 1991 2013 2014 ex
2037 1979 2161 2016 liabitu
2188 1985 2309 2029 gloriae
2331 1986 2379 2021 est
2409 1994 2520 2025 Soluti'o
2542 1997 2602 2029 Do.
2622 2015 2623 2020 ,

1434 2025 1613 2061 neceffitas
1626 2026 1817 2063 secundum
1829 2028 1941 2074 quid,
1962 2031 2045 2074 quia
2075 2030 2219 2069 habitus
2242 2035 2292 2071 est
2316 2049 2377 2072 na-
2409 2025 2496 2062 &orn
2529 2036 2565 2065 est
2589 2055 2602 2078 2

1434 2076 1596 2111 turaliter
1610 2077 1782 2113 inclinans
1798 2091 1807 2114 :
1826 2089 1890 2113 nec
1904 2091 1946 2114 ex
1961 2080 2138 2117 charitate
2151 2083 2198 2119 est
2215 2086 2294 2122 talis
2317 2101 2377 2123 ne-
2408 2074 2603 2115 befstfffldffl‘ffl

1434 2127 1615 2162 cesiitasin
1632 2129 1835 2168 voluntate3
1861 2140 1938 2164 nani
1953 2128 2027 2165 haec
2044 2133 2153 2168 libere
2174 2135 2289 2177 potest
2322 2139 2375 2172 uti
2407 2112 2603 2181 ἰίὲθιξὲξρεέἓξ

1435 2177 1469 2212 St
1489 2189 1559 2212 non
1572 2178 1812 2226 uti-charitate
1829 2207 1836 2213 .
1852 2178 1912 2215 Est
1941 2181 2050 2225 igitur
2074 2179 2226 2220 felicitas
2251 2189 2356 2223 beato
2408 2197 2488 2217 creto
2514 2208 2526 2224 ,
2549 2199 2602 2228 quo
2620 2207 2636 2229 ῃ

1434 2239 1513 2263 rum
1532 2227 1743 2273 sempiterna
1770 2241 1814 2266 ex
1843 2229 1913 2264 sola
1943 2232 2129 2268 voluntate
2144 2235 2264 2273 divina
2292 2251 2373 2283 quae
2408 2227 2502 2272 st³⁸⁴¹¹ft
2548 2229 2601 2261 se,
2633 2244 2636 2250 '

1433 2277 1525 2314 sicut
1542 2279 1859 2319 perficitnati-iram
1891 2279 2163 2319 beatificabilem
2195 2287 2375 2330 intensive,
2409 2266 2595 2297 fruitionem„

1433 2329 1481 2364 ita
1493 2330 1680 2366 conservat
1698 2343 1774 2368 eam
1788 2343 1962 2380 perpetuo
1973 2332 2008 2367 in
2026 2335 2087 2369 tali
2098 2335 2315 2382 perfectione
2329 2343 2375 2377 ab
2406 2303 2602 2373 ἓῖξίὲᾟξὲο

1434 2377 1467 2415 se
1482 2379 1611 2416 donata
1629 2408 1639 2417 .
2408 2391 2471 2412 '⁰¹¹¹
2484 2401 2495 2411 ·

1534 2431 1669 2467 Verum
1683 2432 1795 2469 exhis
1810 2435 1958 2476 emergit
1984 2432 2161 2471 dubitatio
2186 2452 2194 2474 :
2219 2441 2256 2477 Si
2279 2443 2375 2478 enim

1434 2482 1623 2517 beatitudo
1636 2483 1677 2518 de
1700 2483 1750 2518 sui
1776 2486 1913 2520 ratione
1940 2496 2010 2518 non
2035 2487 2187 2531 postulat
2216 2491 2282 2528 esse
2297 2505 2375 2538 per-

1436 2544 1578 2577 petuam
1594 2559 1603 2573 ‚
1634 2545 1697 2569 nec
1709 2535 1844 2580 aliquid
1860 2534 2086 2571 intrinsecum
2106 2539 2218 2577 bearis
2231 2542 2316 2578 ficit
2330 2543 2376 2579 ad

1436 2583 1546 2627 ipsius
1561 2586 1814 2627 perennitatem
1832 2599 1842 2624 ς
1871 2586 1983 2629 igitur
1996 2585 2150 2632 speciata
2169 2604 2293 2629 natura
2311 2605 2374 2628 vo,

1436 2634 1583 2671 liintat=s
1603 2646 1730 2671 creatae
1747 2661 1756 2676 ,
1782 2647 1862 2683 qiiae
1878 2635 1925 2669 est
1945 2637 2158 2675 vertibilitas
2177 2643 2218 2677 ad
2239 2646 2375 2681 bonum

1436 2684 1471 2718 8<
1492 2686 1622 2722 malum
1638 2711 1648 2726 ,
1670 2686 1913 2733 beatipoffeiit
1928 2698 2099 2733 peccare,
2123 2693 2222 2736 quod
2247 2695 2295 2729 est
2320 2696 2378 2731 in-

1435 2738 1670 2772 conveniens.
1685 2735 1880 2784 Responsio
1897 2763 1907 2776 ‚
1933 2737 2198 2777 dubitationem
2211 2743 2300 2780 hanc
2326 2747 2377 2781 la-

1433 2796 1468 2821 te
1491 2787 1729 2832 expendimus
1763 2785 1946 2834 quaellione
1977 2790 2193 2834 pra-cedenti
2224 2796 2377 2832 articulo
2611 2802 2615 2839 Ῑ

1434 2845 1577 2883 quarto.
1611 2837 1661 2872 lbi
1686 2839 1804 2894 itaque
1826 2837 1962 2873 dicium
1991 2838 2040 2874 est
2057 2867 2069 2882 ,
2099 2845 2222 2881 beatos
2247 2846 2374 2894 posse-³
2447 2843 2615 2907 &Thomal

1433 2899 1580 2935 peccare
1593 2899 1751 2932 potentia
1772 2900 1907 2923 remota
1927 2914 1936 2928 ,
1965 2900 2035 2924 non
2050 2894 2248 2942 propinqua
2266 2923 2276 2939 ,
2292 2896 2374 2932 Deo
2408 2924 2439 2944 ,Γ
2460 2924 2574 2944 umenti·
2618 2924 2622 2931 f

1433 2946 1611 2985 perpetuo
1622 2936 1858 2973 conservante
1872 2938 1989 2973 auum
2005 2940 2185 2980 fruitionis
2204 2973 2214 2988 ‚
2236 2946 2269 2982 ἃ
2287 2959 2374 2983 con.
2408 2926 2605 2992 4‚gd.49.q.1:
2618 2936 2633 2988 *l

1434 2986 1576 3024 cursum
1594 2988 1791 3034 denegante
1810 2989 1850 3023 ad
1867 2989 1983 3024 aSiuni
2005 2993 2287 3036 peccaminosom
2314 3024 2323 3034 ,
2407 3002 2460 3021 art.
2478 3004 2502 3021 i.
2523 3002 2551 3030 q.
2576 2999 2612 3029 4η

1534 3039 1732 3086 Qomodo
1745 3049 1866 3075 autem
1884 3037 1917 3076 se
1945 3039 2071 3078 haben
2092 3041 2166 3080 hzec
2192 3049 2373 3096 perpetui-
2405 3041 2474 3099 ἐπὶ
2495 3031 2611 3099 {iffi}

1435 3098 1489 3124 tas
1516 3088 1558 3123 ad
1583 3090 1862 3131 beatitudinem,
1887 3091 1994 3136 aliqui
2013 3093 2209 3139 opinantur
2233 3098 2370 3135 includi
2405 3107 2577 3138 bictuetur.
2624 3095 2626 3097 ’

1434 3138 1470 3174 in
1484 3139 1619 3174 ratione
1637 3137 1777 3176 formali
1807 3140 1912 3186 iplins
1929 3167 1939 3182 ,
1966 3152 2075 3187 atque
2094 3143 2147 3180 liis
2177 3147 2374 3185 rationibus
2443 3148 2508 3196 (a)
2607 3139 2610 3199 l

2606 3201 2610 3230 l

1441 3200 1657 3226 moventur.
1677 3193 1774 3228 Nam
1794 3190 1978 3228 beatitudo
1996 3192 2049 3228 est
2072 3193 2154 3231 finis
2176 3199 2374 3237 omnium..
2447 3198 2509 3246 (b)

2237 3247 2329 3287 defi·

1471 3373 1516 3404 (a)
1554 3372 1728 3404 HieDossior
1739 3383 1834 3404 movet
1844 3374 1959 3405 dubium
1972 3375 2006 3404 de
2030 3379 2155 3409 mensura
2178 3379 2376 3414 beatitudinis.

1433 3410 1462 3439 S.
1472 3411 1600 3453 Thomas
1611 3413 1672 3441 vult
1684 3413 1832 3442 mensurari
1845 3415 1995 3443 aeternitate
2007 3434 2017 3449 ‚
2037 3417 2166 3455 Magister
2188 3421 2284 3449 §cerus
2306 3423 2372 3453 dicit:

1434 3449 1582 3491 mensurari
1605 3460 1666 3479 aevo
1678 3471 1686 3479 .
1699 3452 1774 3479 Nam
1796 3452 1926 3485 videtur,
1951 3453 2060 3491 inquit,
2085 3458 2226 3486 manifeste
2251 3459 2348 3489 falsum
2361 3480 2374 3495 ‚

1433 3486 1548 3530 aliquod
1563 3497 1685 3530 creatum
1699 3508 1709 3521 ,
1731 3499 1761 3518 ut
1775 3489 1946 3530 distinguitur
1968 3500 2065 3521 contra
2089 3504 2220 3524 :eternum
2232 3515 2243 3530 ‚
2267 3503 2372 3528 nieiilu-

1434 3533 1488 3552 rari
1498 3535 1650 3556 aternitatc
1663 3547 1672 3560 ,
1694 3529 1721 3556 Sc
1734 3537 1790 3556 non
1803 3539 1862 3558 :tvo
1874 3541 1882 3557 :
1895 3538 1980 3558 omne
1989 3533 2061 3558 cniiii
2075 3542 2197 3562 creatum
2209 3537 2299 3572 pot-cst
2321 3538 2373 3566 de..

1433 3564 1517 3591 licere
1529 3583 1539 3596 ‚
1558 3573 1689 3594 aeternum
1700 3575 1790 3599 vero,
1811 3577 1842 3596 ut
1852 3567 1888 3596 est
1906 3576 1998 3596 totum
2021 3569 2098 3600 simul
2123 3572 2184 3600 astu
2201 3591 2210 3605 ‚
2235 3574 2273 3603 ita
2296 3584 2375 3605 caret

1434 3604 1561 3639 potentia
1573 3611 1628 3630 noti
1641 3603 1760 3640 cll'endi;
1782 3606 1834 3634 Sed
1847 3607 1907 3636 vide
1921 3614 2030 3636 textum
2042 3617 2058 3636 a
2070 3615 2154 3638 n.16.
2167 3611 2211 3640 De
2226 3611 2266 3641 liis
2280 3615 2374 3644 atium

1432 3649 1464 3678 p.
1480 3648 1510 3677 p.
1521 3650 1596 3676 qno.
1607 3643 1724 3671 artiiulo
1735 3653 1764 3680 4.
1779 3648 1855 3678 σς.
2601 3653 2603 3686 Ι

1470 3678 1518 3719 th)
1560 3680 1665 3717 Migiss.
1677 3681 1809 3717 Hiquoeus
1822 3683 1848 3711 in
1861 3685 2009 3715 comment.
2023 3684 2138 3714 adhunc
2150 3695 2258 3718 textum
2271 3689 2377 3722 scribit.

1435 3714 1511 3759 Hinc
1533 3725 1608 3750 patet
1634 3718 1787 3747 Doctorem
1811 3729 1867 3749 tion
1890 3722 2016 3754 sustinere
2037 3728 2254 3757 controversiain
2287 3739 2378 3760 cinti...
2600 3709 2603 3742 i

1437 3753 1464 3780 3.
1485 3753 1628 3797 Ιῇοηπιλιη
1640 3754 1691 3785 lioc
1705 3776 1713 3790 ‚
1736 3756 1780 3800 sed
1803 3767 1910 3788 tantum
1933 3763 2069 3800 explicare
2091 3765 2318 3801 conclusionem,
2344 3778 2377 3798 ut

1436 3791 1575 3819 reducitur
1591 3803 1614 3819 iri
1638 3794 1682 3822 sua
1705 3798 1858 3833 principia,
1879 3799 1907 3826 &
1926 3800 2068 3830 ostendere
2090 3805 2211 3834 rationes
2233 3807 2380 3843 praeniislae

1437 3827 1630 3906 issffiss{{⁰‚nd²⁵
1649 3832 1700 3865 effe
1721 3833 1756 3864 de
1778 3835 1949 3869 beatitudine
1969 3839 2099 3871 intentive
2123 3859 2135 3878 ,
2156 3844 2184 3872 ὃ(
2207 3844 2377 3877 extenlive,
