2628 4026
90 663 211 696 Herrera
244 660 287 689 hic

86 702 155 729 dicit
187 698 286 728 consa-

86 739 259 771 bulationem

83 779 149 811 Evae
162 786 224 804 curn
236 775 286 805 ser.

84 823 166 852 pente
220 813 286 855 deq

83 862 115 880 re
129 861 187 881 tarn
200 860 289 887 gravi,

86 889 247 921 inconsulto

84 930 190 958 marito
214 945 225 960 ‚
260 928 288 954 3<

88 965 288 997 affeetumAdae

84 1014 150 1043 erga
177 1006 285 1039 Evam,

86 1043 123 1071 de
146 1052 203 1080 quo
224 1050 290 1079 pro-

83 1080 160 1109 cessit
175 1089 206 1108 ut
233 1079 285 1116 Dei

87 1119 248 1147 mandarum

86 1155 287 1194 transgredere.

88 1204 135 1225 tur
153 1213 163 1227 ‚
193 1191 286 1220 verili-

81 1232 187 1260 militer
207 1229 285 1260 fuisse

80 1279 198 1309 peccata
234 1277 284 1297 ve-

81 1307 182 1337 nialia.
206 1307 282 1335 Pon-

80 1356 137 1374 tius
152 1346 285 1374 inComm.

81 1384 230 1421 respondet
273 1400 284 1416 ,

80 1433 136 1459 pon
172 1420 284 1459 probari

82 1460 254 1490 sufficienter

80 1499 158 1528 illam
185 1497 282 1528 confa-

79 1537 254 1566 bulationem

79 1586 144 1603 cum
173 1574 282 1613 serpeny

77 1612 189 1643 resuiffe
221 1621 282 1641 ma-

78 1652 136 1689 lam
163 1670 172 1684 ‚
195 1650 239 1679 vel
262 1649 282 1678 fi

79 1692 153 1719 mah
167 1689 217 1718 fuit
242 1689 281 1716 ῡό

80 1727 196 1758 extititle
207 1736 281 1755 mor.

80 1767 173 1795 taliter
219 1774 280 1794 tna·

79 1806 137 1835 latn
152 1822 160 1831 .
175 1806 281 1833 Verum

81 1852 180 1872 contra
228 1843 282 1871 hoc

80 1891 159 1918 urge-t
182 1881 239 1911 alla
255 1890 281 1910 a.

81 1920 228 1955 difficultas
273 1931 284 1957 ς

80 1966 145 1997 quia
166 1959 212 1997 tut:
229 1957 284 1995 pri-

80 1997 196 2033 usquam
250 1994 286 2026 de

80 2036 160 2073 ligno
196 2034 286 2065 vetito

80 2073 226 2112 gustassent
277 2092 289 2108 ‚

79 2115 135 2147 jam
151 2121 288 2141 innocen·

81 2152 150 2184 riam
188 2151 286 2188 perdi·

79 2187 205 2223 dissent5
239 2188 287 2217 vel

78 2227 184 2263 saitem
220 2237 287 2262 gra·

82 2274 149 2302 tiam
164 2265 287 2294 Sanctifi-

81 2312 197 2331 cantem

82 2351 138 2380 qua
156 2339 285 2370 ‘destituti

83 2379 160 2408 nullo
170 2382 286 2417 negotio

85 2417 154 2445 holii
189 2419 283 2450 succu-

85 2454 203 2485 buerunt
217 2476 225 2497 ·.

401 185 422 228 3
439 177 502 227 26

321 236 580 288 quae'proeceliit
607 238 641 275 in
672 241 786 275 anima
813 236 996 280 hominis,
1021 237 1088 273 fuit
1110 238 1262 284 primum

322 289 476 327 bominis
492 299 678 334 peccatum
698 288 846 325 mortale
866 287 1151 329 ‚diciturautem
1172 297 1263 333 proe-

323 337 449 377 cessisse
461 337 699 385 dejeetionem
715 337 797 383 ejus
819 339 853 372 in
879 338 1093 373 exteriorem
1110 336 1263 370 achim-a

326 389 489 438 peccati.
519 388 737 435 Hujusmodi
755 398 877 423 autem
905 388 1091 424 elationem
1108 411 1118 425 ‚
1142 383 1263 420 subse-

323 450 437 488 quuta
451 439 498 473 est
514 466 524 480 ‚
541 435 582 475 ’ἅ
602 437 805 486 experiendi
828 435 1005 484 cupiditas
1030 437 1065 470 in
1094 434 1197 476 viro3
1227 434 1262 469 &

327 489 504 525 dubitatio
520 489 553 529 in
567 489 714 525 muliere
733 515 741 529 ‚
763 499 843 534 quae
858 498 900 521 ex
915 485 984 522 hoc
1001 484 1073 520 solo
1091 486 1126 522 in
1148 495 1263 529 quan-

325 539 404 575 dam
422 538 524 573 aliam
540 541 727 584 elationem
748 537 911 583 prorupit
933 563 944 579 ,
969 534 1070 583 quod
1099 534 1263 581 przcepti

322 589 544 624 mentionem
577 601 594 622 a
623 588 779 634 serpente
807 586 946 622 audivit
972 612 983 629 ,
1022 582 1123 632 quast
1152 584 1261 620 nollet

324 638 388 675 sub
402 635 579 684 precepto
596 636 771 683 contineri
786 663 795 678 ‚

422 687 576 727 Contra,
595 687 760 724 Difficilia
776 686 851 721 haec
869 684 1062 722 admodum
1077 682 1260 719 videntur.

324 741 418 776 Nam
435 737 646 784 augustinus
662 735 841 771 manifeste
853 734 1037 779 distinguit
1050 733 1140 768 inter
1153 731 1262 767 animi

324 784 513 832 elationem
533 813 543 828 ,
568 788 798 821 tentationem
815 784 858 819 de
888 783 1057 829 serpentis
1084 781 1160 817 astu
1183 781 1262 816 illa·

325 851 392 874 tam
408 864 418 880 ‚
434 835 689 884 ptaecedentem
708 861 719 876 ,
731 836 764 870 3<
781 832 890 882 ipsam
909 830 1146 879 dejcaionem
1159 841 1262 877 ,quae

325 884 440 925 utex'
462 886 632 932 scriptura
649 883 837 933 perspicuo
849 885 1031 931 colligitur
1046 909 1058 925 ‚
1084 883 1167 919 aau
1184 881 1262 916 ino·

325 937 510 981 bedientiae
520 934 762 974 consummata
779 935 826 971 cst
838 963 848 979 ‚
874 935 1018 974 Adamo
1034 944 1141 980 atque
1158 932 1261 969 Eva..

325 998 450 1031 contra
475 984 706 1022 interdic-tum
726 986 888 1026 divinum
925 985 1040 1020 vetito
1065 993 1176 1032 pomo
1198 992 1262 1017 ver

324 1036 526 1078 scentibuS.

421 1084 576 1131 Siigitur
590 1085 706 1122 Adam
735 1098 782 1122 ex
807 1085 913 1121 animi
927 1085 1080 1121 elatione
1096 1083 1260 1130 peccavit

322 1137 518 1175 mortaliter
533 1163 544 1179 ,
573 1137 700 1183 utique
712 1147 799 1172 tunc
812 1136 961 1181 gratiam
979 1134 1258 1171 sanfifificantem

322 1187 434 1225 amisit
450 1213 461 1229 ,
488 1188 621 1235 quippe
634 1199 715 1234 quae
729 1198 809 1222 cum
825 1187 967 1222 mortali
985 1195 1132 1234 peccato
1155 1196 1257 1220 non..

320 1239 497 1276 cohaereat
514 1263 521 1272 .
537 1238 614 1275 Aut
627 1249 713 1283 ergo
726 1237 855 1285 pariter
867 1236 901 1272 81
918 1235 1159 1273 innocentiam
1176 1246 1258 1281 per·

319 1289 408 1324 didit
426 1314 437 1330 ,
454 1298 513 1322 aut
526 1288 586 1322 sibi
600 1286 633 1322 id
649 1288 860 1324 Deidonum
875 1286 999 1322 mansit
1015 1311 1024 1321 .
1051 1286 1089 1322 Si
1102 1287 1255 1332 primum

319 1351 390 1375 non
407 1337 766 1374 videtui-innocentia
787 1336 876 1372 stare
891 1335 985 1384 poffe
1010 1336 1080 1371 stne
1109 1335 1255 1380 gratia,

322 1388 562 1425 sanetificante
589 1414 598 1423 .
638 1388 732 1424 Cum
757 1388 813 1422 illa
836 1387 904 1422 bac
930 1413 940 1430 ‚
973 1385 1122 1431 aliisque
1153 1385 1256 1420 donis

318 1441 561 1480 conflaretur,
589 1449 629 1474 ut
659 1438 813 1486 perfeeia
840 1438 1044 1472 innocentia
1069 1433 1151 1470 effet
1178 1447 1190 1476 3
1220 1436 1254 1471 &

318 1501 484 1537 praeterea
517 1499 662 1536 apparet
701 1499 777 1523 turn
809 1487 1050 1523 innocentiam
1085 1485 1255 1528 amisisse,

318 1552 399 1576 cum
413 1550 474 1586 pet
489 1538 770 1575 inobedientiam
783 1539 819 1573 in
845 1539 972 1572 mortis
1002 1547 1142 1586 poenam
1166 1537 1257 1572 inci·

318 1592 444 1627 derunt
461 1615 470 1623 .

420 1639 558 1676 Deinde
574 1666 585 1682 ‚
602 1640 624 1675 fi
638 1640 826 1683 ingruente
837 1637 1036 1672 tentatione
1051 1661 1063 1678 ,
1090 1634 1202 1671 homo
1216 1636 1257 1672 fi-

316 1702 359 1726 ne
377 1692 487 1736 gratia
502 1688 740 1725 saneiifieante
756 1689 923 1725 inventus
935 1685 983 1722 est
998 1699 1010 1728 3
1026 1687 1156 1722 mirum
1171 1698 1257 1732 ergo

317 1753 386 1777 non
401 1740 448 1777 est
465 1737 687 1778 succubuisse
705 1764 715 1780 ‚
741 1749 805 1774 nec
822 1737 976 1776 resistere
989 1737 1161 1772 illecebras
1177 1749 1255 1772 mu·

319 1792 412 1827 lieris
444 1789 622 1838 potuiffe3
646 1788 764 1824 deerat
793 1789 884 1823 enim
916 1786 977 1822 sibi
1009 1788 1124 1831 gratia
1151 1813 1163 1829 ,
1195 1798 1257 1836 per

317 1853 422 1886 quam
445 1842 629 1883 vietorlatn
658 1837 889 1885 reportaffet3
912 1835 1104 1885 destitutus
1130 1847 1254 1873 autern

318 1903 418 1926 tarto
451 1893 517 1927 Dei
552 1888 686 1927 auxilio
716 1915 726 1929 ,
748 1889 866 1936 qualis
892 1886 940 1929 est
969 1886 1090 1932 gratia·
1111 1897 1254 1932 gratum

320 1943 453 1977 faciens
479 1968 490 1984 ,
518 1940 666 1977 levicula
689 1938 888 1973 tentatione
914 1936 1074 1983 pulsatus
1111 1936 1255 1972 cecidit.

320 1992 431 2040 Qod
451 1988 623 2027 mirantur
648 1988 786 2031 sanffli,
810 1987 868 2036 sed
886 1988 984 2023 nulla
1006 1987 1097 2022 foret
1124 1984 1256 2025 causa,

322 2040 567 2085 admirationis
583 2068 592 2082 ‚
616 2039 638 2075 st
653 2038 834 2082 crederent
850 2037 1044 2083 serpentem
1069 2035 1111 2071 ad
1144 2037 1254 2074 Evam

320 2093 434 2137 gratia
460 2093 527 2128 Dei
554 2089 760 2126 destitutam
790 2087 959 2125 accessisse
986 2115 998 2131 ,
1036 2088 1070 2122 &
1097 2086 1189 2124 hanc
1213 2090 1254 2124 ad

320 2143 468 2186 virum,
495 2142 558 2190 qui
572 2153 633 2189 per
646 2139 960 2181 animielationern
988 2138 1139 2183 gratiam
1169 2141 1258 2174 ami-

321 2192 409 2230 serat
426 2220 438 2226 -
463 2191 467 2196 ’
511 2193 515 2198 ’

346 2242 347 2245 ’
417 2240 664 2278 Goncedimus
678 2249 892 2288 propterea,
921 2250 1040 2275 motus
1055 2240 1133 2274 illos
1151 2264 1160 2279 ‚
1182 2238 1259 2275 de„

319 2294 453 2341 quibus
467 2291 624 2339 procedit
641 2288 890 2335 argumentum
907 2314 917 2329 ,
942 2289 976 2325 in
989 2290 1112 2337 primis
1129 2298 1258 2336 paren-

319 2346 419 2381 tibus
435 2343 587 2379 venialia
607 2342 750 2389 peccata
766 2336 918 2376 extitisse
934 2362 943 2379 ,

473 2437 974 2478 ARTICVLUS
1036 2437 1101 2474 iv,

368 2543 510 2580 Utrum
537 2540 699 2586 Angelus
727 2542 843 2576 bonus
874 2540 929 2575 vel
959 2537 1076 2575 malus
1109 2534 1209 2586 poffit

603 2603 748 2639 peccare
765 2590 972 2634 venialiter,

320 2691 451 2730 Dontor
468 2703 502 2728 2.
518 2691 598 2738 dist·
620 2701 678 2727 21.
695 2705 729 2740 q.
761 2703 790 2728 t.
816 2690 1003 2738 utriusque
1019 2689 1154 2741 scripti
1178 2699 1260 2734 n·4.

523 2743 565 2778 S.
587 2742 704 2779 Thom.
725 2756 754 2779 ι.
768 2754 802 2777 2.
814 2755 849 2793 q.
867 2743 925 2789 89.
939 2750 1010 2776 art.
1025 2754 1062 2787 4.

439 2841 639 2886 Fs52onde0,
655 2844 872 2888 Aliquorum
887 2841 934 2877 est
948 2842 1007 2877 hic
1024 2840 1191 2878 sententia
1211 2850 1264 2874 ta·

449 2894 491 2928 lis
504 2917 514 2928 .
542 2893 746 2929 Intelle&us
763 2893 962 2938 Angelicus
975 2904 1045 2927 ηοη
1063 2892 1111 2928 est
1128 2890 1262 2927 discur-

321 2946 418 2981 stvus
443 2942 487 2977 fic
502 2969 512 2984 ,
541 2953 580 2977 ut
597 2954 640 2978 ex
656 2944 840 2991 principiis
853 2942 896 2976 ad
916 2942 1158 2978 conclusiones
1181 2952 1263 2988 pro·

320 2993 424 3031 cedat
442 2992 596 3036 seorsum
612 3004 807 3038 utrumque
818 2991 1039 3027 considerans
1056 3018 1065 3032 ‚
1095 3003 1134 3026 ut
1151 2993 1184 3026 in
1200 3003 1264 3028 nov

321 3046 378 3080 bis
393 3044 597 3088 contingere
612 3044 817 3089 experimur
834 3054 844 3082 3
870 3037 928 3078 sed
944 3044 977 3078 in
992 3042 1175 3089 principiis
1192 3052 1261 3076 una

321 3096 484 3130 intuetur
497 3093 773 3140 Conclusiones.
806 3093 843 3127 ln
861 3092 1120 3138 appetibilibus
1145 3102 1263 3125 autern

322 3143 414 3180 fines
443 3142 474 3178 se
501 3144 631 3178 habent
655 3143 760 3178 instar
786 3143 1042 3189 principiorum
1067 3167 1077 3181 ‚
1112 3155 1152 3177 ea
1178 3151 1266 3175 veto

321 3193 495 3240 quaesunt
513 3194 555 3228 ad
582 3193 669 3229 fines
698 3193 804 3237 modo
835 3192 1126 3229 conclusionum.
1160 3192 1263 3226 Mens

321 3246 444 3291 itaque
457 3245 632 3287 Ange-lica
651 3255 719 3279 non
740 3243 849 3280 fertur
866 3244 899 3279 in
916 3256 954 3278 ea
970 3254 1049 3292 quae
1064 3241 1142 3277 sunt
1165 3242 1206 3289 ad
1227 3239 1265 3273 st-

321 3306 401 3328 nem
419 3321 428 3334 ‚
456 3293 515 3329 nisi
532 3293 723 3329 secundum
738 3294 837 3340 quod
857 3292 934 3328 sunt
951 3293 1014 3327 sub
1027 3292 1149 3330 ordine
1170 3291 1264 3335 finis,

321 3345 357 3379 ἃ
377 3354 519 3390 propter
539 3344 607 3378 lioc
622 3355 666 3378 ex
684 3355 808 3378 natura
824 3343 883 3379 sua
912 3342 1017 3378 habet
1048 3354 1085 3376 ut
1112 3342 1178 3378 effe
1207 3355 1266 3377 nc·

322 3404 432 3440 queat
448 3395 481 3428 in
498 3393 570 3440 ipsa
587 3391 811 3427 deordinatio
825 3394 918 3428 circa
932 3405 970 3428 ea
986 3419 994 3432 ‚
1021 3405 1101 3430 nuae
1128 3391 1266 3428 suntad

321 3443 429 3480 finem
444 3470 454 3485 ,
482 3443 543 3479 nisi
563 3444 601 3480 sit
615 3442 838 3491 deordinatio
862 3445 954 3479 circa
980 3442 1094 3489 ipsum
1113 3442 1267 3483 finem,

320 3495 421 3541 quod
449 3494 498 3529 est
525 3506 586 3541 per
600 3504 786 3542 peccatum
819 3494 994 3528 troi-tale.
1028 3494 1080 3528 Ex
1108 3505 1183 3540 quo
1215 3490 1268 3532 fit,

322 3555 366 3580 ut
384 3544 518 3590 Angeli
538 3544 645 3579 saneti
663 3555 734 3584 non
753 3553 964 3579 moveantur
980 3545 1013 3578 in
1028 3555 1065 3578 ea
1080 3555 1160 3588 qua:
1185 3542 1266 3577 sunt

328 3593 372 3629 ad
388 3594 493 3630 finem
511 3595 594 3635 ‚nisi
612 3595 645 3628 in
662 3582 786 3629 ordine
799 3593 840 3628 ad
860 3593 962 3629 finem
991 3593 1153 3630 debitum
1173 3620 1180 3633 ‚
1206 3592 1270 3637 qui

326 3643 377 3679 est
395 3647 510 3686 Deus;
525 3645 601 3680 sunt
619 3644 768 3689 proinde
779 3645 898 3679 omnia
912 3657 1035 3680 corum
1050 3655 1157 3692 opera
1172 3643 1272 3678 aetus

324 3693 544 3737 charitatis,
574 3707 613 3730 ac
642 3705 831 3743 propterea
847 3694 915 3730 csse
936 3695 1061 3741 nequit
1089 3705 1275 3742 peccatum

330 3746 473 3780 veniale
490 3747 522 3781 in
544 3749 615 3782 cis.
647 3745 782 3790 Angcli
803 3756 889 3780 vcro
914 3747 996 3780 mali
1022 3746 1056 3779 in
1088 3745 1174 3781 nihil
1200 3756 1276 3780 mo-

323 3806 464 3833 ventur
481 3797 538 3832 nili
557 3799 589 3832 in
603 3795 725 3833 ordine
739 3794 784 3830 ad
811 3794 914 3832 finem
943 3797 1077 3844 peccati
1105 3795 1275 3844 superbiae

944 171 1126 220 Summe
1161 166 1350 234 Joaennis
1380 170 1509 216 Dum·
1552 167 1671 217 Seoti

1333 235 1523 283 ipsorum;
1544 239 1624 273 ideo
1647 239 1681 273 in
1706 234 1877 271 omnibus
1896 241 2045 282 peccant
2073 232 2290 269 mortaliter-

1332 297 1561 335 quaecunque
1586 288 1729 335 propria
1755 286 1943 321 voluntate
1971 294 2081 330 agunt
2109 306 2119 317 .
2159 283 2271 319 Secus

1335 346 1455 372 autem
1466 338 1514 373 est
1529 338 1572 374 de
1587 337 1752 383 appetitu
1767 337 1920 370 naturali
1936 336 2022 371 boni
2035 360 2045 375 ‚
2065 333 2128 379 qui
2139 332 2190 368 est
2207 332 2271 370 in„

1333 387 1410 427 eis3
1439 396 1480 422 ut
1494 387 1628 423 dietum
1647 386 1798 432 fuitp.p.
1814 397 1849 432 q.
1866 386 2007 432 63.art.
2032 395 2060 419 t.
2077 382 2121 423 (φ
2135 392 2170 426 4.

1437 439 1516 473 Nos
1536 444 1608 485 hp·
1624 447 1654 481 q.
1673 435 1732 471 88.
1751 442 1821 469 art.
1851 445 1883 478 ζ.
1910 434 2126 472 ostendimus
2152 432 2272 481 hypo·

1333 484 1458 521 thelim
1474 487 1569 521 illam
1581 484 1648 520 esse
1662 482 1764 519 valde
1779 483 1924 519 dubiam
1940 498 1952 525 ς
1982 494 2150 530 putamus
2175 483 2272 518 enim

1336 535 1551 578 Angelicnm
1569 532 1790 569 intellefftum
1805 532 1871 568 effe
1899 532 2132 569 discurlivum
2161 531 2271 568 instat

1335 583 1571 625 hominis‚ets1
1589 585 1674 618 mira
1689 583 1871 617 celeritate
1891 594 1953 628 pro
1964 594 2097 619 naturae
2109 582 2272 629 praestan.

1334 635 1386 668 tia
1416 634 1544 670 mentis
1568 632 1784 681 perspicacia
1802 632 1836 667 3<
1856 631 2074 668 subtiliffimo
2103 634 2272 669 acumine

1334 694 1379 718 ex
1393 695 1465 718 uno
1477 685 1510 719 in
1522 683 1622 720 aliud
1638 681 1841 719 discurrunt
1852 707 1862 717 .
1876 683 2014 718 Verum
2030 683 2074 719 ab
2099 684 2170 718 hoc
2188 694 2272 731 pro·

1336 732 1488 770 blemate
1502 732 1770 773 abstrahentes,
1785 744 1829 767 ex
1855 732 1925 767 alio
1949 732 2127 779 principio
2155 732 2274 768 decla-

1335 794 1454 821 ramus
1467 784 1632 831 Angelos
1647 785 1771 819 beatos
1784 794 1854 818 non
1870 780 1964 829 poss‘e
1980 784 2164 819 venialiter
2189 795 2272 828 pec-

1333 844 1414 870 care
1430 864 1441 874 .
1469 838 1566 872 Nam
1581 846 1661 869 cum
1693 834 1787 868 clara
1806 832 1874 868 Dei
1891 832 2024 868 visione
2054 831 2087 868 8ae
2117 831 2275 881 perf-26³2

1333 883 1510 927 fruitione
1525 897 1595 921 non
1610 883 1675 919 stat
1688 884 1761 919 ulla
1772 882 2004 920 deordinatio
2024 895 2036 923 ;
2059 893 2131 918 non
2146 894 2275 923 eit-na·

1333 945 1414 971 tura
1427 946 1554 971 creatae
1570 934 1766 970 voluntatis
1797 934 1950 970 valentis
1987 943 2154 980 appetere
2175 945 2276 968 com-

1335 984 1482 1020 modum
1499 1012 1511 1028 ‚
1541 986 1572 1022 8<
1588 996 1658 1022 non
1672 984 1767 1019 reete
1788 994 1955 1032 appetere
1981 983 2005 1030 s
2020 985 2054 1018 in
2085 982 2155 1019 sola
2181 986 2274 1020 enim

1334 1036 1524 1072 voluntate
1540 1048 1622 1080 quae
1634 1034 1682 1071 est
1696 1033 1774 1069 fons
1789 1036 1823 1070 ἃ
1835 1035 1941 1080 origo
1957 1034 2073 1070 omnis
2086 1033 2276 1080 persefiio·

1331 1086 1387 1122 nis
1411 1087 1445 1121 Sc
1470 1086 1642 1123 bonitatis
1668 1086 1844 1121 uniuntur
1868 1084 2061 1122 necess‘ario
2082 1095 2276 1131 appetere,

1331 1137 1366 1171 &
1384 1136 1478 1172 reete
1510 1135 1708 1184 appetere)
1736 1134 1790 1170 sed
1813 1134 1858 1170 de
1886 1135 2016 1171 divinoe
2041 1134 2277 1182 providentiae

1330 1184 1474 1234 speciali
1491 1185 1719 1232 dispositione
1740 1185 1897 1221 nolentis
1929 1185 2031 1222 suum
2060 1184 2276 1221 concursum

1331 1238 1488 1284 praebere
1505 1236 1832 1281 aetuicuicumque
1847 1237 1901 1271 vel
1919 1237 2279 1282 minimaeobliquita.

1330 1288 1389 1321 tis.
1416 1288 1453 1324 Si
1469 1298 1555 1332 ergo
1568 1288 1665 1322 Beati
1682 1285 1744 1321 fibi
1769 1285 2164 1329 dimitterentur‚stante
2191 1298 2279 1322 con-

1330 1336 1435 1372 cursu
1453 1338 1609 1381 generali
1638 1336 1761 1384 prinvae
1784 1336 2040 1384 causae‚quem
2064 1334 2277 1372 concursum

1326 1387 1498 1421 creaturis
1511 1387 1680 1421 omnibus
1692 1385 1878 1432 impendit,
1890 1387 2023 1432 poffent
2035 1387 2198 1429 Angelus
2213 1388 2276 1419 bo·

1328 1447 1397 1471 nus
1426 1462 1437 1477 ,
1475 1437 1662 1481 caeterique
1693 1436 1792 1469 Beati
1816 1435 1851 1469 in
1867 1436 1986 1471 aetum
2000 1433 2279 1481 subjeetnmob-

1328 1487 1610 1534 liquitaticulpae
1633 1485 1802 1526 venialis,
1828 1485 1895 1521 Sed
1915 1486 2053 1521 interim
2081 1497 2197 1520 tamen
2211 1499 2280 1520 ea.»

1334 1537 1433 1572 aftus
1457 1537 1652 1582 obliquitas
1677 1546 1747 1569 non
1762 1545 1988 1580 reputaretur
2009 1535 2181 1575 venialis;
2207 1537 2281 1568 imo

1330 1589 1443 1632 magis
1456 1586 1617 1622 mortalis
1629 1586 1733 1631 culpa
1748 1585 1830 1620 esset
1844 1586 1980 1620 ratione
1993 1586 2160 1633 praecepti
2173 1610 2184 1626 ‚
2204 1595 2282 1628 quo

1332 1637 1604 1681 adstringuntur
1615 1636 1658 1670 de
1673 1634 1806 1681 semper
1822 1635 1995 1671 eliciendo
2019 1634 2138 1671 affium
2168 1635 2283 1669 beati-

1331 1686 1440 1722 ficum
1459 1686 1651 1722 secundum
1669 1698 1746 1721 eam
1775 1685 2028 1733 perfefflionem
2047 1685 2081 1721 8(
2111 1685 2284 1722 ἱηῐεηῐῐον

1331 1750 1439 1778 nem,
1471 1748 1579 1783 quam
1593 1738 1751 1772 tribuere
1779 1736 1828 1771 illi
1849 1736 1987 1780 ¹rosiunt
2014 1737 2208 1781 principia,
2235 1745 2286 1770 ex

1331 1790 1467 1833 quibus
1484 1787 1668 1832 procedit.
1687 1789 1834 1831 Nequk'l
1851 1797 1885 1820 nt
1901 1798 1990 1831 ergo
2001 1786 2042 1821 ad
2057 1787 2122 1822 alia
2138 1783 2286 1831 objeeta

1332 1836 1514 1885 diligenda
1529 1837 1704 1872 declinare
1723 1863 1734 1878 ,
1766 1836 1824 1871 ssu
1839 1836 1903 1871 sint
1920 1837 2081 1881 opposita
2096 1863 2106 1878 ‚
2131 1835 2192 1870 seu
2216 1834 2286 1870 dis.

1331 1900 1450 1935 parata
1466 1912 1477 1927 ‚
1501 1886 1560 1922 nifi
1585 1885 1767 1923 refflffime
1781 1888 2000 1922 volendoilla
2020 1900 2031 1928 ;
2053 1897 2287 1934 quaecunque

1332 1939 1442 1983 igitur
1452 1937 1678 1973 deordinatio
1696 1936 1902 1983 subreperet
1916 1963 1926 1978 ,
1954 1941 2036 1973 esset
2068 1939 2100 1972 in
2116 1937 2167 1973 eis
2179 1938 2287 1979 culpa

1332 1991 1511 2027 mortal³s;
1526 1988 1609 2034 quia
1622 1987 1784 2022 divinum
1803 1987 2036 2032 infringerent
2050 1998 2285 2035 praeceptum,

1331 2051 1408 2085 quo
1422 2040 1632 2082 obligantur
1646 2038 1688 2072 ad
1705 2037 1843 2085 semper
1874 2039 2068 2074 volendum
2083 2065 2093 2080 ‚
2117 2037 2175 2074 seu
2197 2049 2285 2084 ope·

1335 2089 1483 2124 randum
1497 2089 1637 2132 optimo
1653 2088 1762 2123 modo
1778 2114 1788 2129 ‚
1812 2090 1905 2124 unde
1931 2100 1991 2134 per
2012 2101 2127 2124 aevum
2155 2087 2283 2135 sempi-

1331 2150 1473 2173 ternum
1491 2149 1595 2173 crunt
1610 2138 1795 2173 felicissime
1813 2139 1937 2173 Beati.
1967 2140 2077 2175 Nulla
2109 2138 2158 2174 est
2175 2140 2285 2183 igitur

1331 2188 1432 2224 causa
1451 2187 1637 2225 intrinseca
1650 2191 1684 2223 in
1700 2190 1884 2224 voluntate
1898 2188 2081 2224 Michaelis
2096 2201 2189 2224 nunc
2204 2190 2287 2225 bea·

1331 2239 1360 2274 ti
1377 2250 1453 2286 ‚per
1465 2251 1572 2286 quam
1588 2240 1803 2274 excludatur
1818 2241 1976 2286 potentia
1991 2239 2031 2273 ad
2048 2240 2284 2285 peccandum,

1332 2299 1401 2335 pro
1427 2290 1556 2325 aliasin
1572 2288 1669 2324 sensu
1693 2288 1900 2326 diviiionisg
1924 2291 2164 2335 atpotentiam
2191 2290 2284 2327 hanc

1333 2338 1460 2374 reduci
1474 2340 1518 2374 ad
1535 2339 1653 2374 aetum
1668 2350 1737 2374 non
1756 2337 1921 2386 prohibet
1938 2338 2039 2375 causa
2058 2340 2131 2375 ulla
2157 2342 2285 2376 intrin.

1334 2389 1410 2424 seca
1427 2414 1435 2422 .
1452 2389 1520 2425 Sed
1539 2401 1600 2436 per
1612 2389 1751 2425 causam
1764 2384 2000 2425 extrinsecam
2029 2388 2068 2424 fit
2083 2416 2095 2432 ‚
2125 2400 2166 2426 vt
2191 2402 2284 2426 nun-

1333 2451 1444 2485 quam
1463 2440 1502 2475 fit
1519 2441 1552 2474 in
1576 2441 1693 2477 Beatis
1723 2440 1879 2486 potentia
1907 2441 2109 2487 propinqua
2135 2440 2177 2474 ad
2200 2452 2282 2487 pec-

1334 2490 1490 2525 candum
1503 2503 1514 2531 3
1529 2502 1568 2526 ea
1582 2503 1701 2527 autem
1717 2490 1766 2527 est
1784 2492 1848 2527 Dei
1863 2491 2030 2525 voluntas
2044 2492 2284 2538 praeveniensn

1337 2550 1447 2586 atque
1474 2540 1605 2577 faciens
1635 2552 1696 2578 eos
1730 2541 1942 2576 continuare
1967 2540 2086 2577 astum
2111 2541 2282 2583 fruendi,

1336 2590 1457 2638 sicque
1473 2602 1510 2626 ut
1525 2603 1706 2637 nunquam
1731 2592 1765 2627 in
1782 2590 1862 2637 ipfis
1884 2590 1924 2625 stt
1956 2592 2117 2636 potentia
2137 2591 2283 2638 propin-

1336 2648 1408 2687 qui
1423 2641 1464 2676 ad
1479 2643 1700 2688 peccandum
1719 2669 1732 2684 ‚
1754 2642 1924 2687 omnique
1935 2640 2016 2676 netu
2032 2643 2166 2689 peccati
2183 2642 2283 2687 peni-

1333 2702 1394 2726 tus
1424 2702 1592 2733 careant3
1619 2693 1652 2728 8<
1684 2691 1750 2728 hae
1771 2690 1916 2738 quidem
1947 2691 1990 2726 de
2021 2691 2123 2728 causa
2150 2692 2283 2735 Angeli

1335 2742 1461 2780 Sanfili
1475 2753 1657 2788 nequeunt
1673 2754 1821 2792 peccare
1838 2742 2031 2778 venialiter
2045 2768 2058 2784 ,
2086 2741 2186 2790 quod
2205 2751 2281 2778 erat

1334 2791 1588 2827 declarandum
1604 2817 1614 2827 .

1439 2841 1498 2879 Ad
1516 2843 1629 2878 malos
1642 2843 1803 2888 Angelos
1817 2842 1915 2890 quod
1947 2842 2072 2880 attinet
2086 2869 2098 2885 ,
2127 2843 2212 2890 quia
2238 2839 2281 2876 de

1337 2890 1471 2928 malitia
1486 2892 1676 2928 demonum
1691 2894 1759 2929 late
1774 2892 1893 2941 aslum
1911 2893 1978 2930 fuit
1999 2901 2081 2943 up.
2096 2904 2130 2942 q.
2145 2892 2206 2940 63.
2221 2890 2281 2929 hic

1340 2941 1429 2979 nihil
1448 2940 1650 2978 addendum
1668 2969 1678 2979 .
2106 2949 2107 2952 ’

1504 3017 2015 3062 ARTicULUs
2066 3018 2117 3055 V.

1361 3091 1494 3129 Vtrum
1508 3093 1611 3140 primi
1626 3103 1744 3129 motus
1773 3093 2009 3131 sensualitatis
2033 3092 2227 3129 infidelium
2248 3116 2262 3134 ‚

1594 3143 1812 3190 sintpeccata
1842 3145 2026 3180 mortalia-

1443 3242 1517 3277 lrca
1534 3242 1685 3290 praesens
1698 3243 1886 3290 quaefirum
1905 3254 2030 3291 praeter
2059 3241 2153 3277 ἀῑξὶει
2173 3241 2278 3288 supra

1450 3304 1481 3339 q.
1498 3304 1557 3339 74.
1569 3304 1642 3329 are.
1662 3304 1693 3332 z.
1707 3305 1742 3337 4.
1757 3293 1932 3330 &ummo
1947 3293 2030 3331 nibil
2046 3291 2197 3340 superest
2221 3292 2284 3327 ad-

1341 3344 1495 3377 dendum
1513 3344 1626 3378 -Cum
1651 3347 1743 3378 enim
1772 3343 1972 3379 sensualitas
2000 3343 2038 3378 stt
2059 3344 2094 3378 in
2114 3343 2282 3379 omnibus

1341 3393 1548 3429 hominibus
1560 3392 1716 3438 ejusdem
1734 3393 1882 3429 rationis
1898 3420 1908 3435 ‚
1924 3403 2009 3429 tunc
2024 3392 2073 3429 est
2096 3405 2282 3439 peccatum

1342 3444 1377 3478 in
1395 3442 1464 3488 ipsa
1480 3469 1490 3484 ,
1505 3443 1650 3490 qnando
1666 3444 1888 3480 motionibus
1903 3442 1982 3488 ejus
1999 3446 2128 3490 praevia
2142 3444 2282 3479 ratione

1343 3493 1481 3542 accedit
1496 3495 1690 3529 voluntatis
1706 3493 2108 3540 complacentiaeaftus,
2134 3495 2168 3530 8<
2198 3504 2286 3528 con·

1344 3543 1464 3578 sensus
1481 3570 1489 3582 ,
1504 3545 1535 3579 in
1551 3544 1827 3590 quibuscunque
1854 3544 1995 3581 tandem
2026 3543 2284 3579 consideretur.

1349 3597 1435 3631 Naec
1452 3593 1638 3629 infidelitas
1652 3593 1734 3628 facit
1750 3621 1758 3635 ‚
1786 3606 1823 3628 ut
1840 3594 1939 3641 quod
1966 3594 2014 3630 est
2039 3595 2179 3632 veniale
2196 3619 2206 3634 ‚
2230 3594 2287 3629 vel

1356 3644 1473 3679 minus
1487 3657 1594 3691 grave
1619 3645 1652 3679 in
1673 3644 1835 3681 fidelibus
1852 3671 1861 3686 ‚
1891 3647 1924 3681 in
1947 3645 2014 3680 illis
2035 3644 2163 3681 evadat
2195 3654 2290 3683 more

1347 3695 1416 3729 tale
1434 3719 1443 3728 .
1469 3696 1544 3730 lmo
1559 3694 1721 3729 universe
1734 3697 1906 3731 minorem
1921 3696 2135 3739 gravitatem
2165 3690 2290 3740 ptaese-

2311 984 2380 1015 and.
2400 992 2451 1020 23c

2317 2060 2348 2088 4·
2359 2047 2420 2080 dist.
2431 2055 2521 2090 49-9.

2320 2093 2349 2117 6.
2387 2094 2412 2121 ο.
2444 2088 2519 2116 Dico

2319 2138 2404 2168 ergo·

1347 3745 1468 3780 ferunt
1483 3747 1518 3780 in
1534 3744 1734 3781 infidelibus
1746 3756 1890 3792 propter
1907 3746 2144 3791 ignorantiam
2158 3769 2170 3784 ,
2181 3755 2289 3790 quam
2336 3772 2338 3774 .

1344 3796 1434 3835 iniis
1450 3822 1461 3837 ,
1473 3796 1534 3843 qui
1552 3794 1620 3832 fide
1635 3793 1771 3832 Christi
1784 3797 1974 3833 illuminati
1987 3819 2002 3840 ‚
2017 3795 2148 3842 abduci
2165 3792 2287 3850 ,se-per·

2159 3852 2239 3880 mu·
