<?xml version="1.0" encoding="UTF-8"?>
<!DOCTYPE html PUBLIC "-//W3C//DTD XHTML 1.0 Transitional//EN"
    "http://www.w3.org/TR/xhtml1/DTD/xhtml1-transitional.dtd">
<html xmlns="http://www.w3.org/1999/xhtml" xml:lang="en" lang="en">
 <head>
  <title>
</title>
<meta http-equiv="Content-Type" content="text/html;charset=utf-8" />
  <meta name='ocr-system' content='tesseract 3.04.00' />
  <meta name='ocr-capabilities' content='ocr_page ocr_carea ocr_par ocr_line ocrx_word'/>
</head>
<body>
  <div class='ocr_page' id='page_1' title='image "./joannisdunsscoti03duns_0102.png"; bbox 0 0 2643 4043; ppageno 0'>
   <div class='ocr_carea' id='block_1_1' title="bbox 390 218 1330 418">
    <p class='ocr_par' dir='ltr' id='par_1_1' title="bbox 390 218 1330 371">
     <span class='ocr_line' id='line_1_1' title="bbox 391 218 1330 268; baseline -0.001 -11"><span class='ocrx_word' id='word_1_1' title='bbox 391 233 450 257; x_wconf 84' lang='lat' dir='ltr'>tur</span> <span class='ocrx_word' id='word_1_2' title='bbox 474 220 541 255; x_wconf 80' lang='lat' dir='ltr'>effe</span> <span class='ocrx_word' id='word_1_3' title='bbox 564 230 732 267; x_wconf 80' lang='lat' dir='ltr'>oportere</span> <span class='ocrx_word' id='word_1_4' title='bbox 756 218 865 264; x_wconf 76' lang='lat' dir='ltr'>Ipsam</span> <span class='ocrx_word' id='word_1_5' title='bbox 896 220 1058 267; x_wconf 85' lang='lat' dir='ltr'>quietare</span> <span class='ocrx_word' id='word_1_6' title='bbox 1096 223 1330 268; x_wconf 66' lang='lat' dir='ltr'>potentiam-2</span> 
     </span>
     <span class='ocr_line' id='line_1_2' title="bbox 390 268 1330 318; baseline -0.002 -10"><span class='ocrx_word' id='word_1_7' title='bbox 390 282 566 318; x_wconf 86' lang='lat' dir='ltr'>quantum</span> <span class='ocrx_word' id='word_1_8' title='bbox 584 270 631 306; x_wconf 80' lang='lat' dir='ltr'>est</span> <span class='ocrx_word' id='word_1_9' title='bbox 647 281 802 318; x_wconf 66' lang='lat' dir='ltr'>exparte</span> <span class='ocrx_word' id='word_1_10' title='bbox 814 268 974 315; x_wconf 83' lang='lat' dir='ltr'>objecti,</span> <span class='ocrx_word' id='word_1_11' title='bbox 1001 270 1057 306; x_wconf 86' lang='lat' dir='ltr'>sed</span> <span class='ocrx_word' id='word_1_12' title='bbox 1080 282 1256 318; x_wconf 86' lang='lat' dir='ltr'>quantum</span> <span class='ocrx_word' id='word_1_13' title='bbox 1280 270 1330 306; x_wconf 86' lang='lat' dir='ltr'>est</span> 
     </span>
     <span class='ocr_line' id='line_1_3' title="bbox 392 319 1326 371; baseline -0.004 -12"><span class='ocrx_word' id='word_1_14' title='bbox 392 335 436 359; x_wconf 88' lang='lat' dir='ltr'>ex</span> <span class='ocrx_word' id='word_1_15' title='bbox 454 336 475 371; x_wconf 87' lang='lat' dir='ltr'>p</span> <span class='ocrx_word' id='word_1_16' title='bbox 503 333 553 356; x_wconf 70' lang='lat' dir='ltr'>rte</span> <span class='ocrx_word' id='word_1_17' title='bbox 566 323 731 369; x_wconf 66' lang='lat' dir='ltr'>potentiae</span> <span class='ocrx_word' id='word_1_18' title='bbox 742 319 894 366; x_wconf 85' lang='lat' dir='ltr'>objecto</span> <span class='ocrx_word' id='word_1_19' title='bbox 907 333 1052 368; x_wconf 88' lang='lat' dir='ltr'>propter</span> <span class='ocrx_word' id='word_1_20' title='bbox 1064 320 1096 358; x_wconf 78' lang='lat' dir='ltr'>se</span> <span class='ocrx_word' id='word_1_21' title='bbox 1111 321 1326 358; x_wconf 71' lang='lat' dir='ltr'>inhaerenus.</span> 
     </span>
    </p>

    <p class='ocr_par' dir='ltr' id='par_1_2' title="bbox 492 370 1326 418">
     <span class='ocr_line' id='line_1_4' title="bbox 492 370 1326 418; baseline -0.002 -11"><span class='ocrx_word' id='word_1_22' title='bbox 492 370 546 408; x_wconf 59' lang='lat' dir='ltr'>Ex·</span> <span class='ocrx_word' id='word_1_23' title='bbox 560 384 636 418; x_wconf 84' lang='lat' dir='ltr'>quo</span> <span class='ocrx_word' id='word_1_24' title='bbox 650 372 837 417; x_wconf 84' lang='lat' dir='ltr'>sequitur,</span> <span class='ocrx_word' id='word_1_25' title='bbox 865 372 958 406; x_wconf 89' lang='lat' dir='ltr'>ultra</span> <span class='ocrx_word' id='word_1_26' title='bbox 987 373 1209 408; x_wconf 76' lang='lat' dir='ltr'>voluntatem</span> <span class='ocrx_word' id='word_1_27' title='bbox 1232 372 1326 406; x_wconf 88' lang='lat' dir='ltr'>divi-</span> 
     </span>
    </p>
   </div>
   <div class='ocr_carea' id='block_1_2' title="bbox 335 415 1324 468">
    <p class='ocr_par' dir='ltr' id='par_1_3' title="bbox 335 415 1324 468">
     <span class='ocr_line' id='line_1_5' title="bbox 335 415 1324 468; baseline -0.002 -9"><span class='ocrx_word' id='word_1_28' title='bbox 335 415 339 424; x_wconf 40' lang='lat'><em>*</em></span> <span class='ocrx_word' id='word_1_29' title='bbox 391 437 470 460; x_wconf 87' lang='lat' dir='ltr'>nam</span> <span class='ocrx_word' id='word_1_30' title='bbox 489 451 499 464; x_wconf 94' lang='lat'>,</span> <span class='ocrx_word' id='word_1_31' title='bbox 520 435 601 468; x_wconf 79' lang='lat' dir='ltr'>quae</span> <span class='ocrx_word' id='word_1_32' title='bbox 612 422 816 467; x_wconf 71' lang='lat' dir='ltr'>simpliciter</span> <span class='ocrx_word' id='word_1_33' title='bbox 834 423 867 456; x_wconf 73' lang='lat'>8&lt;</span> <span class='ocrx_word' id='word_1_34' title='bbox 897 421 1090 457; x_wconf 83' lang='lat' dir='ltr'>neceffario</span> <span class='ocrx_word' id='word_1_35' title='bbox 1105 448 1118 465; x_wconf 87' lang='lat'>,</span> <span class='ocrx_word' id='word_1_36' title='bbox 1139 423 1171 457; x_wconf 67' lang='grc' dir='ltr'>ἃ</span> <span class='ocrx_word' id='word_1_37' title='bbox 1200 434 1262 468; x_wconf 87' lang='lat' dir='ltr'>per</span> <span class='ocrx_word' id='word_1_38' title='bbox 1290 421 1324 457; x_wconf 92' lang='lat' dir='ltr'>se</span> 
     </span>
    </p>
   </div>
   <div class='ocr_carea' id='block_1_3' title="bbox 150 497 354 682">
    <p class='ocr_par' dir='ltr' id='par_1_4' title="bbox 150 497 354 682">
     <span class='ocr_line' id='line_1_6' title="bbox 153 497 354 528; baseline -0.01 0"><span class='ocrx_word' id='word_1_39' title='bbox 153 497 264 528; x_wconf 57' lang='lat' dir='ltr'>cvi-adm</span> <span class='ocrx_word' id='word_1_40' title='bbox 284 498 354 527; x_wconf 86' lang='lat' dir='ltr'>frui-</span> 
     </span>
     <span class='ocr_line' id='line_1_7' title="bbox 153 536 354 566; baseline -0.01 0"><span class='ocrx_word' id='word_1_41' title='bbox 153 538 237 566; x_wconf 75' lang='lat' dir='ltr'>tionis</span> <span class='ocrx_word' id='word_1_42' title='bbox 256 536 354 566; x_wconf 71' lang='lat' dir='ltr'>diversi</span> 
     </span>
     <span class='ocr_line' id='line_1_8' title="bbox 152 575 351 614; baseline -0.005 -11"><span class='ocrx_word' id='word_1_43' title='bbox 152 584 204 614; x_wconf 81' lang='lat' dir='ltr'>pro</span> <span class='ocrx_word' id='word_1_44' title='bbox 237 575 351 604; x_wconf 70' lang='lat' dir='ltr'>diverfi-</span> 
     </span>
     <span class='ocr_line' id='line_1_9' title="bbox 150 613 351 643; baseline -0.005 -1"><span class='ocrx_word' id='word_1_45' title='bbox 150 623 209 642; x_wconf 84' lang='lat' dir='ltr'>tate</span> <span class='ocrx_word' id='word_1_46' title='bbox 253 613 351 643; x_wconf 81' lang='lat' dir='ltr'>fruen-</span> 
     </span>
     <span class='ocr_line' id='line_1_10' title="bbox 151 654 247 682; baseline 0.021 -2"><span class='ocrx_word' id='word_1_47' title='bbox 151 654 223 680; x_wconf 75' lang='lat' dir='ltr'>tium</span> <span class='ocrx_word' id='word_1_48' title='bbox 235 669 247 682; x_wconf 71' lang='grc' dir='ltr'><strong>ο</strong></span> 
     </span>
    </p>
   </div>
   <div class='ocr_carea' id='block_1_4' title="bbox 145 1238 345 1308">
    <p class='ocr_par' dir='ltr' id='par_1_5' title="bbox 145 1238 345 1308">
     <span class='ocr_line' id='line_1_11' title="bbox 145 1238 345 1278; baseline -0.015 -8"><span class='ocrx_word' id='word_1_49' title='bbox 145 1238 267 1270; x_wconf 67' lang='lat' dir='ltr'>Pet-ran&lt;</span> <span class='ocrx_word' id='word_1_50' title='bbox 280 1247 329 1278; x_wconf 77' lang='lat' dir='ltr'>gra</span> <span class='ocrx_word' id='word_1_51' title='bbox 338 1253 345 1262; x_wconf 91' lang='lat'><strong>·</strong></span> 
     </span>
     <span class='ocr_line' id='line_1_12' title="bbox 145 1279 345 1308; baseline 0 -1"><span class='ocrx_word' id='word_1_52' title='bbox 145 1281 216 1307; x_wconf 85' lang='lat' dir='ltr'>viter</span> <span class='ocrx_word' id='word_1_53' title='bbox 246 1279 345 1308; x_wconf 78' lang='lat' dir='ltr'>fruitur</span> 
     </span>
    </p>
   </div>
   <div class='ocr_carea' id='block_1_5' title="bbox 144 1317 259 1355">
    <p class='ocr_par' dir='ltr' id='par_1_6' title="bbox 144 1317 259 1355">
     <span class='ocr_line' id='line_1_13' title="bbox 144 1317 259 1355; baseline -0.026 -7"><span class='ocrx_word' id='word_1_54' title='bbox 144 1317 259 1355; x_wconf 81' lang='lat' dir='ltr'>seipso.</span> 
     </span>
    </p>
   </div>
   <div class='ocr_carea' id='block_1_6' title="bbox 133 1803 335 1996">
    <p class='ocr_par' dir='ltr' id='par_1_7' title="bbox 133 1803 335 1996">
     <span class='ocr_line' id='line_1_14' title="bbox 172 1803 335 1842; baseline 0.006 -10"><span class='ocrx_word' id='word_1_55' title='bbox 172 1803 335 1842; x_wconf 75' lang='lat' dir='ltr'>Appetitum</span> 
     </span>
     <span class='ocr_line' id='line_1_15' title="bbox 133 1840 319 1872; baseline 0.016 -3"><span class='ocrx_word' id='word_1_56' title='bbox 133 1840 319 1872; x_wconf 60' lang='lat' dir='ltr'>senfiriwurt,</span> 
     </span>
     <span class='ocr_line' id='line_1_16' title="bbox 133 1882 335 1919; baseline 0.015 -12"><span class='ocrx_word' id='word_1_57' title='bbox 133 1883 248 1918; x_wconf 80' lang='lat' dir='ltr'>proprie</span> <span class='ocrx_word' id='word_1_58' title='bbox 262 1882 335 1919; x_wconf 77' lang='lat' dir='ltr'>frui</span> 
     </span>
     <span class='ocr_line' id='line_1_17' title="bbox 133 1919 332 1949; baseline 0.015 -3"><span class='ocrx_word' id='word_1_59' title='bbox 133 1919 170 1946; x_wconf 60' lang='grc' dir='ltr'>ε’(</span> <span class='ocrx_word' id='word_1_60' title='bbox 215 1921 332 1949; x_wconf 85' lang='lat' dir='ltr'>omniuo</span> 
     </span>
     <span class='ocr_line' id='line_1_18' title="bbox 133 1957 334 1996; baseline 0.015 -10"><span class='ocrx_word' id='word_1_61' title='bbox 133 1957 300 1996; x_wconf 67' lang='lat' dir='ltr'>impotssbile</span> <span class='ocrx_word' id='word_1_62' title='bbox 323 1977 334 1988; x_wconf 83' lang='lat'><strong>.</strong></span> 
     </span>
    </p>
   </div>
   <div class='ocr_carea' id='block_1_7' title="bbox 126 2494 332 2649">
    <p class='ocr_par' dir='ltr' id='par_1_8' title="bbox 126 2494 332 2649">
     <span class='ocr_line' id='line_1_19' title="bbox 128 2494 332 2529; baseline 0.01 -7"><span class='ocrx_word' id='word_1_63' title='bbox 128 2494 274 2529; x_wconf 72' lang='lat' dir='ltr'>Appetitui</span> <span class='ocrx_word' id='word_1_64' title='bbox 284 2505 332 2524; x_wconf 77' lang='lat' dir='ltr'>na.</span> 
     </span>
     <span class='ocr_line' id='line_1_20' title="bbox 129 2533 329 2561; baseline 0 0"><span class='ocrx_word' id='word_1_65' title='bbox 129 2534 211 2561; x_wconf 78' lang='lat' dir='ltr'>rurali</span> <span class='ocrx_word' id='word_1_66' title='bbox 234 2533 329 2561; x_wconf 76' lang='lat' dir='ltr'>fruitio</span> 
     </span>
     <span class='ocr_line' id='line_1_21' title="bbox 128 2580 328 2608; baseline 0.01 -10"><span class='ocrx_word' id='word_1_67' title='bbox 128 2580 236 2608; x_wconf 75' lang='lat' dir='ltr'>penitus</span> <span class='ocrx_word' id='word_1_68' title='bbox 286 2581 328 2600; x_wconf 72' lang='lat' dir='ltr'>rc-</span> 
     </span>
     <span class='ocr_line' id='line_1_22' title="bbox 126 2618 255 2649; baseline 0.023 -12"><span class='ocrx_word' id='word_1_69' title='bbox 126 2618 255 2649; x_wconf 78' lang='lat' dir='ltr'>pugnat·</span> 
     </span>
    </p>
   </div>
   <div class='ocr_carea' id='block_1_8' title="bbox 126 3045 332 3192">
    <p class='ocr_par' dir='ltr' id='par_1_9' title="bbox 126 3045 332 3120">
     <span class='ocr_line' id='line_1_23' title="bbox 134 3045 332 3084; baseline 0.02 -11"><span class='ocrx_word' id='word_1_70' title='bbox 134 3045 237 3075; x_wconf 73' lang='lat' dir='ltr'>viator</span> <span class='ocrx_word' id='word_1_71' title='bbox 249 3048 332 3084; x_wconf 69' lang='lat' dir='ltr'>justu!</span> 
     </span>
     <span class='ocr_line' id='line_1_24' title="bbox 126 3085 268 3120; baseline 0 -7"><span class='ocrx_word' id='word_1_72' title='bbox 126 3085 268 3120; x_wconf 73' lang='lat' dir='ltr'>duplicem</span> 
     </span>
    </p>

    <p class='ocr_par' dir='ltr' id='par_1_10' title="bbox 128 3123 330 3192">
     <span class='ocr_line' id='line_1_25' title="bbox 133 3123 330 3153; baseline 0.02 -4"><span class='ocrx_word' id='word_1_73' title='bbox 133 3123 216 3152; x_wconf 65' lang='lat' dir='ltr'>hahet</span> <span class='ocrx_word' id='word_1_74' title='bbox 239 3125 330 3153; x_wconf 51' lang='lat' dir='ltr'>atium</span> 
     </span>
     <span class='ocr_line' id='line_1_26' title="bbox 128 3162 329 3192; baseline 0.03 -6"><span class='ocrx_word' id='word_1_75' title='bbox 128 3162 200 3191; x_wconf 75' lang='lat' dir='ltr'>circa</span> <span class='ocrx_word' id='word_1_76' title='bbox 216 3164 308 3192; x_wconf 84' lang='lat' dir='ltr'>Deum</span> <span class='ocrx_word' id='word_1_77' title='bbox 321 3184 329 3192; x_wconf 88' lang='lat'>.</span> 
     </span>
    </p>
   </div>
   <div class='ocr_carea' id='block_1_9' title="bbox 132 3498 331 3574">
    <p class='ocr_par' dir='ltr' id='par_1_11' title="bbox 132 3498 331 3574">
     <span class='ocr_line' id='line_1_27' title="bbox 132 3498 331 3528; baseline 0.01 -2"><span class='ocrx_word' id='word_1_78' title='bbox 132 3498 175 3525; x_wconf 75' lang='lat' dir='ltr'>Dc</span> <span class='ocrx_word' id='word_1_79' title='bbox 198 3498 331 3528; x_wconf 71' lang='lat' dir='ltr'>fruitione</span> 
     </span>
     <span class='ocr_line' id='line_1_28' title="bbox 137 3545 312 3574; baseline 0.017 -10"><span class='ocrx_word' id='word_1_80' title='bbox 137 3545 290 3574; x_wconf 77' lang='lat' dir='ltr'>peccatoris</span> <span class='ocrx_word' id='word_1_81' title='bbox 303 3557 312 3567; x_wconf 84' lang='grc'><strong>.</strong></span> 
     </span>
    </p>
   </div>
   <div class='ocr_carea' id='block_1_10' title="bbox 362 471 1327 3852">
    <p class='ocr_par' dir='ltr' id='par_1_12' title="bbox 379 471 1327 1115">
     <span class='ocr_line' id='line_1_29' title="bbox 390 471 1326 524; baseline -0.002 -16"><span class='ocrx_word' id='word_1_82' title='bbox 390 478 506 524; x_wconf 83' lang='lat' dir='ltr'>primo</span> <span class='ocrx_word' id='word_1_83' title='bbox 522 475 654 508; x_wconf 65' lang='lat' dir='ltr'>fruitur</span> <span class='ocrx_word' id='word_1_84' title='bbox 668 475 764 508; x_wconf 92' lang='lat' dir='ltr'>bono</span> <span class='ocrx_word' id='word_1_85' title='bbox 779 471 934 507; x_wconf 82' lang='lat' dir='ltr'>infinito:</span> <span class='ocrx_word' id='word_1_86' title='bbox 950 474 982 508; x_wconf 71' lang='lat'>81</span> <span class='ocrx_word' id='word_1_87' title='bbox 999 474 1223 508; x_wconf 84' lang='lat' dir='ltr'>voluntatem</span> <span class='ocrx_word' id='word_1_88' title='bbox 1241 474 1326 507; x_wconf 88' lang='lat' dir='ltr'>bea-</span> 
     </span>
     <span class='ocr_line' id='line_1_30' title="bbox 388 523 1325 569; baseline -0.006 -7"><span class='ocrx_word' id='word_1_89' title='bbox 388 537 504 562; x_wconf 84' lang='lat' dir='ltr'>tarum</span> <span class='ocrx_word' id='word_1_90' title='bbox 520 526 691 559; x_wconf 79' lang='lat' dir='ltr'>mentium</span> <span class='ocrx_word' id='word_1_91' title='bbox 710 523 1104 569; x_wconf 81' lang='lat' dir='ltr'>perfruentemDeitate</span> <span class='ocrx_word' id='word_1_92' title='bbox 1122 523 1325 569; x_wconf 78' lang='lat' dir='ltr'>simplicitet</span> 
     </span>
     <span class='ocr_line' id='line_1_31' title="bbox 387 571 1325 623; baseline -0.003 -13"><span class='ocrx_word' id='word_1_93' title='bbox 387 579 419 614; x_wconf 74' lang='lat'>8&lt;</span> <span class='ocrx_word' id='word_1_94' title='bbox 439 585 638 623; x_wconf 86' lang='lat' dir='ltr'>perpetuo,</span> <span class='ocrx_word' id='word_1_95' title='bbox 664 573 697 608; x_wconf 71' lang='grc' dir='ltr'>ἃ</span> <span class='ocrx_word' id='word_1_96' title='bbox 715 585 775 620; x_wconf 84' lang='lat' dir='ltr'>per</span> <span class='ocrx_word' id='word_1_97' title='bbox 790 572 820 607; x_wconf 86' lang='lat' dir='ltr'>se</span> <span class='ocrx_word' id='word_1_98' title='bbox 838 598 849 614; x_wconf 86' lang='lat'><strong>,</strong></span> <span class='ocrx_word' id='word_1_99' title='bbox 877 571 932 607; x_wconf 89' lang='lat' dir='ltr'>sed</span> <span class='ocrx_word' id='word_1_100' title='bbox 963 585 1032 608; x_wconf 91' lang='lat' dir='ltr'>non</span> <span class='ocrx_word' id='word_1_101' title='bbox 1062 574 1202 619; x_wconf 84' lang='lat' dir='ltr'>primo,</span> <span class='ocrx_word' id='word_1_102' title='bbox 1236 584 1325 618; x_wconf 80' lang='lat' dir='ltr'>proe-</span> 
     </span>
     <span class='ocr_line' id='line_1_32' title="bbox 387 622 1325 670; baseline -0.005 -6"><span class='ocrx_word' id='word_1_103' title='bbox 387 639 481 664; x_wconf 88' lang='lat' dir='ltr'>terea</span> <span class='ocrx_word' id='word_1_104' title='bbox 495 627 717 661; x_wconf 77' lang='lat' dir='ltr'>voluntatem</span> <span class='ocrx_word' id='word_1_105' title='bbox 730 622 818 668; x_wconf 88' lang='lat' dir='ltr'>justi</span> <span class='ocrx_word' id='word_1_106' title='bbox 837 623 987 659; x_wconf 60' lang='lat' dir='ltr'>viatoris</span> <span class='ocrx_word' id='word_1_107' title='bbox 1008 624 1079 659; x_wconf 90' lang='lat' dir='ltr'>frui</span> <span class='ocrx_word' id='word_1_108' title='bbox 1108 622 1325 670; x_wconf 80' lang='lat' dir='ltr'>simpliciter,</span> 
     </span>
     <span class='ocr_line' id='line_1_33' title="bbox 387 673 1322 725; baseline -0.002 -13"><span class='ocrx_word' id='word_1_109' title='bbox 387 679 420 712; x_wconf 79' lang='lat'>&amp;</span> <span class='ocrx_word' id='word_1_110' title='bbox 441 675 547 725; x_wconf 83' lang='lat' dir='ltr'>perse</span> <span class='ocrx_word' id='word_1_111' title='bbox 565 702 577 718; x_wconf 86' lang='lat'>‚</span> <span class='ocrx_word' id='word_1_112' title='bbox 607 675 661 711; x_wconf 84' lang='lat' dir='ltr'>sed</span> <span class='ocrx_word' id='word_1_113' title='bbox 679 673 992 709; x_wconf 87' lang='lat' dir='ltr'>nonimmobiliter</span> <span class='ocrx_word' id='word_1_114' title='bbox 1007 700 1019 716; x_wconf 90' lang='lat'>,</span> <span class='ocrx_word' id='word_1_115' title='bbox 1050 685 1168 720; x_wconf 87' lang='lat' dir='ltr'>neque</span> <span class='ocrx_word' id='word_1_116' title='bbox 1193 675 1322 720; x_wconf 89' lang='lat' dir='ltr'>primo.</span> 
     </span>
     <span class='ocr_line' id='line_1_34' title="bbox 387 722 1327 771; baseline -0.006 -7"><span class='ocrx_word' id='word_1_117' title='bbox 387 727 624 763; x_wconf 82' lang='lat' dir='ltr'>Voluntatem</span> <span class='ocrx_word' id='word_1_118' title='bbox 643 724 823 771; x_wconf 70' lang='lat' dir='ltr'>peccantis</span> <span class='ocrx_word' id='word_1_119' title='bbox 837 724 1035 759; x_wconf 76' lang='lat' dir='ltr'>mortaliter</span> <span class='ocrx_word' id='word_1_120' title='bbox 1066 723 1131 760; x_wconf 85' lang='lat' dir='ltr'>frui</span> <span class='ocrx_word' id='word_1_121' title='bbox 1159 722 1327 770; x_wconf 85' lang='lat' dir='ltr'>fimplici-</span> 
     </span>
     <span class='ocr_line' id='line_1_35' title="bbox 386 774 1324 824; baseline -0.005 -11"><span class='ocrx_word' id='word_1_122' title='bbox 386 790 440 813; x_wconf 89' lang='lat' dir='ltr'>ter</span> <span class='ocrx_word' id='word_1_123' title='bbox 455 804 467 819; x_wconf 90' lang='lat'><em>,</em></span> <span class='ocrx_word' id='word_1_124' title='bbox 488 788 663 824; x_wconf 87' lang='lat' dir='ltr'>quantum</span> <span class='ocrx_word' id='word_1_125' title='bbox 678 774 725 808; x_wconf 82' lang='lat' dir='ltr'>est</span> <span class='ocrx_word' id='word_1_126' title='bbox 741 784 785 807; x_wconf 77' lang='lat' dir='ltr'>ex</span> <span class='ocrx_word' id='word_1_127' title='bbox 799 783 898 816; x_wconf 86' lang='lat' dir='ltr'>parte</span> <span class='ocrx_word' id='word_1_128' title='bbox 916 775 1116 810; x_wconf 74' lang='lat' dir='ltr'>voluntatis</span> <span class='ocrx_word' id='word_1_129' title='bbox 1126 774 1324 819; x_wconf 87' lang='lat' dir='ltr'>quietantis</span> 
     </span>
     <span class='ocr_line' id='line_1_36' title="bbox 385 823 1325 874; baseline -0.002 -12"><span class='ocrx_word' id='word_1_130' title='bbox 385 827 530 874; x_wconf 76' lang='lat' dir='ltr'>seipsam</span> <span class='ocrx_word' id='word_1_131' title='bbox 550 829 751 872; x_wconf 73' lang='lat' dir='ltr'>:quietatur</span> <span class='ocrx_word' id='word_1_132' title='bbox 766 824 858 858; x_wconf 90' lang='lat' dir='ltr'>enim</span> <span class='ocrx_word' id='word_1_133' title='bbox 877 824 912 858; x_wconf 88' lang='lat' dir='ltr'>in</span> <span class='ocrx_word' id='word_1_134' title='bbox 936 823 1083 867; x_wconf 85' lang='lat' dir='ltr'>objecto</span> <span class='ocrx_word' id='word_1_135' title='bbox 1103 850 1113 865; x_wconf 95' lang='lat'>,</span> <span class='ocrx_word' id='word_1_136' title='bbox 1137 824 1237 869; x_wconf 87' lang='lat' dir='ltr'>quod</span> <span class='ocrx_word' id='word_1_137' title='bbox 1263 836 1325 872; x_wconf 88' lang='lat' dir='ltr'>per</span> 
     </span>
     <span class='ocr_line' id='line_1_37' title="bbox 383 872 1326 921; baseline -0.002 -8"><span class='ocrx_word' id='word_1_138' title='bbox 383 878 417 914; x_wconf 87' lang='lat' dir='ltr'>se</span> <span class='ocrx_word' id='word_1_139' title='bbox 428 889 520 913; x_wconf 86' lang='lat' dir='ltr'>amat</span> <span class='ocrx_word' id='word_1_140' title='bbox 537 904 547 920; x_wconf 87' lang='lat'>,</span> <span class='ocrx_word' id='word_1_141' title='bbox 572 875 713 912; x_wconf 85' lang='lat' dir='ltr'>sednon</span> <span class='ocrx_word' id='word_1_142' title='bbox 729 874 933 920; x_wconf 78' lang='lat' dir='ltr'>simpliciter</span> <span class='ocrx_word' id='word_1_143' title='bbox 960 872 1182 920; x_wconf 81' lang='lat' dir='ltr'>conquiescit</span> <span class='ocrx_word' id='word_1_144' title='bbox 1207 887 1326 921; x_wconf 85' lang='lat' dir='ltr'>quan-</span> 
     </span>
     <span class='ocr_line' id='line_1_38' title="bbox 382 922 1323 973; baseline -0.001 -10"><span class='ocrx_word' id='word_1_145' title='bbox 382 940 458 964; x_wconf 88' lang='lat' dir='ltr'>tum</span> <span class='ocrx_word' id='word_1_146' title='bbox 472 928 521 963; x_wconf 83' lang='lat' dir='ltr'>est</span> <span class='ocrx_word' id='word_1_147' title='bbox 537 939 581 963; x_wconf 69' lang='lat' dir='ltr'>ex</span> <span class='ocrx_word' id='word_1_148' title='bbox 597 936 694 973; x_wconf 84' lang='lat' dir='ltr'>parte</span> <span class='ocrx_word' id='word_1_149' title='bbox 707 922 839 970; x_wconf 51' lang='lat' dir='ltr'>objscti</span> <span class='ocrx_word' id='word_1_150' title='bbox 856 922 1133 969; x_wconf 79' lang='lat' dir='ltr'>:necsruiillud</span> <span class='ocrx_word' id='word_1_151' title='bbox 1150 925 1323 971; x_wconf 86' lang='lat' dir='ltr'>postulat,</span> 
     </span>
     <span class='ocr_line' id='line_1_39' title="bbox 381 973 1323 1025; baseline -0.002 -11"><span class='ocrx_word' id='word_1_152' title='bbox 381 978 442 1014; x_wconf 82' lang='lat' dir='ltr'>sed</span> <span class='ocrx_word' id='word_1_153' title='bbox 455 979 540 1025; x_wconf 64' lang='lat' dir='ltr'>quit</span> <span class='ocrx_word' id='word_1_154' title='bbox 552 976 737 1023; x_wconf 87' lang='lat' dir='ltr'>objectum</span> <span class='ocrx_word' id='word_1_155' title='bbox 754 974 892 1011; x_wconf 87' lang='lat' dir='ltr'>nonest</span> <span class='ocrx_word' id='word_1_156' title='bbox 905 974 949 1011; x_wconf 86' lang='lat' dir='ltr'>de</span> <span class='ocrx_word' id='word_1_157' title='bbox 970 973 1003 1009; x_wconf 89' lang='lat' dir='ltr'>se</span> <span class='ocrx_word' id='word_1_158' title='bbox 1028 975 1323 1020; x_wconf 62' lang='lat' dir='ltr'>quietativurm,</span> 
     </span>
     <span class='ocr_line' id='line_1_40' title="bbox 379 1024 1323 1073; baseline -0.002 -9"><span class='ocrx_word' id='word_1_159' title='bbox 379 1029 605 1070; x_wconf 75' lang='lat' dir='ltr'>utipotentia,</span> <span class='ocrx_word' id='word_1_160' title='bbox 617 1037 699 1061; x_wconf 86' lang='lat' dir='ltr'>actu</span> <span class='ocrx_word' id='word_1_161' title='bbox 717 1024 779 1061; x_wconf 88' lang='lat' dir='ltr'>suo</span> <span class='ocrx_word' id='word_1_162' title='bbox 794 1024 827 1060; x_wconf 88' lang='lat' dir='ltr'>se</span> <span class='ocrx_word' id='word_1_163' title='bbox 840 1025 1095 1072; x_wconf 84' lang='lat' dir='ltr'>quietatinillo</span> <span class='ocrx_word' id='word_1_164' title='bbox 1111 1052 1124 1069; x_wconf 92' lang='lat'><em>,</em></span> <span class='ocrx_word' id='word_1_165' title='bbox 1145 1024 1323 1073; x_wconf 86' lang='lat' dir='ltr'>ideotalis</span> 
     </span>
     <span class='ocr_line' id='line_1_41' title="bbox 379 1076 814 1115; baseline -0.007 0"><span class='ocrx_word' id='word_1_166' title='bbox 379 1080 503 1115; x_wconf 81' lang='lat' dir='ltr'>fruitio</span> <span class='ocrx_word' id='word_1_167' title='bbox 516 1078 563 1114; x_wconf 86' lang='lat' dir='ltr'>est</span> <span class='ocrx_word' id='word_1_168' title='bbox 590 1076 790 1113; x_wconf 80' lang='lat' dir='ltr'>inordinata</span> <span class='ocrx_word' id='word_1_169' title='bbox 804 1102 814 1112; x_wconf 91' lang='lat'><strong><em>.</em></strong></span> 
     </span>
    </p>

    <p class='ocr_par' dir='ltr' id='par_1_13' title="bbox 373 1128 1321 1678">
     <span class='ocr_line' id='line_1_42' title="bbox 479 1128 1321 1176; baseline 0 -11"><span class='ocrx_word' id='word_1_170' title='bbox 479 1130 728 1165; x_wconf 80' lang='lat' dir='ltr'>Veruntamen</span> <span class='ocrx_word' id='word_1_171' title='bbox 744 1128 902 1173; x_wconf 84' lang='lat' dir='ltr'>graviter</span> <span class='ocrx_word' id='word_1_172' title='bbox 914 1140 1067 1176; x_wconf 86' lang='lat' dir='ltr'>peccans</span> <span class='ocrx_word' id='word_1_173' title='bbox 1080 1131 1321 1166; x_wconf 85' lang='lat' dir='ltr'>communiter</span> 
     </span>
     <span class='ocr_line' id='line_1_43' title="bbox 380 1175 1320 1227; baseline 0.001 -12"><span class='ocrx_word' id='word_1_174' title='bbox 380 1179 503 1227; x_wconf 82' lang='lat' dir='ltr'>seipso</span> <span class='ocrx_word' id='word_1_175' title='bbox 519 1180 650 1215; x_wconf 80' lang='lat' dir='ltr'>fruitur</span> <span class='ocrx_word' id='word_1_176' title='bbox 665 1205 673 1214; x_wconf 97' lang='lat'>.</span> <span class='ocrx_word' id='word_1_177' title='bbox 693 1175 793 1214; x_wconf 84' lang='lat' dir='ltr'>Nam</span> <span class='ocrx_word' id='word_1_178' title='bbox 813 1178 1001 1224; x_wconf 80' lang='lat' dir='ltr'>objectum</span> <span class='ocrx_word' id='word_1_179' title='bbox 1015 1190 1115 1217; x_wconf 85' lang='lat' dir='ltr'>actus</span> <span class='ocrx_word' id='word_1_180' title='bbox 1134 1179 1186 1217; x_wconf 87' lang='lat' dir='ltr'>sui</span> <span class='ocrx_word' id='word_1_181' title='bbox 1203 1179 1320 1227; x_wconf 87' lang='lat' dir='ltr'>prose·</span> 
     </span>
     <span class='ocr_line' id='line_1_44' title="bbox 377 1230 1321 1280; baseline 0 -13"><span class='ocrx_word' id='word_1_182' title='bbox 377 1235 502 1280; x_wconf 90' lang='lat' dir='ltr'>quitur</span> <span class='ocrx_word' id='word_1_183' title='bbox 526 1242 646 1266; x_wconf 85' lang='lat' dir='ltr'>amore</span> <span class='ocrx_word' id='word_1_184' title='bbox 675 1231 842 1265; x_wconf 85' lang='lat' dir='ltr'>amicit-&#39;ae</span> <span class='ocrx_word' id='word_1_185' title='bbox 873 1242 885 1270; x_wconf 75' lang='grc' dir='ltr'><strong>ς</strong></span> <span class='ocrx_word' id='word_1_186' title='bbox 912 1230 1010 1266; x_wconf 79' lang='lat' dir='ltr'>aliud</span> <span class='ocrx_word' id='word_1_187' title='bbox 1043 1233 1157 1276; x_wconf 87' lang='lat' dir='ltr'>igitur</span> <span class='ocrx_word' id='word_1_188' title='bbox 1191 1232 1321 1277; x_wconf 88' lang='lat' dir='ltr'>diligat</span> 
     </span>
     <span class='ocr_line' id='line_1_45' title="bbox 378 1281 1320 1330; baseline 0 -12"><span class='ocrx_word' id='word_1_189' title='bbox 378 1293 522 1330; x_wconf 85' lang='lat' dir='ltr'>oportet</span> <span class='ocrx_word' id='word_1_190' title='bbox 537 1293 658 1317; x_wconf 86' lang='lat' dir='ltr'>amore</span> <span class='ocrx_word' id='word_1_191' title='bbox 673 1281 868 1316; x_wconf 70' lang='lat' dir='ltr'>amicitie-*2</span> <span class='ocrx_word' id='word_1_192' title='bbox 891 1292 973 1316; x_wconf 87' lang='lat' dir='ltr'>nam</span> <span class='ocrx_word' id='word_1_193' title='bbox 995 1294 1151 1321; x_wconf 86' lang='lat' dir='ltr'>amorem</span> <span class='ocrx_word' id='word_1_194' title='bbox 1173 1294 1320 1318; x_wconf 89' lang='lat' dir='ltr'>omnem</span> 
     </span>
     <span class='ocr_line' id='line_1_46' title="bbox 379 1331 1320 1379; baseline -0.004 -10"><span class='ocrx_word' id='word_1_195' title='bbox 379 1331 677 1379; x_wconf 83' lang='lat' dir='ltr'>concupiscentiae</span> <span class='ocrx_word' id='word_1_196' title='bbox 692 1331 860 1379; x_wconf 80' lang='lat' dir='ltr'>praecedit</span> <span class='ocrx_word' id='word_1_197' title='bbox 878 1343 976 1369; x_wconf 81' lang='lat' dir='ltr'>amor</span> <span class='ocrx_word' id='word_1_198' title='bbox 988 1333 1154 1368; x_wconf 79' lang='lat' dir='ltr'>amicitiae</span> <span class='ocrx_word' id='word_1_199' title='bbox 1177 1358 1190 1371; x_wconf 80' lang='grc'><strong>.</strong></span> <span class='ocrx_word' id='word_1_200' title='bbox 1223 1332 1320 1369; x_wconf 75' lang='lat' dir='ltr'>Illud</span> 
     </span>
     <span class='ocr_line' id='line_1_47' title="bbox 377 1380 1319 1428; baseline 0.001 -8"><span class='ocrx_word' id='word_1_201' title='bbox 377 1396 468 1420; x_wconf 83' lang='lat' dir='ltr'>vero</span> <span class='ocrx_word' id='word_1_202' title='bbox 480 1382 578 1418; x_wconf 82' lang='lat' dir='ltr'>aliud</span> <span class='ocrx_word' id='word_1_203' title='bbox 607 1382 654 1417; x_wconf 83' lang='lat' dir='ltr'>est</span> <span class='ocrx_word' id='word_1_204' title='bbox 672 1380 818 1428; x_wconf 80' lang='lat' dir='ltr'>ipsemet</span> <span class='ocrx_word' id='word_1_205' title='bbox 837 1408 855 1422; x_wconf 27' lang='lat' dir='ltr'>‚t</span> <span class='ocrx_word' id='word_1_206' title='bbox 873 1384 930 1417; x_wconf 89' lang='lat' dir='ltr'>cui</span> <span class='ocrx_word' id='word_1_207' title='bbox 960 1394 996 1417; x_wconf 85' lang='lat' dir='ltr'>ut</span> <span class='ocrx_word' id='word_1_208' title='bbox 1018 1394 1142 1418; x_wconf 86' lang='lat' dir='ltr'>amato</span> <span class='ocrx_word' id='word_1_209' title='bbox 1166 1395 1319 1421; x_wconf 62' lang='lat' dir='ltr'>amore-2</span> 
     </span>
     <span class='ocr_line' id='line_1_48' title="bbox 377 1430 1320 1479; baseline 0.001 -9"><span class='ocrx_word' id='word_1_210' title='bbox 377 1435 546 1470; x_wconf 63' lang='lat' dir='ltr'>amicitiae</span> <span class='ocrx_word' id='word_1_211' title='bbox 573 1431 792 1479; x_wconf 80' lang='lat' dir='ltr'>concupiscit</span> <span class='ocrx_word' id='word_1_212' title='bbox 820 1430 1035 1478; x_wconf 61' lang='lat' dir='ltr'>obj⁴ctum,</span> <span class='ocrx_word' id='word_1_213' title='bbox 1062 1434 1121 1468; x_wconf 85' lang='lat' dir='ltr'>cui</span> <span class='ocrx_word' id='word_1_214' title='bbox 1148 1433 1212 1471; x_wconf 92' lang='lat' dir='ltr'>suo</span> <span class='ocrx_word' id='word_1_215' title='bbox 1233 1446 1320 1471; x_wconf 84' lang='lat' dir='ltr'>actu</span> 
     </span>
     <span class='ocr_line' id='line_1_49' title="bbox 376 1481 1318 1527; baseline -0.008 -7"><span class='ocrx_word' id='word_1_216' title='bbox 376 1486 524 1521; x_wconf 80' lang='lat' dir='ltr'>inhaeret</span> <span class='ocrx_word' id='word_1_217' title='bbox 544 1509 553 1518; x_wconf 92' lang='lat'>.</span> <span class='ocrx_word' id='word_1_218' title='bbox 572 1487 659 1520; x_wconf 79' lang='lat' dir='ltr'>Non</span> <span class='ocrx_word' id='word_1_219' title='bbox 679 1483 812 1518; x_wconf 84' lang='lat' dir='ltr'>fruitur</span> <span class='ocrx_word' id='word_1_220' title='bbox 834 1494 924 1527; x_wconf 86' lang='lat' dir='ltr'>ergo</span> <span class='ocrx_word' id='word_1_221' title='bbox 947 1481 1096 1527; x_wconf 87' lang='lat' dir='ltr'>objecto</span> <span class='ocrx_word' id='word_1_222' title='bbox 1121 1483 1175 1522; x_wconf 80' lang='lat' dir='ltr'>sui</span> <span class='ocrx_word' id='word_1_223' title='bbox 1199 1497 1318 1527; x_wconf 76' lang='lat' dir='ltr'>actus,</span> 
     </span>
     <span class='ocr_line' id='line_1_50' title="bbox 377 1532 1317 1581; baseline -0.001 -12"><span class='ocrx_word' id='word_1_224' title='bbox 377 1549 441 1572; x_wconf 83' lang='lat' dir='ltr'>nee</span> <span class='ocrx_word' id='word_1_225' title='bbox 460 1548 519 1581; x_wconf 78' lang='lat' dir='ltr'>per</span> <span class='ocrx_word' id='word_1_226' title='bbox 531 1532 842 1579; x_wconf 80' lang='lat' dir='ltr'>consequensipso</span> <span class='ocrx_word' id='word_1_227' title='bbox 868 1544 950 1568; x_wconf 87' lang='lat' dir='ltr'>actu</span> <span class='ocrx_word' id='word_1_228' title='bbox 982 1532 1086 1579; x_wconf 88' lang='lat' dir='ltr'>super</span> <span class='ocrx_word' id='word_1_229' title='bbox 1109 1548 1216 1581; x_wconf 82' lang='lat' dir='ltr'>quem</span> <span class='ocrx_word' id='word_1_230' title='bbox 1245 1549 1317 1573; x_wconf 79' lang='lat' dir='ltr'>non</span> 
     </span>
     <span class='ocr_line' id='line_1_51' title="bbox 373 1582 1317 1634; baseline 0.003 -14"><span class='ocrx_word' id='word_1_231' title='bbox 373 1597 516 1633; x_wconf 81' lang='lat' dir='ltr'>oportet</span> <span class='ocrx_word' id='word_1_232' title='bbox 529 1584 646 1631; x_wconf 88' lang='lat' dir='ltr'>ipsum</span> <span class='ocrx_word' id='word_1_233' title='bbox 662 1585 778 1630; x_wconf 89' lang='lat' dir='ltr'>primo</span> <span class='ocrx_word' id='word_1_234' title='bbox 791 1584 927 1619; x_wconf 85' lang='lat' dir='ltr'>reflecti</span> <span class='ocrx_word' id='word_1_235' title='bbox 942 1597 955 1624; x_wconf 83' lang='lat'>3</span> <span class='ocrx_word' id='word_1_236' title='bbox 981 1582 1039 1620; x_wconf 81' lang='lat' dir='ltr'>sed</span> <span class='ocrx_word' id='word_1_237' title='bbox 1052 1583 1184 1623; x_wconf 83' lang='lat' dir='ltr'>fruitur</span> <span class='ocrx_word' id='word_1_238' title='bbox 1210 1587 1244 1623; x_wconf 89' lang='lat' dir='ltr'>se</span> <span class='ocrx_word' id='word_1_239' title='bbox 1264 1587 1317 1634; x_wconf 86' lang='lat' dir='ltr'>ip·</span> 
     </span>
     <span class='ocr_line' id='line_1_52' title="bbox 373 1634 746 1678; baseline -0.005 -8"><span class='ocrx_word' id='word_1_240' title='bbox 373 1636 434 1678; x_wconf 83' lang='lat' dir='ltr'>so,</span> <span class='ocrx_word' id='word_1_241' title='bbox 462 1649 499 1671; x_wconf 87' lang='lat' dir='ltr'>nt</span> <span class='ocrx_word' id='word_1_242' title='bbox 515 1635 651 1669; x_wconf 77' lang='lat' dir='ltr'>dictum</span> <span class='ocrx_word' id='word_1_243' title='bbox 670 1634 718 1669; x_wconf 81' lang='lat' dir='ltr'>est</span> <span class='ocrx_word' id='word_1_244' title='bbox 736 1659 746 1668; x_wconf 94' lang='lat'><strong>.</strong></span> 
     </span>
    </p>

    <p class='ocr_par' dir='ltr' id='par_1_14' title="bbox 364 1683 1317 2945">
     <span class='ocr_line' id='line_1_53' title="bbox 470 1683 1316 1730; baseline 0.004 -11"><span class='ocrx_word' id='word_1_245' title='bbox 470 1688 518 1721; x_wconf 82' lang='lat' dir='ltr'>At</span> <span class='ocrx_word' id='word_1_246' title='bbox 533 1683 709 1730; x_wconf 85' lang='lat' dir='ltr'>appetitui</span> <span class='ocrx_word' id='word_1_247' title='bbox 725 1683 892 1718; x_wconf 84' lang='lat' dir='ltr'>senlitivo</span> <span class='ocrx_word' id='word_1_248' title='bbox 904 1685 978 1719; x_wconf 83' lang='lat' dir='ltr'>haec</span> <span class='ocrx_word' id='word_1_249' title='bbox 989 1696 1190 1730; x_wconf 83' lang='lat' dir='ltr'>congruere</span> <span class='ocrx_word' id='word_1_250' title='bbox 1201 1689 1316 1724; x_wconf 86' lang='lat' dir='ltr'>omni-</span> 
     </span>
     <span class='ocr_line' id='line_1_54' title="bbox 369 1729 1317 1781; baseline 0.003 -10"><span class='ocrx_word' id='word_1_251' title='bbox 369 1748 415 1771; x_wconf 87' lang='lat' dir='ltr'>no</span> <span class='ocrx_word' id='word_1_252' title='bbox 432 1748 501 1770; x_wconf 75' lang='lat' dir='ltr'>non</span> <span class='ocrx_word' id='word_1_253' title='bbox 514 1733 655 1781; x_wconf 63' lang='lat' dir='ltr'>potsunt</span> <span class='ocrx_word' id='word_1_254' title='bbox 674 1759 681 1766; x_wconf 85' lang='lat'><strong>.</strong></span> <span class='ocrx_word' id='word_1_255' title='bbox 710 1729 805 1768; x_wconf 69' lang='lat' dir='ltr'>Nun</span> <span class='ocrx_word' id='word_1_256' title='bbox 823 1732 883 1768; x_wconf 81' lang='lat' dir='ltr'>etsi</span> <span class='ocrx_word' id='word_1_257' title='bbox 910 1735 1114 1780; x_wconf 83' lang='lat' dir='ltr'>aliqualiter</span> <span class='ocrx_word' id='word_1_258' title='bbox 1141 1737 1206 1775; x_wconf 83' lang='lat' dir='ltr'>fibi</span> <span class='ocrx_word' id='word_1_259' title='bbox 1229 1750 1317 1774; x_wconf 92' lang='lat' dir='ltr'>con-</span> 
     </span>
     <span class='ocr_line' id='line_1_55' title="bbox 368 1783 1315 1830; baseline 0 -9"><span class='ocrx_word' id='word_1_260' title='bbox 368 1787 595 1822; x_wconf 77' lang='lat' dir='ltr'>venientibus</span> <span class='ocrx_word' id='word_1_261' title='bbox 612 1783 782 1818; x_wconf 63' lang='lat' dir='ltr'>inhaereat</span> <span class='ocrx_word' id='word_1_262' title='bbox 798 1794 942 1830; x_wconf 86' lang='lat' dir='ltr'>propter</span> <span class='ocrx_word' id='word_1_263' title='bbox 957 1784 1004 1824; x_wconf 89' lang='lat' dir='ltr'>se,</span> <span class='ocrx_word' id='word_1_264' title='bbox 1023 1785 1125 1825; x_wconf 86' lang='lat' dir='ltr'>idest,</span> <span class='ocrx_word' id='word_1_265' title='bbox 1141 1800 1212 1822; x_wconf 89' lang='lat' dir='ltr'>non</span> <span class='ocrx_word' id='word_1_266' title='bbox 1231 1801 1315 1830; x_wconf 88' lang='lat' dir='ltr'>pro-</span> 
     </span>
     <span class='ocr_line' id='line_1_56' title="bbox 367 1832 1314 1885; baseline -0.001 -16"><span class='ocrx_word' id='word_1_267' title='bbox 367 1848 444 1885; x_wconf 77' lang='lat' dir='ltr'>pter</span> <span class='ocrx_word' id='word_1_268' title='bbox 456 1839 608 1872; x_wconf 69' lang='lat' dir='ltr'>alterum</span> <span class='ocrx_word' id='word_1_269' title='bbox 625 1835 790 1878; x_wconf 80' lang='lat' dir='ltr'>negative</span> <span class='ocrx_word' id='word_1_270' title='bbox 806 1859 816 1873; x_wconf 95' lang='lat'>,</span> <span class='ocrx_word' id='word_1_271' title='bbox 838 1834 925 1877; x_wconf 84' lang='lat' dir='ltr'>quia</span> <span class='ocrx_word' id='word_1_272' title='bbox 940 1844 1010 1866; x_wconf 92' lang='lat' dir='ltr'>non</span> <span class='ocrx_word' id='word_1_273' title='bbox 1036 1833 1087 1866; x_wconf 81' lang='lat' dir='ltr'>est</span> <span class='ocrx_word' id='word_1_274' title='bbox 1101 1832 1181 1877; x_wconf 86' lang='lat' dir='ltr'>ejus</span> <span class='ocrx_word' id='word_1_275' title='bbox 1205 1834 1314 1868; x_wconf 79' lang='lat' dir='ltr'>refer·</span> 
     </span>
     <span class='ocr_line' id='line_1_57' title="bbox 369 1881 1313 1928; baseline -0.005 -4"><span class='ocrx_word' id='word_1_276' title='bbox 369 1900 405 1923; x_wconf 90' lang='lat' dir='ltr'>re</span> <span class='ocrx_word' id='word_1_277' title='bbox 427 1888 471 1922; x_wconf 90' lang='lat' dir='ltr'>ad</span> <span class='ocrx_word' id='word_1_278' title='bbox 497 1885 627 1924; x_wconf 84' lang='lat' dir='ltr'>aliud3</span> <span class='ocrx_word' id='word_1_279' title='bbox 660 1895 730 1917; x_wconf 84' lang='lat' dir='ltr'>non</span> <span class='ocrx_word' id='word_1_280' title='bbox 757 1894 873 1917; x_wconf 87' lang='lat' dir='ltr'>tamen</span> <span class='ocrx_word' id='word_1_281' title='bbox 896 1881 1071 1916; x_wconf 80' lang='lat' dir='ltr'>contrarie</span> <span class='ocrx_word' id='word_1_282' title='bbox 1091 1909 1100 1923; x_wconf 90' lang='lat'>‚</span> <span class='ocrx_word' id='word_1_283' title='bbox 1128 1884 1213 1928; x_wconf 86' lang='lat' dir='ltr'>quia</span> <span class='ocrx_word' id='word_1_284' title='bbox 1241 1894 1313 1919; x_wconf 86' lang='lat' dir='ltr'>non</span> 
     </span>
     <span class='ocr_line' id='line_1_58' title="bbox 367 1932 1312 1985; baseline -0.005 -12"><span class='ocrx_word' id='word_1_285' title='bbox 367 1939 592 1985; x_wconf 81' lang='lat' dir='ltr'>appretiatur</span> <span class='ocrx_word' id='word_1_286' title='bbox 602 1932 787 1978; x_wconf 82' lang='lat' dir='ltr'>objectum</span> <span class='ocrx_word' id='word_1_287' title='bbox 807 1943 844 1968; x_wconf 88' lang='lat' dir='ltr'>ut</span> <span class='ocrx_word' id='word_1_288' title='bbox 867 1943 935 1967; x_wconf 89' lang='lat' dir='ltr'>non</span> <span class='ocrx_word' id='word_1_289' title='bbox 950 1932 1126 1968; x_wconf 84' lang='lat' dir='ltr'>referibile</span> <span class='ocrx_word' id='word_1_290' title='bbox 1138 1933 1178 1968; x_wconf 90' lang='lat' dir='ltr'>ad</span> <span class='ocrx_word' id='word_1_291' title='bbox 1194 1933 1312 1974; x_wconf 82' lang='lat' dir='ltr'>aliud3</span> 
     </span>
     <span class='ocr_line' id='line_1_59' title="bbox 366 1982 1312 2033; baseline -0.007 -8"><span class='ocrx_word' id='word_1_292' title='bbox 366 1990 448 2025; x_wconf 86' lang='lat' dir='ltr'>ideo</span> <span class='ocrx_word' id='word_1_293' title='bbox 465 1985 663 2033; x_wconf 83' lang='lat' dir='ltr'>improprie</span> <span class='ocrx_word' id='word_1_294' title='bbox 680 2011 691 2026; x_wconf 85' lang='lat'><strong><em>,</em></strong></span> <span class='ocrx_word' id='word_1_295' title='bbox 710 1995 819 2032; x_wconf 89' lang='lat' dir='ltr'>atque</span> <span class='ocrx_word' id='word_1_296' title='bbox 831 1982 975 2018; x_wconf 77' lang='lat' dir='ltr'>abusive</span> <span class='ocrx_word' id='word_1_297' title='bbox 988 1983 1212 2026; x_wconf 74' lang='lat' dir='ltr'>dicitur-frui</span> <span class='ocrx_word' id='word_1_298' title='bbox 1229 1995 1312 2029; x_wconf 87' lang='lat' dir='ltr'>pro-</span> 
     </span>
     <span class='ocr_line' id='line_1_60' title="bbox 367 2033 1310 2088; baseline -0.005 -14"><span class='ocrx_word' id='word_1_299' title='bbox 367 2051 488 2088; x_wconf 87' lang='lat' dir='ltr'>pterea</span> <span class='ocrx_word' id='word_1_300' title='bbox 505 2037 605 2085; x_wconf 91' lang='lat' dir='ltr'>quod</span> <span class='ocrx_word' id='word_1_301' title='bbox 617 2035 661 2071; x_wconf 85' lang='lat' dir='ltr'>ad</span> <span class='ocrx_word' id='word_1_302' title='bbox 674 2035 772 2071; x_wconf 85' lang='lat' dir='ltr'>aliud</span> <span class='ocrx_word' id='word_1_303' title='bbox 787 2035 845 2070; x_wconf 90' lang='lat' dir='ltr'>cui</span> <span class='ocrx_word' id='word_1_304' title='bbox 868 2033 1044 2075; x_wconf 66' lang='lat' dir='ltr'>adhaeret,</span> <span class='ocrx_word' id='word_1_305' title='bbox 1069 2047 1139 2070; x_wconf 89' lang='lat' dir='ltr'>non</span> <span class='ocrx_word' id='word_1_306' title='bbox 1164 2034 1310 2074; x_wconf 57' lang='lat' dir='ltr'>referam</span> 
     </span>
     <span class='ocr_line' id='line_1_61' title="bbox 367 2084 1312 2131; baseline -0.003 -7"><span class='ocrx_word' id='word_1_307' title='bbox 367 2102 402 2124; x_wconf 82' lang='lat' dir='ltr'>at</span> <span class='ocrx_word' id='word_1_308' title='bbox 415 2102 453 2124; x_wconf 87' lang='lat' dir='ltr'>ut</span> <span class='ocrx_word' id='word_1_309' title='bbox 477 2089 635 2124; x_wconf 85' lang='lat' dir='ltr'>diximus</span> <span class='ocrx_word' id='word_1_310' title='bbox 652 2113 662 2128; x_wconf 89' lang='lat'><strong><em>,</em></strong></span> <span class='ocrx_word' id='word_1_311' title='bbox 690 2084 770 2131; x_wconf 82' lang='lat' dir='ltr'>ejus</span> <span class='ocrx_word' id='word_1_312' title='bbox 787 2097 856 2120; x_wconf 87' lang='lat' dir='ltr'>non</span> <span class='ocrx_word' id='word_1_313' title='bbox 872 2084 920 2120; x_wconf 77' lang='lat' dir='ltr'>est</span> <span class='ocrx_word' id='word_1_314' title='bbox 951 2096 1062 2120; x_wconf 88' lang='lat' dir='ltr'>unum</span> <span class='ocrx_word' id='word_1_315' title='bbox 1077 2086 1119 2120; x_wconf 87' lang='lat' dir='ltr'>ad</span> <span class='ocrx_word' id='word_1_316' title='bbox 1138 2085 1232 2120; x_wconf 85' lang='lat' dir='ltr'>aliud</span> <span class='ocrx_word' id='word_1_317' title='bbox 1257 2097 1312 2122; x_wconf 89' lang='lat' dir='ltr'>re-</span> 
     </span>
     <span class='ocr_line' id='line_1_62' title="bbox 366 2134 1311 2179; baseline -0.004 -4"><span class='ocrx_word' id='word_1_318' title='bbox 366 2139 457 2176; x_wconf 87' lang='lat' dir='ltr'>ferre</span> <span class='ocrx_word' id='word_1_319' title='bbox 479 2167 487 2179; x_wconf 91' lang='lat'>,</span> <span class='ocrx_word' id='word_1_320' title='bbox 508 2141 564 2175; x_wconf 83' lang='lat' dir='ltr'>vel</span> <span class='ocrx_word' id='word_1_321' title='bbox 590 2151 660 2174; x_wconf 91' lang='lat' dir='ltr'>non</span> <span class='ocrx_word' id='word_1_322' title='bbox 689 2136 820 2172; x_wconf 86' lang='lat' dir='ltr'>referre</span> <span class='ocrx_word' id='word_1_323' title='bbox 842 2163 851 2172; x_wconf 89' lang='lat'><strong>.</strong></span> <span class='ocrx_word' id='word_1_324' title='bbox 881 2134 1017 2170; x_wconf 82' lang='lat' dir='ltr'>Deinde</span> <span class='ocrx_word' id='word_1_325' title='bbox 1036 2160 1048 2175; x_wconf 90' lang='lat'>,</span> <span class='ocrx_word' id='word_1_326' title='bbox 1072 2148 1136 2172; x_wconf 88' lang='lat' dir='ltr'>nec</span> <span class='ocrx_word' id='word_1_327' title='bbox 1164 2147 1311 2176; x_wconf 65' lang='lat' dir='ltr'>amore,</span> 
     </span>
     <span class='ocr_line' id='line_1_63' title="bbox 366 2186 1310 2235; baseline -0.001 -10"><span class='ocrx_word' id='word_1_328' title='bbox 366 2190 510 2226; x_wconf 68' lang='lat' dir='ltr'>inltaeret</span> <span class='ocrx_word' id='word_1_329' title='bbox 539 2217 548 2231; x_wconf 92' lang='lat'><strong>‚</strong></span> <span class='ocrx_word' id='word_1_330' title='bbox 587 2191 672 2235; x_wconf 87' lang='lat' dir='ltr'>quia</span> <span class='ocrx_word' id='word_1_331' title='bbox 703 2186 783 2233; x_wconf 85' lang='lat' dir='ltr'>ejus</span> <span class='ocrx_word' id='word_1_332' title='bbox 808 2187 951 2234; x_wconf 77' lang='lat' dir='ltr'>proprie</span> <span class='ocrx_word' id='word_1_333' title='bbox 981 2197 1050 2220; x_wconf 87' lang='lat' dir='ltr'>non</span> <span class='ocrx_word' id='word_1_334' title='bbox 1079 2187 1128 2222; x_wconf 82' lang='lat' dir='ltr'>est</span> <span class='ocrx_word' id='word_1_335' title='bbox 1156 2199 1277 2223; x_wconf 85' lang='lat' dir='ltr'>amare</span> <span class='ocrx_word' id='word_1_336' title='bbox 1300 2214 1310 2224; x_wconf 87' lang='lat'>.</span> 
     </span>
     <span class='ocr_line' id='line_1_64' title="bbox 368 2238 1311 2288; baseline -0.004 -12"><span class='ocrx_word' id='word_1_337' title='bbox 368 2242 539 2288; x_wconf 77' lang='lat' dir='ltr'>Denique</span> <span class='ocrx_word' id='word_1_338' title='bbox 580 2252 641 2275; x_wconf 80' lang='lat' dir='ltr'>nec</span> <span class='ocrx_word' id='word_1_339' title='bbox 678 2238 821 2285; x_wconf 87' lang='lat' dir='ltr'>proprie</span> <span class='ocrx_word' id='word_1_340' title='bbox 862 2239 1005 2272; x_wconf 62' lang='lat' dir='ltr'>inhaeret</span> <span class='ocrx_word' id='word_1_341' title='bbox 1040 2262 1050 2278; x_wconf 90' lang='lat'><em>‚</em></span> <span class='ocrx_word' id='word_1_342' title='bbox 1104 2239 1188 2286; x_wconf 83' lang='lat' dir='ltr'>quia</span> <span class='ocrx_word' id='word_1_343' title='bbox 1237 2250 1311 2275; x_wconf 84' lang='lat' dir='ltr'>non</span> 
     </span>
     <span class='ocr_line' id='line_1_65' title="bbox 370 2285 1309 2339; baseline -0.01 -12"><span class='ocrx_word' id='word_1_344' title='bbox 370 2295 403 2327; x_wconf 82' lang='lat' dir='ltr'>se</span> <span class='ocrx_word' id='word_1_345' title='bbox 418 2294 571 2339; x_wconf 75' lang='lat' dir='ltr'>applicat</span> <span class='ocrx_word' id='word_1_346' title='bbox 593 2289 743 2336; x_wconf 65' lang='lat' dir='ltr'>objecto</span> <span class='ocrx_word' id='word_1_347' title='bbox 765 2315 773 2327; x_wconf 77' lang='lat'>,</span> <span class='ocrx_word' id='word_1_348' title='bbox 801 2286 857 2322; x_wconf 80' lang='lat' dir='ltr'>sed</span> <span class='ocrx_word' id='word_1_349' title='bbox 872 2285 966 2332; x_wconf 84' lang='lat' dir='ltr'>quafi</span> <span class='ocrx_word' id='word_1_350' title='bbox 982 2287 1142 2333; x_wconf 80' lang='lat' dir='ltr'>infigitur</span> <span class='ocrx_word' id='word_1_351' title='bbox 1159 2287 1309 2334; x_wconf 61' lang='lat' dir='ltr'>violije.</span> 
     </span>
     <span class='ocr_line' id='line_1_66' title="bbox 367 2338 1311 2388; baseline -0.002 -11"><span class='ocrx_word' id='word_1_352' title='bbox 367 2344 414 2378; x_wconf 89' lang='lat' dir='ltr'>cti</span> <span class='ocrx_word' id='word_1_353' title='bbox 432 2369 441 2383; x_wconf 87' lang='lat'>‚</span> <span class='ocrx_word' id='word_1_354' title='bbox 476 2354 581 2388; x_wconf 70' lang='lat' dir='ltr'>aquo</span> <span class='ocrx_word' id='word_1_355' title='bbox 605 2341 751 2375; x_wconf 80' lang='lat' dir='ltr'>ducitur</span> <span class='ocrx_word' id='word_1_356' title='bbox 778 2339 811 2374; x_wconf 71' lang='grc' dir='ltr'>ἃ</span> <span class='ocrx_word' id='word_1_357' title='bbox 842 2338 1024 2375; x_wconf 49' lang='lat' dir='ltr'>trahitur.</span> <span class='ocrx_word' id='word_1_358' title='bbox 1055 2342 1139 2387; x_wconf 88' lang='lat' dir='ltr'>Qua</span> <span class='ocrx_word' id='word_1_359' title='bbox 1167 2350 1311 2386; x_wconf 89' lang='lat' dir='ltr'>propter</span> 
     </span>
     <span class='ocr_line' id='line_1_67' title="bbox 368 2388 1313 2435; baseline -0.004 -7"><span class='ocrx_word' id='word_1_360' title='bbox 368 2395 484 2428; x_wconf 78' lang='lat' dir='ltr'>multo</span> <span class='ocrx_word' id='word_1_361' title='bbox 501 2390 617 2427; x_wconf 80' lang='lat' dir='ltr'>minus</span> <span class='ocrx_word' id='word_1_362' title='bbox 633 2401 757 2425; x_wconf 80' lang='lat' dir='ltr'>caetera</span> <span class='ocrx_word' id='word_1_363' title='bbox 772 2393 864 2423; x_wconf 83' lang='lat' dir='ltr'>entia</span> <span class='ocrx_word' id='word_1_364' title='bbox 880 2415 889 2429; x_wconf 90' lang='lat'>‚</span> <span class='ocrx_word' id='word_1_365' title='bbox 909 2400 947 2434; x_wconf 56' lang='lat' dir='ltr'>qt</span> <span class='ocrx_word' id='word_1_366' title='bbox 964 2392 1163 2435; x_wconf 79' lang='lat' dir='ltr'>aeappetitu</span> <span class='ocrx_word' id='word_1_367' title='bbox 1180 2388 1313 2430; x_wconf 77' lang='lat' dir='ltr'>sensui,</span> 
     </span>
     <span class='ocr_line' id='line_1_68' title="bbox 365 2439 1312 2487; baseline -0.006 -10"><span class='ocrx_word' id='word_1_368' title='bbox 365 2443 666 2477; x_wconf 71' lang='lat' dir='ltr'>votlessituuntur</span> <span class='ocrx_word' id='word_1_369' title='bbox 679 2444 710 2476; x_wconf 75' lang='lat' dir='ltr'>S&lt;</span> <span class='ocrx_word' id='word_1_370' title='bbox 730 2441 937 2484; x_wconf 77' lang='lat' dir='ltr'>cognitione</span> <span class='ocrx_word' id='word_1_371' title='bbox 953 2439 1138 2475; x_wconf 68' lang='lat' dir='ltr'>necessaria</span> <span class='ocrx_word' id='word_1_372' title='bbox 1151 2441 1191 2473; x_wconf 80' lang='lat' dir='ltr'>ad</span> <span class='ocrx_word' id='word_1_373' title='bbox 1206 2452 1312 2487; x_wconf 70' lang='lat' dir='ltr'>appe-</span> 
     </span>
     <span class='ocr_line' id='line_1_69' title="bbox 366 2490 1310 2536; baseline -0.004 -8"><span class='ocrx_word' id='word_1_374' title='bbox 366 2493 511 2528; x_wconf 72' lang='lat' dir='ltr'>tendum</span> <span class='ocrx_word' id='word_1_375' title='bbox 527 2519 536 2533; x_wconf 92' lang='lat'>,</span> <span class='ocrx_word' id='word_1_376' title='bbox 561 2493 709 2527; x_wconf 79' lang='lat' dir='ltr'>dicenda</span> <span class='ocrx_word' id='word_1_377' title='bbox 728 2490 804 2524; x_wconf 85' lang='lat' dir='ltr'>sunt</span> <span class='ocrx_word' id='word_1_378' title='bbox 838 2490 906 2525; x_wconf 75' lang='lat' dir='ltr'>frui</span> <span class='ocrx_word' id='word_1_379' title='bbox 922 2501 956 2524; x_wconf 81' lang='lat' dir='ltr'>re</span> <span class='ocrx_word' id='word_1_380' title='bbox 969 2491 1085 2536; x_wconf 81' lang='lat' dir='ltr'>aliqua</span> <span class='ocrx_word' id='word_1_381' title='bbox 1104 2516 1113 2531; x_wconf 91' lang='lat'>‚</span> <span class='ocrx_word' id='word_1_382' title='bbox 1135 2502 1177 2525; x_wconf 88' lang='lat' dir='ltr'>ne</span> <span class='ocrx_word' id='word_1_383' title='bbox 1195 2490 1310 2525; x_wconf 75' lang='lat' dir='ltr'>abusi-</span> 
     </span>
     <span class='ocr_line' id='line_1_70' title="bbox 366 2538 1308 2588; baseline -0.002 -10"><span class='ocrx_word' id='word_1_384' title='bbox 366 2557 409 2578; x_wconf 66' lang='lat' dir='ltr'>ve</span> <span class='ocrx_word' id='word_1_385' title='bbox 436 2543 582 2587; x_wconf 77' lang='lat' dir='ltr'>quidem</span> <span class='ocrx_word' id='word_1_386' title='bbox 608 2543 656 2577; x_wconf 88' lang='lat' dir='ltr'>ob</span> <span class='ocrx_word' id='word_1_387' title='bbox 683 2543 882 2576; x_wconf 76' lang='lat' dir='ltr'>naturalem</span> <span class='ocrx_word' id='word_1_388' title='bbox 911 2538 1067 2585; x_wconf 87' lang='lat' dir='ltr'>ipsorum</span> <span class='ocrx_word' id='word_1_389' title='bbox 1095 2542 1308 2588; x_wconf 83' lang='lat' dir='ltr'>appetitum.</span> 
     </span>
     <span class='ocr_line' id='line_1_71' title="bbox 365 2589 1309 2639; baseline -0.001 -10"><span class='ocrx_word' id='word_1_390' title='bbox 365 2597 400 2632; x_wconf 88' lang='lat' dir='ltr'>Si</span> <span class='ocrx_word' id='word_1_391' title='bbox 417 2594 511 2629; x_wconf 85' lang='lat' dir='ltr'>enim</span> <span class='ocrx_word' id='word_1_392' title='bbox 528 2602 627 2627; x_wconf 85' lang='lat' dir='ltr'>actus</span> <span class='ocrx_word' id='word_1_393' title='bbox 643 2591 781 2628; x_wconf 87' lang='lat' dir='ltr'>fruendi</span> <span class='ocrx_word' id='word_1_394' title='bbox 798 2604 869 2627; x_wconf 89' lang='lat' dir='ltr'>non</span> <span class='ocrx_word' id='word_1_395' title='bbox 883 2592 1049 2636; x_wconf 86' lang='lat' dir='ltr'>congruit</span> <span class='ocrx_word' id='word_1_396' title='bbox 1063 2589 1234 2628; x_wconf 74' lang='lat' dir='ltr'>sentitivae</span> <span class='ocrx_word' id='word_1_397' title='bbox 1247 2604 1309 2639; x_wconf 86' lang='lat' dir='ltr'>ap-</span> 
     </span>
     <span class='ocr_line' id='line_1_72' title="bbox 364 2643 1309 2693; baseline 0 -15"><span class='ocrx_word' id='word_1_398' title='bbox 364 2645 524 2693; x_wconf 67' lang='lat' dir='ltr'>petitivae</span> <span class='ocrx_word' id='word_1_399' title='bbox 544 2670 552 2683; x_wconf 95' lang='lat'>,</span> <span class='ocrx_word' id='word_1_400' title='bbox 579 2655 659 2689; x_wconf 85' lang='lat' dir='ltr'>qua:</span> <span class='ocrx_word' id='word_1_401' title='bbox 678 2644 789 2689; x_wconf 84' lang='lat' dir='ltr'>magis</span> <span class='ocrx_word' id='word_1_402' title='bbox 809 2646 977 2677; x_wconf 86' lang='lat' dir='ltr'>convenit</span> <span class='ocrx_word' id='word_1_403' title='bbox 991 2654 1076 2677; x_wconf 91' lang='lat' dir='ltr'>cum</span> <span class='ocrx_word' id='word_1_404' title='bbox 1104 2643 1309 2689; x_wconf 74' lang='lat' dir='ltr'>voluntate,</span> 
     </span>
     <span class='ocr_line' id='line_1_73' title="bbox 365 2691 1307 2742; baseline -0.002 -11"><span class='ocrx_word' id='word_1_405' title='bbox 365 2696 424 2731; x_wconf 86' lang='lat' dir='ltr'>cui</span> <span class='ocrx_word' id='word_1_406' title='bbox 441 2694 624 2742; x_wconf 86' lang='lat' dir='ltr'>proprium</span> <span class='ocrx_word' id='word_1_407' title='bbox 648 2693 697 2729; x_wconf 87' lang='lat' dir='ltr'>est</span> <span class='ocrx_word' id='word_1_408' title='bbox 723 2693 816 2735; x_wconf 88' lang='lat' dir='ltr'>frui,</span> <span class='ocrx_word' id='word_1_409' title='bbox 841 2691 1207 2738; x_wconf 82' lang='lat' dir='ltr'>eiquecorrespondet</span> <span class='ocrx_word' id='word_1_410' title='bbox 1234 2706 1307 2741; x_wconf 86' lang='lat' dir='ltr'>pro.</span> 
     </span>
     <span class='ocr_line' id='line_1_74' title="bbox 364 2742 1312 2795; baseline 0 -15"><span class='ocrx_word' id='word_1_411' title='bbox 364 2748 440 2795; x_wconf 83' lang='lat' dir='ltr'>pria</span> <span class='ocrx_word' id='word_1_412' title='bbox 459 2744 638 2789; x_wconf 74' lang='lat' dir='ltr'>cognitiva</span> <span class='ocrx_word' id='word_1_413' title='bbox 657 2771 666 2785; x_wconf 92' lang='lat'>,</span> <span class='ocrx_word' id='word_1_414' title='bbox 695 2755 733 2779; x_wconf 92' lang='lat' dir='ltr'>ut</span> <span class='ocrx_word' id='word_1_415' title='bbox 751 2743 955 2780; x_wconf 63' lang='lat' dir='ltr'>intellcftus</span> <span class='ocrx_word' id='word_1_416' title='bbox 970 2743 1194 2790; x_wconf 80' lang='lat' dir='ltr'>praeostendit</span> <span class='ocrx_word' id='word_1_417' title='bbox 1209 2742 1312 2791; x_wconf 82' lang='lat' dir='ltr'>obje.</span> 
     </span>
     <span class='ocr_line' id='line_1_75' title="bbox 364 2795 1309 2842; baseline 0.002 -12"><span class='ocrx_word' id='word_1_418' title='bbox 364 2799 419 2833; x_wconf 66' lang='lat' dir='ltr'>&amp;a</span> <span class='ocrx_word' id='word_1_419' title='bbox 434 2806 588 2842; x_wconf 83' lang='lat' dir='ltr'>quaeque</span> <span class='ocrx_word' id='word_1_420' title='bbox 602 2795 805 2835; x_wconf 85' lang='lat' dir='ltr'>voluntati,</span> <span class='ocrx_word' id='word_1_421' title='bbox 823 2796 916 2830; x_wconf 89' lang='lat' dir='ltr'>nulla</span> <span class='ocrx_word' id='word_1_422' title='bbox 933 2796 1069 2830; x_wconf 87' lang='lat' dir='ltr'>ratione</span> <span class='ocrx_word' id='word_1_423' title='bbox 1082 2797 1230 2831; x_wconf 78' lang='lat' dir='ltr'>attribui</span> <span class='ocrx_word' id='word_1_424' title='bbox 1245 2809 1309 2842; x_wconf 89' lang='lat' dir='ltr'>po·</span> 
     </span>
     <span class='ocr_line' id='line_1_76' title="bbox 364 2845 1310 2892; baseline -0.001 -9"><span class='ocrx_word' id='word_1_425' title='bbox 364 2846 429 2883; x_wconf 88' lang='lat' dir='ltr'>test</span> <span class='ocrx_word' id='word_1_426' title='bbox 447 2845 601 2880; x_wconf 80' lang='lat' dir='ltr'>naturali</span> <span class='ocrx_word' id='word_1_427' title='bbox 621 2845 797 2892; x_wconf 85' lang='lat' dir='ltr'>appetitui</span> <span class='ocrx_word' id='word_1_428' title='bbox 818 2847 906 2880; x_wconf 86' lang='lat' dir='ltr'>ratio</span> <span class='ocrx_word' id='word_1_429' title='bbox 933 2845 1117 2880; x_wconf 85' lang='lat' dir='ltr'>fruitionis</span> <span class='ocrx_word' id='word_1_430' title='bbox 1132 2871 1144 2887; x_wconf 79' lang='lat'>‚</span> <span class='ocrx_word' id='word_1_431' title='bbox 1170 2847 1225 2881; x_wconf 80' lang='lat' dir='ltr'>vel</span> <span class='ocrx_word' id='word_1_432' title='bbox 1243 2848 1310 2882; x_wconf 90' lang='lat' dir='ltr'>im·</span> 
     </span>
     <span class='ocr_line' id='line_1_77' title="bbox 364 2895 1282 2945; baseline 0 -14"><span class='ocrx_word' id='word_1_433' title='bbox 364 2898 504 2945; x_wconf 82' lang='lat' dir='ltr'>proprie</span> <span class='ocrx_word' id='word_1_434' title='bbox 517 2907 591 2941; x_wconf 87' lang='lat' dir='ltr'>quo</span> <span class='ocrx_word' id='word_1_435' title='bbox 604 2895 708 2943; x_wconf 60' lang='lat' dir='ltr'>pasto</span> <span class='ocrx_word' id='word_1_436' title='bbox 722 2896 889 2939; x_wconf 81' lang='lat' dir='ltr'>congruit</span> <span class='ocrx_word' id='word_1_437' title='bbox 903 2896 1077 2943; x_wconf 87' lang='lat' dir='ltr'>appetitui</span> <span class='ocrx_word' id='word_1_438' title='bbox 1093 2896 1259 2932; x_wconf 74' lang='lat' dir='ltr'>sensitivo</span> <span class='ocrx_word' id='word_1_439' title='bbox 1272 2925 1282 2934; x_wconf 89' lang='lat'>.</span> 
     </span>
    </p>

    <p class='ocr_par' dir='ltr' id='par_1_15' title="bbox 362 2945 1310 3346">
     <span class='ocr_line' id='line_1_78' title="bbox 465 2945 1309 2992; baseline 0 -11"><span class='ocrx_word' id='word_1_440' title='bbox 465 2947 523 2981; x_wconf 71' lang='lat' dir='ltr'>Aa</span> <span class='ocrx_word' id='word_1_441' title='bbox 538 2957 748 2990; x_wconf 79' lang='lat' dir='ltr'>argumenta</span> <span class='ocrx_word' id='word_1_442' title='bbox 766 2972 775 2980; x_wconf 79' lang='grc'>.</span> <span class='ocrx_word' id='word_1_443' title='bbox 801 2945 858 2982; x_wconf 84' lang='lat' dir='ltr'>Ad</span> <span class='ocrx_word' id='word_1_444' title='bbox 872 2947 1025 2992; x_wconf 87' lang='lat' dir='ltr'>primum</span> <span class='ocrx_word' id='word_1_445' title='bbox 1044 2945 1217 2990; x_wconf 68' lang='lat' dir='ltr'>dicimus,</span> <span class='ocrx_word' id='word_1_446' title='bbox 1234 2950 1309 2984; x_wconf 77' lang='lat' dir='ltr'>via·</span> 
     </span>
     <span class='ocr_line' id='line_1_79' title="bbox 362 2995 1308 3043; baseline 0.003 -12"><span class='ocrx_word' id='word_1_447' title='bbox 362 3007 460 3032; x_wconf 86' lang='lat' dir='ltr'>tores</span> <span class='ocrx_word' id='word_1_448' title='bbox 473 2995 588 3042; x_wconf 83' lang='lat' dir='ltr'>justos</span> <span class='ocrx_word' id='word_1_449' title='bbox 605 2996 738 3032; x_wconf 81' lang='lat' dir='ltr'>habere</span> <span class='ocrx_word' id='word_1_450' title='bbox 761 2995 906 3043; x_wconf 85' lang='lat' dir='ltr'>quidem</span> <span class='ocrx_word' id='word_1_451' title='bbox 923 2995 1040 3030; x_wconf 52' lang='lat' dir='ltr'>atium</span> <span class='ocrx_word' id='word_1_452' title='bbox 1058 2996 1219 3033; x_wconf 72' lang='lat' dir='ltr'>desiderii</span> <span class='ocrx_word' id='word_1_453' title='bbox 1255 3012 1308 3035; x_wconf 88' lang='lat' dir='ltr'>re-</span> 
     </span>
     <span class='ocr_line' id='line_1_80' title="bbox 366 3045 1310 3094; baseline 0.003 -15"><span class='ocrx_word' id='word_1_454' title='bbox 366 3045 486 3094; x_wconf 65' lang='lat' dir='ltr'>spefiu</span> <span class='ocrx_word' id='word_1_455' title='bbox 502 3048 585 3082; x_wconf 88' lang='lat' dir='ltr'>boni</span> <span class='ocrx_word' id='word_1_456' title='bbox 602 3058 672 3081; x_wconf 91' lang='lat' dir='ltr'>non</span> <span class='ocrx_word' id='word_1_457' title='bbox 690 3047 800 3081; x_wconf 82' lang='lat' dir='ltr'>habiti</span> <span class='ocrx_word' id='word_1_458' title='bbox 819 3072 828 3086; x_wconf 89' lang='lat'><em>,</em></span> <span class='ocrx_word' id='word_1_459' title='bbox 842 3057 999 3093; x_wconf 85' lang='lat' dir='ltr'>eumque</span> <span class='ocrx_word' id='word_1_460' title='bbox 1013 3047 1134 3081; x_wconf 64' lang='lat' dir='ltr'>aetum</span> <span class='ocrx_word' id='word_1_461' title='bbox 1148 3048 1214 3082; x_wconf 76' lang='lat' dir='ltr'>else</span> <span class='ocrx_word' id='word_1_462' title='bbox 1226 3060 1310 3083; x_wconf 85' lang='lat' dir='ltr'>con-</span> 
     </span>
     <span class='ocr_line' id='line_1_81' title="bbox 367 3097 1308 3144; baseline 0.004 -13"><span class='ocrx_word' id='word_1_463' title='bbox 367 3098 616 3144; x_wconf 78' lang='lat' dir='ltr'>cupisccmioe.</span> <span class='ocrx_word' id='word_1_464' title='bbox 635 3098 704 3134; x_wconf 81' lang='lat' dir='ltr'>Sed</span> <span class='ocrx_word' id='word_1_465' title='bbox 717 3108 885 3143; x_wconf 82' lang='lat' dir='ltr'>praeterea</span> <span class='ocrx_word' id='word_1_466' title='bbox 899 3098 932 3132; x_wconf 90' lang='lat' dir='ltr'>in</span> <span class='ocrx_word' id='word_1_467' title='bbox 947 3098 1055 3131; x_wconf 87' lang='lat' dir='ltr'>alium</span> <span class='ocrx_word' id='word_1_468' title='bbox 1069 3097 1186 3132; x_wconf 64' lang='lat' dir='ltr'>aftum</span> <span class='ocrx_word' id='word_1_469' title='bbox 1201 3099 1308 3142; x_wconf 63' lang='lat' dir='ltr'>pofl‘e,</span> 
     </span>
     <span class='ocr_line' id='line_1_82' title="bbox 367 3145 1308 3195; baseline 0.003 -14"><span class='ocrx_word' id='word_1_470' title='bbox 367 3150 430 3192; x_wconf 85' lang='lat' dir='ltr'>qui</span> <span class='ocrx_word' id='word_1_471' title='bbox 448 3147 496 3183; x_wconf 86' lang='lat' dir='ltr'>cst</span> <span class='ocrx_word' id='word_1_472' title='bbox 510 3160 609 3183; x_wconf 81' lang='lat' dir='ltr'>amor</span> <span class='ocrx_word' id='word_1_473' title='bbox 623 3148 789 3184; x_wconf 84' lang='lat' dir='ltr'>amicitiae</span> <span class='ocrx_word' id='word_1_474' title='bbox 809 3174 818 3189; x_wconf 93' lang='lat'><em>,</em></span> <span class='ocrx_word' id='word_1_475' title='bbox 850 3158 925 3194; x_wconf 90' lang='lat' dir='ltr'>quo</span> <span class='ocrx_word' id='word_1_476' title='bbox 942 3147 1024 3182; x_wconf 69' lang='lat' dir='ltr'>achi</span> <span class='ocrx_word' id='word_1_477' title='bbox 1042 3145 1126 3192; x_wconf 83' lang='lat' dir='ltr'>justi</span> <span class='ocrx_word' id='word_1_478' title='bbox 1153 3148 1308 3195; x_wconf 78' lang='lat' dir='ltr'>diligunt</span> 
     </span>
     <span class='ocr_line' id='line_1_83' title="bbox 364 3197 1305 3246; baseline 0 -11"><span class='ocrx_word' id='word_1_479' title='bbox 364 3198 485 3235; x_wconf 68' lang='lat' dir='ltr'>Deum</span> <span class='ocrx_word' id='word_1_480' title='bbox 517 3200 551 3233; x_wconf 90' lang='lat' dir='ltr'>in</span> <span class='ocrx_word' id='word_1_481' title='bbox 565 3198 596 3234; x_wconf 90' lang='lat' dir='ltr'>se</span> <span class='ocrx_word' id='word_1_482' title='bbox 623 3210 767 3246; x_wconf 88' lang='lat' dir='ltr'>propter</span> <span class='ocrx_word' id='word_1_483' title='bbox 785 3197 959 3246; x_wconf 82' lang='lat' dir='ltr'>seipsum:</span> <span class='ocrx_word' id='word_1_484' title='bbox 988 3197 1015 3232; x_wconf 91' lang='lat' dir='ltr'>is</span> <span class='ocrx_word' id='word_1_485' title='bbox 1034 3209 1121 3239; x_wconf 72' lang='lat' dir='ltr'>ergo</span> <span class='ocrx_word' id='word_1_486' title='bbox 1144 3201 1305 3238; x_wconf 83' lang='lat' dir='ltr'>amicitia:</span> 
     </span>
     <span class='ocr_line' id='line_1_84' title="bbox 365 3248 1306 3294; baseline 0.003 -11"><span class='ocrx_word' id='word_1_487' title='bbox 365 3248 467 3284; x_wconf 67' lang='lat' dir='ltr'>aelus</span> <span class='ocrx_word' id='word_1_488' title='bbox 485 3249 607 3283; x_wconf 85' lang='lat' dir='ltr'>fruitio</span> <span class='ocrx_word' id='word_1_489' title='bbox 620 3248 668 3283; x_wconf 84' lang='lat' dir='ltr'>est</span> <span class='ocrx_word' id='word_1_490' title='bbox 687 3276 696 3290; x_wconf 88' lang='lat'><em>,</em></span> <span class='ocrx_word' id='word_1_491' title='bbox 718 3249 759 3284; x_wconf 90' lang='lat' dir='ltr'>de</span> <span class='ocrx_word' id='word_1_492' title='bbox 787 3261 859 3294; x_wconf 85' lang='lat' dir='ltr'>qua</span> <span class='ocrx_word' id='word_1_493' title='bbox 875 3249 1038 3294; x_wconf 88' lang='lat' dir='ltr'>loquitur</span> <span class='ocrx_word' id='word_1_494' title='bbox 1051 3249 1210 3294; x_wconf 81' lang='lat' dir='ltr'>solutio,</span> <span class='ocrx_word' id='word_1_495' title='bbox 1235 3264 1306 3289; x_wconf 86' lang='lat' dir='ltr'>non</span> 
     </span>
     <span class='ocr_line' id='line_1_85' title="bbox 364 3298 1260 3346; baseline 0.002 -12"><span class='ocrx_word' id='word_1_496' title='bbox 364 3310 484 3334; x_wconf 83' lang='lat' dir='ltr'>autem</span> <span class='ocrx_word' id='word_1_497' title='bbox 504 3299 559 3333; x_wconf 83' lang='lat' dir='ltr'>ille</span> <span class='ocrx_word' id='word_1_498' title='bbox 572 3298 731 3335; x_wconf 75' lang='lat' dir='ltr'>desiderii</span> <span class='ocrx_word' id='word_1_499' title='bbox 755 3326 763 3340; x_wconf 82' lang='lat'><em>‚</em></span> <span class='ocrx_word' id='word_1_500' title='bbox 785 3300 848 3340; x_wconf 80' lang='lat' dir='ltr'>qui</span> <span class='ocrx_word' id='word_1_501' title='bbox 863 3298 909 3334; x_wconf 81' lang='lat' dir='ltr'>est</span> <span class='ocrx_word' id='word_1_502' title='bbox 928 3300 1231 3346; x_wconf 65' lang='lat' dir='ltr'>concupiscentiae</span> <span class='ocrx_word' id='word_1_503' title='bbox 1249 3327 1260 3339; x_wconf 85' lang='lat'><strong>.</strong></span> 
     </span>
    </p>

    <p class='ocr_par' dir='ltr' id='par_1_16' title="bbox 362 3348 1308 3852">
     <span class='ocr_line' id='line_1_86' title="bbox 467 3348 1305 3397; baseline 0.004 -14"><span class='ocrx_word' id='word_1_504' title='bbox 467 3348 525 3383; x_wconf 79' lang='lat' dir='ltr'>Ad</span> <span class='ocrx_word' id='word_1_505' title='bbox 542 3348 737 3386; x_wconf 84' lang='lat' dir='ltr'>secundum</span> <span class='ocrx_word' id='word_1_506' title='bbox 757 3349 976 3397; x_wconf 80' lang='lat' dir='ltr'>respondeo:</span> <span class='ocrx_word' id='word_1_507' title='bbox 1001 3350 1156 3385; x_wconf 67' lang='lat' dir='ltr'>Pectans</span> <span class='ocrx_word' id='word_1_508' title='bbox 1173 3362 1305 3386; x_wconf 86' lang='lat' dir='ltr'>morta-</span> 
     </span>
     <span class='ocr_line' id='line_1_87' title="bbox 364 3399 1299 3448; baseline 0.005 -14"><span class='ocrx_word' id='word_1_509' title='bbox 364 3399 444 3434; x_wconf 86' lang='lat' dir='ltr'>liter</span> <span class='ocrx_word' id='word_1_510' title='bbox 456 3412 525 3434; x_wconf 86' lang='lat' dir='ltr'>non</span> <span class='ocrx_word' id='word_1_511' title='bbox 542 3400 727 3446; x_wconf 83' lang='lat' dir='ltr'>quietatur</span> <span class='ocrx_word' id='word_1_512' title='bbox 743 3401 940 3448; x_wconf 78' lang='lat' dir='ltr'>simplicitet</span> <span class='ocrx_word' id='word_1_513' title='bbox 956 3426 966 3442; x_wconf 87' lang='lat'><em>,</em></span> <span class='ocrx_word' id='word_1_514' title='bbox 994 3400 1076 3435; x_wconf 71' lang='lat' dir='ltr'>lictt</span> <span class='ocrx_word' id='word_1_515' title='bbox 1090 3412 1299 3446; x_wconf 64' lang='lat' dir='ltr'>quantum-³</span> 
     </span>
     <span class='ocr_line' id='line_1_88' title="bbox 364 3449 1304 3498; baseline 0.001 -14"><span class='ocrx_word' id='word_1_516' title='bbox 364 3449 412 3484; x_wconf 84' lang='lat' dir='ltr'>cst</span> <span class='ocrx_word' id='word_1_517' title='bbox 430 3462 473 3484; x_wconf 85' lang='lat' dir='ltr'>ex</span> <span class='ocrx_word' id='word_1_518' title='bbox 490 3462 590 3498; x_wconf 88' lang='lat' dir='ltr'>parte</span> <span class='ocrx_word' id='word_1_519' title='bbox 606 3449 715 3496; x_wconf 78' lang='lat' dir='ltr'>ipiius</span> <span class='ocrx_word' id='word_1_520' title='bbox 732 3476 740 3491; x_wconf 95' lang='lat'>‚</span> <span class='ocrx_word' id='word_1_521' title='bbox 765 3451 809 3484; x_wconf 81' lang='lat' dir='ltr'>iic</span> <span class='ocrx_word' id='word_1_522' title='bbox 837 3451 918 3486; x_wconf 62' lang='lat' dir='ltr'>afilu</span> <span class='ocrx_word' id='word_1_523' title='bbox 934 3449 995 3484; x_wconf 86' lang='lat' dir='ltr'>suo</span> <span class='ocrx_word' id='word_1_524' title='bbox 1009 3449 1040 3485; x_wconf 87' lang='lat' dir='ltr'>se</span> <span class='ocrx_word' id='word_1_525' title='bbox 1064 3452 1177 3495; x_wconf 71' lang='lat' dir='ltr'>quiet.</span> <span class='ocrx_word' id='word_1_526' title='bbox 1195 3464 1304 3487; x_wconf 76' lang='lat' dir='ltr'>revo-</span> 
     </span>
     <span class='ocr_line' id='line_1_89' title="bbox 366 3499 1308 3545; baseline 0.004 -11"><span class='ocrx_word' id='word_1_527' title='bbox 366 3501 467 3536; x_wconf 85' lang='lat' dir='ltr'>lentis</span> <span class='ocrx_word' id='word_1_528' title='bbox 483 3527 491 3541; x_wconf 90' lang='lat'>,</span> <span class='ocrx_word' id='word_1_529' title='bbox 507 3501 667 3535; x_wconf 78' lang='lat' dir='ltr'>ultimate</span> <span class='ocrx_word' id='word_1_530' title='bbox 681 3501 839 3545; x_wconf 77' lang='lat' dir='ltr'>quiescat</span> <span class='ocrx_word' id='word_1_531' title='bbox 856 3502 890 3535; x_wconf 90' lang='lat' dir='ltr'>in</span> <span class='ocrx_word' id='word_1_532' title='bbox 907 3499 1055 3535; x_wconf 76' lang='lat' dir='ltr'>mobili.</span> <span class='ocrx_word' id='word_1_533' title='bbox 1085 3501 1125 3536; x_wconf 80' lang='lat' dir='ltr'>Si</span> <span class='ocrx_word' id='word_1_534' title='bbox 1141 3502 1308 3538; x_wconf 74' lang='lat' dir='ltr'>efferatur</span> 
     </span>
     <span class='ocr_line' id='line_1_90' title="bbox 365 3549 1306 3598; baseline 0.005 -15"><span class='ocrx_word' id='word_1_535' title='bbox 365 3551 565 3597; x_wconf 76' lang='lat' dir='ltr'>propositio</span> <span class='ocrx_word' id='word_1_536' title='bbox 585 3549 653 3585; x_wconf 81' lang='lat' dir='ltr'>fic:</span> <span class='ocrx_word' id='word_1_537' title='bbox 678 3550 778 3587; x_wconf 81' lang='lat' dir='ltr'>Nihil</span> <span class='ocrx_word' id='word_1_538' title='bbox 813 3551 947 3586; x_wconf 87' lang='lat' dir='ltr'>fruitur</span> <span class='ocrx_word' id='word_1_539' title='bbox 975 3577 983 3590; x_wconf 86' lang='lat'>,</span> <span class='ocrx_word' id='word_1_540' title='bbox 1015 3551 1076 3586; x_wconf 76' lang='lat' dir='ltr'>nili</span> <span class='ocrx_word' id='word_1_541' title='bbox 1103 3551 1306 3598; x_wconf 73' lang='lat' dir='ltr'>(impliciter</span> 
     </span>
     <span class='ocr_line' id='line_1_91' title="bbox 364 3599 1305 3647; baseline 0.007 -13"><span class='ocrx_word' id='word_1_542' title='bbox 364 3601 664 3647; x_wconf 75' lang='lat' dir='ltr'>quietcturetiam</span> <span class='ocrx_word' id='word_1_543' title='bbox 684 3612 729 3636; x_wconf 80' lang='lat' dir='ltr'>ex</span> <span class='ocrx_word' id='word_1_544' title='bbox 755 3612 853 3647; x_wconf 88' lang='lat' dir='ltr'>parte</span> <span class='ocrx_word' id='word_1_545' title='bbox 879 3599 1015 3645; x_wconf 71' lang='lat' dir='ltr'>objeffl</span> <span class='ocrx_word' id='word_1_546' title='bbox 1033 3627 1043 3642; x_wconf 90' lang='lat'>,</span> <span class='ocrx_word' id='word_1_547' title='bbox 1067 3604 1223 3645; x_wconf 65' lang='lat' dir='ltr'>neganda</span> <span class='ocrx_word' id='word_1_548' title='bbox 1256 3605 1305 3641; x_wconf 82' lang='lat' dir='ltr'>est</span> 
     </span>
     <span class='ocr_line' id='line_1_92' title="bbox 363 3650 1304 3699; baseline 0.006 -15"><span class='ocrx_word' id='word_1_549' title='bbox 363 3651 560 3699; x_wconf 71' lang='lat' dir='ltr'>propositio</span> <span class='ocrx_word' id='word_1_550' title='bbox 605 3651 662 3688; x_wconf 83' lang='lat' dir='ltr'>sed</span> <span class='ocrx_word' id='word_1_551' title='bbox 678 3663 821 3698; x_wconf 86' lang='lat' dir='ltr'>oportet</span> <span class='ocrx_word' id='word_1_552' title='bbox 834 3650 963 3686; x_wconf 81' lang='lat' dir='ltr'>addere</span> <span class='ocrx_word' id='word_1_553' title='bbox 980 3678 990 3692; x_wconf 90' lang='lat'>‚</span> <span class='ocrx_word' id='word_1_554' title='bbox 1019 3653 1081 3687; x_wconf 75' lang='lat' dir='ltr'>nist</span> <span class='ocrx_word' id='word_1_555' title='bbox 1098 3653 1304 3699; x_wconf 80' lang='lat' dir='ltr'>{impliciter</span> 
     </span>
     <span class='ocr_line' id='line_1_93' title="bbox 363 3701 1305 3749; baseline 0.006 -13"><span class='ocrx_word' id='word_1_556' title='bbox 363 3703 546 3747; x_wconf 70' lang='lat' dir='ltr'>quit-tetur</span> <span class='ocrx_word' id='word_1_557' title='bbox 575 3713 751 3747; x_wconf 81' lang='lat' dir='ltr'>quantum</span> <span class='ocrx_word' id='word_1_558' title='bbox 782 3701 830 3738; x_wconf 88' lang='lat' dir='ltr'>est</span> <span class='ocrx_word' id='word_1_559' title='bbox 855 3713 901 3738; x_wconf 79' lang='lat' dir='ltr'>ex</span> <span class='ocrx_word' id='word_1_560' title='bbox 932 3712 1031 3747; x_wconf 84' lang='lat' dir='ltr'>parte</span> <span class='ocrx_word' id='word_1_561' title='bbox 1056 3704 1164 3748; x_wconf 74' lang='lat' dir='ltr'>ipsius</span> <span class='ocrx_word' id='word_1_562' title='bbox 1190 3707 1305 3749; x_wconf 64' lang='lat' dir='ltr'>aetus,</span> 
     </span>
     <span class='ocr_line' id='line_1_94' title="bbox 362 3751 1304 3799; baseline 0.006 -12"><span class='ocrx_word' id='word_1_563' title='bbox 362 3764 439 3799; x_wconf 89' lang='lat' dir='ltr'>quo</span> <span class='ocrx_word' id='word_1_564' title='bbox 452 3753 596 3787; x_wconf 71' lang='lat' dir='ltr'>inliceret</span> <span class='ocrx_word' id='word_1_565' title='bbox 624 3751 772 3798; x_wconf 61' lang='lat' dir='ltr'>objeeto</span> <span class='ocrx_word' id='word_1_566' title='bbox 785 3779 794 3794; x_wconf 93' lang='lat'>‚</span> <span class='ocrx_word' id='word_1_567' title='bbox 821 3753 854 3787; x_wconf 71' lang='lat'>8&lt;</span> <span class='ocrx_word' id='word_1_568' title='bbox 883 3753 987 3787; x_wconf 81' lang='lat' dir='ltr'>etiam</span> <span class='ocrx_word' id='word_1_569' title='bbox 1002 3764 1174 3799; x_wconf 83' lang='lat' dir='ltr'>quantum</span> <span class='ocrx_word' id='word_1_570' title='bbox 1192 3757 1241 3792; x_wconf 87' lang='lat' dir='ltr'>est</span> <span class='ocrx_word' id='word_1_571' title='bbox 1258 3770 1304 3792; x_wconf 83' lang='lat' dir='ltr'>ex</span> 
     </span>
     <span class='ocr_line' id='line_1_95' title="bbox 363 3802 1304 3852; baseline 0.002 -17"><span class='ocrx_word' id='word_1_572' title='bbox 363 3814 469 3852; x_wconf 80' lang='lat' dir='ltr'>parte</span> <span class='ocrx_word' id='word_1_573' title='bbox 480 3802 614 3849; x_wconf 71' lang='lat' dir='ltr'>objeffi</span> <span class='ocrx_word' id='word_1_574' title='bbox 627 3805 660 3839; x_wconf 86' lang='lat' dir='ltr'>in</span> <span class='ocrx_word' id='word_1_575' title='bbox 679 3803 848 3839; x_wconf 83' lang='lat' dir='ltr'>fruitione</span> <span class='ocrx_word' id='word_1_576' title='bbox 865 3803 1025 3838; x_wconf 85' lang='lat' dir='ltr'>ordinata</span> <span class='ocrx_word' id='word_1_577' title='bbox 1040 3829 1048 3838; x_wconf 93' lang='lat'>.</span> <span class='ocrx_word' id='word_1_578' title='bbox 1077 3807 1304 3846; x_wconf 73' lang='lat' dir='ltr'>Nechicde-</span> 
     </span>
    </p>
   </div>
   <div class='ocr_carea' id='block_1_11' title="bbox 1020 149 1715 219">
    <p class='ocr_par' dir='ltr' id='par_1_17' title="bbox 1020 149 1715 219">
     <span class='ocr_line' id='line_1_96' title="bbox 1020 149 1715 219; baseline 0.004 -20"><span class='ocrx_word' id='word_1_579' title='bbox 1020 152 1202 201; x_wconf 58' lang='lat' dir='ltr'>Summae</span> <span class='ocrx_word' id='word_1_580' title='bbox 1233 149 1423 219; x_wconf 77' lang='lat' dir='ltr'>Joanm‘s</span> <span class='ocrx_word' id='word_1_581' title='bbox 1447 153 1576 201; x_wconf 83' lang='lat' dir='ltr'>Dum</span> <span class='ocrx_word' id='word_1_582' title='bbox 1597 152 1715 203; x_wconf 82' lang='lat' dir='ltr'>Scoti</span> 
     </span>
    </p>
   </div>
   <div class='ocr_carea' id='block_1_12' title="bbox 1379 220 2352 2694">
    <p class='ocr_par' dir='ltr' id='par_1_18' title="bbox 1399 220 2345 423">
     <span class='ocr_line' id='line_1_97' title="bbox 1403 220 2345 273; baseline 0.012 -18"><span class='ocrx_word' id='word_1_583' title='bbox 1403 222 1463 257; x_wconf 88' lang='lat' dir='ltr'>bet</span> <span class='ocrx_word' id='word_1_584' title='bbox 1479 220 1627 269; x_wconf 75' lang='lat' dir='ltr'>intelligi</span> <span class='ocrx_word' id='word_1_585' title='bbox 1642 225 1817 270; x_wconf 84' lang='lat' dir='ltr'>quietatio</span> <span class='ocrx_word' id='word_1_586' title='bbox 1829 222 1965 262; x_wconf 83' lang='lat' dir='ltr'>summa</span> <span class='ocrx_word' id='word_1_587' title='bbox 1981 220 2005 268; x_wconf 68' lang='lat'>‚⁷</span> <span class='ocrx_word' id='word_1_588' title='bbox 2019 228 2105 273; x_wconf 85' lang='lat' dir='ltr'>quia</span> <span class='ocrx_word' id='word_1_589' title='bbox 2119 239 2265 264; x_wconf 84' lang='lat' dir='ltr'>omnem</span> <span class='ocrx_word' id='word_1_590' title='bbox 2278 231 2345 267; x_wconf 83' lang='lat' dir='ltr'>viae</span> 
     </span>
     <span class='ocr_line' id='line_1_98' title="bbox 1401 273 2338 324; baseline 0.01 -17"><span class='ocrx_word' id='word_1_591' title='bbox 1401 273 1663 318; x_wconf 85' lang='lat' dir='ltr'>quietationem</span> <span class='ocrx_word' id='word_1_592' title='bbox 1680 274 1844 321; x_wconf 86' lang='lat' dir='ltr'>sequitur</span> <span class='ocrx_word' id='word_1_593' title='bbox 1856 276 1973 323; x_wconf 87' lang='lat' dir='ltr'>major</span> <span class='ocrx_word' id='word_1_594' title='bbox 1988 277 2190 324; x_wconf 80' lang='lat' dir='ltr'>patriae3sed</span> <span class='ocrx_word' id='word_1_595' title='bbox 2203 278 2338 316; x_wconf 79' lang='lat' dir='ltr'>summa</span> 
     </span>
     <span class='ocr_line' id='line_1_99' title="bbox 1402 322 2345 374; baseline 0.012 -18"><span class='ocrx_word' id='word_1_596' title='bbox 1402 322 1466 357; x_wconf 93' lang='lat' dir='ltr'>suo</span> <span class='ocrx_word' id='word_1_597' title='bbox 1483 322 1616 367; x_wconf 85' lang='lat' dir='ltr'>modo,</span> <span class='ocrx_word' id='word_1_598' title='bbox 1643 336 1771 373; x_wconf 86' lang='lat' dir='ltr'>nempe</span> <span class='ocrx_word' id='word_1_599' title='bbox 1792 327 2069 374; x_wconf 72' lang='lat' dir='ltr'>propteraftum</span> <span class='ocrx_word' id='word_1_600' title='bbox 2092 328 2345 367; x_wconf 25' lang='lat' dir='ltr'>irreseribilemr</span> 
     </span>
     <span class='ocr_line' id='line_1_100' title="bbox 1399 373 1933 423; baseline 0.009 -14"><span class='ocrx_word' id='word_1_601' title='bbox 1399 373 1449 409; x_wconf 85' lang='lat' dir='ltr'>ita</span> <span class='ocrx_word' id='word_1_602' title='bbox 1463 385 1708 417; x_wconf 82' lang='lat' dir='ltr'>acceptantem</span> <span class='ocrx_word' id='word_1_603' title='bbox 1720 375 1905 423; x_wconf 61' lang='lat' dir='ltr'>objeetum</span> <span class='ocrx_word' id='word_1_604' title='bbox 1921 402 1933 414; x_wconf 83' lang='lat'><em>-</em></span> 
     </span>
    </p>

    <p class='ocr_par' dir='ltr' id='par_1_19' title="bbox 1398 425 2352 727">
     <span class='ocr_line' id='line_1_101' title="bbox 1501 425 2345 471; baseline 0.006 -9"><span class='ocrx_word' id='word_1_605' title='bbox 1501 425 1559 462; x_wconf 90' lang='lat' dir='ltr'>Ad</span> <span class='ocrx_word' id='word_1_606' title='bbox 1575 425 1722 462; x_wconf 88' lang='lat' dir='ltr'>tertium</span> <span class='ocrx_word' id='word_1_607' title='bbox 1743 426 1937 463; x_wconf 88' lang='lat' dir='ltr'>dicendum</span> <span class='ocrx_word' id='word_1_608' title='bbox 1954 455 1967 471; x_wconf 84' lang='lat'>‚</span> <span class='ocrx_word' id='word_1_609' title='bbox 1991 429 2073 465; x_wconf 88' lang='lat' dir='ltr'>licet</span> <span class='ocrx_word' id='word_1_610' title='bbox 2094 442 2216 466; x_wconf 78' lang='lat' dir='ltr'>amore</span> <span class='ocrx_word' id='word_1_611' title='bbox 2239 431 2345 467; x_wconf 80' lang='lat' dir='ltr'>ordi-</span> 
     </span>
     <span class='ocr_line' id='line_1_102' title="bbox 1402 475 2352 527; baseline 0.011 -19"><span class='ocrx_word' id='word_1_612' title='bbox 1402 484 1486 509; x_wconf 86' lang='lat' dir='ltr'>nato</span> <span class='ocrx_word' id='word_1_613' title='bbox 1500 475 1619 511; x_wconf 85' lang='lat' dir='ltr'>nullus</span> <span class='ocrx_word' id='word_1_614' title='bbox 1649 475 1792 512; x_wconf 86' lang='lat' dir='ltr'>fruatur</span> <span class='ocrx_word' id='word_1_615' title='bbox 1803 478 1926 523; x_wconf 90' lang='lat' dir='ltr'>aliquo</span> <span class='ocrx_word' id='word_1_616' title='bbox 1943 501 1957 520; x_wconf 88' lang='lat'><em>‚</em></span> <span class='ocrx_word' id='word_1_617' title='bbox 1984 479 2046 515; x_wconf 84' lang='lat' dir='ltr'>nifi</span> <span class='ocrx_word' id='word_1_618' title='bbox 2065 491 2142 527; x_wconf 88' lang='lat' dir='ltr'>quo</span> <span class='ocrx_word' id='word_1_619' title='bbox 2165 493 2237 516; x_wconf 91' lang='lat' dir='ltr'>non</span> <span class='ocrx_word' id='word_1_620' title='bbox 2260 483 2352 518; x_wconf 75' lang='lat' dir='ltr'>vult·</span> 
     </span>
     <span class='ocr_line' id='line_1_103' title="bbox 1400 525 2340 570; baseline 0.01 -12"><span class='ocrx_word' id='word_1_621' title='bbox 1400 525 1555 570; x_wconf 81' lang='lat' dir='ltr'>aliquem</span> <span class='ocrx_word' id='word_1_622' title='bbox 1571 527 1624 562; x_wconf 89' lang='lat' dir='ltr'>uti</span> <span class='ocrx_word' id='word_1_623' title='bbox 1641 553 1652 568; x_wconf 90' lang='lat'>,</span> <span class='ocrx_word' id='word_1_624' title='bbox 1681 525 1738 561; x_wconf 86' lang='lat' dir='ltr'>sed</span> <span class='ocrx_word' id='word_1_625' title='bbox 1754 527 1825 562; x_wconf 83' lang='lat' dir='ltr'>frui</span> <span class='ocrx_word' id='word_1_626' title='bbox 1843 539 1855 567; x_wconf 84' lang='lat'>3</span> <span class='ocrx_word' id='word_1_627' title='bbox 1882 537 2001 563; x_wconf 88' lang='lat' dir='ltr'>tamen</span> <span class='ocrx_word' id='word_1_628' title='bbox 2013 541 2136 567; x_wconf 89' lang='lat' dir='ltr'>amore</span> <span class='ocrx_word' id='word_1_629' title='bbox 2153 531 2340 567; x_wconf 83' lang='lat' dir='ltr'>inordina·</span> 
     </span>
     <span class='ocr_line' id='line_1_104' title="bbox 1400 576 2339 625; baseline 0.011 -17"><span class='ocrx_word' id='word_1_630' title='bbox 1400 585 1439 608; x_wconf 88' lang='lat' dir='ltr'>to</span> <span class='ocrx_word' id='word_1_631' title='bbox 1455 576 1542 612; x_wconf 87' lang='lat' dir='ltr'>bene</span> <span class='ocrx_word' id='word_1_632' title='bbox 1554 576 1649 623; x_wconf 79' lang='lat' dir='ltr'>posse</span> <span class='ocrx_word' id='word_1_633' title='bbox 1662 577 1817 625; x_wconf 80' lang='lat' dir='ltr'>aliquem</span> <span class='ocrx_word' id='word_1_634' title='bbox 1835 576 1928 619; x_wconf 80' lang='lat' dir='ltr'>frui,</span> <span class='ocrx_word' id='word_1_635' title='bbox 1955 590 2032 624; x_wconf 91' lang='lat' dir='ltr'>quo</span> <span class='ocrx_word' id='word_1_636' title='bbox 2046 593 2118 616; x_wconf 91' lang='lat' dir='ltr'>non</span> <span class='ocrx_word' id='word_1_637' title='bbox 2134 582 2214 618; x_wconf 89' lang='lat' dir='ltr'>vult</span> <span class='ocrx_word' id='word_1_638' title='bbox 2227 583 2339 618; x_wconf 88' lang='lat' dir='ltr'>alium</span> 
     </span>
     <span class='ocr_line' id='line_1_105' title="bbox 1399 622 2342 669; baseline 0.011 -11"><span class='ocrx_word' id='word_1_639' title='bbox 1399 622 1497 668; x_wconf 84' lang='lat' dir='ltr'>frui,</span> <span class='ocrx_word' id='word_1_640' title='bbox 1527 624 1582 662; x_wconf 87' lang='lat' dir='ltr'>sed</span> <span class='ocrx_word' id='word_1_641' title='bbox 1599 638 1739 663; x_wconf 85' lang='lat' dir='ltr'>tantum</span> <span class='ocrx_word' id='word_1_642' title='bbox 1753 628 1829 669; x_wconf 91' lang='lat' dir='ltr'>uti,</span> <span class='ocrx_word' id='word_1_643' title='bbox 1853 629 1910 662; x_wconf 86' lang='lat' dir='ltr'>vel</span> <span class='ocrx_word' id='word_1_644' title='bbox 1926 629 2031 664; x_wconf 86' lang='lat' dir='ltr'>etiam</span> <span class='ocrx_word' id='word_1_645' title='bbox 2044 630 2133 667; x_wconf 86' lang='lat' dir='ltr'>illud</span> <span class='ocrx_word' id='word_1_646' title='bbox 2149 632 2250 667; x_wconf 87' lang='lat' dir='ltr'>nullo</span> <span class='ocrx_word' id='word_1_647' title='bbox 2265 644 2342 668; x_wconf 80' lang='lat' dir='ltr'>mo-</span> 
     </span>
     <span class='ocr_line' id='line_1_106' title="bbox 1398 673 2343 727; baseline 0.014 -18"><span class='ocrx_word' id='word_1_648' title='bbox 1398 673 1447 710; x_wconf 92' lang='lat' dir='ltr'>do</span> <span class='ocrx_word' id='word_1_649' title='bbox 1461 688 1584 713; x_wconf 89' lang='lat' dir='ltr'>amare</span> <span class='ocrx_word' id='word_1_650' title='bbox 1596 704 1608 715; x_wconf 86' lang='lat'>‚</span> <span class='ocrx_word' id='word_1_651' title='bbox 1637 675 1723 713; x_wconf 79' lang='lat' dir='ltr'>sicut</span> <span class='ocrx_word' id='word_1_652' title='bbox 1739 688 1834 725; x_wconf 82' lang='lat' dir='ltr'>patet</span> <span class='ocrx_word' id='word_1_653' title='bbox 1849 676 1892 712; x_wconf 90' lang='lat' dir='ltr'>de</span> <span class='ocrx_word' id='word_1_654' title='bbox 1904 679 2099 727; x_wconf 78' lang='lat' dir='ltr'>Zelmypia</span> <span class='ocrx_word' id='word_1_655' title='bbox 2125 681 2343 722; x_wconf 81' lang='lat' dir='ltr'>inordinata.</span> 
     </span>
    </p>

    <p class='ocr_par' dir='ltr' id='par_1_20' title="bbox 1393 725 2344 1077">
     <span class='ocr_line' id='line_1_107' title="bbox 1499 725 2344 779; baseline 0.009 -18"><span class='ocrx_word' id='word_1_656' title='bbox 1499 725 1559 762; x_wconf 90' lang='lat' dir='ltr'>Ad</span> <span class='ocrx_word' id='word_1_657' title='bbox 1577 730 1831 776; x_wconf 78' lang='lat' dir='ltr'>probationem</span> <span class='ocrx_word' id='word_1_658' title='bbox 1845 727 2107 776; x_wconf 81' lang='lat' dir='ltr'>consequentiae</span> <span class='ocrx_word' id='word_1_659' title='bbox 2123 730 2239 779; x_wconf 88' lang='lat' dir='ltr'>potest</span> <span class='ocrx_word' id='word_1_660' title='bbox 2265 732 2344 769; x_wconf 79' lang='lat' dir='ltr'>dici</span> 
     </span>
     <span class='ocr_line' id='line_1_108' title="bbox 1398 775 2341 829; baseline 0.008 -18"><span class='ocrx_word' id='word_1_661' title='bbox 1398 775 1481 813; x_wconf 88' lang='lat' dir='ltr'>licet</span> <span class='ocrx_word' id='word_1_662' title='bbox 1495 777 1614 813; x_wconf 88' lang='lat' dir='ltr'>fruens</span> <span class='ocrx_word' id='word_1_663' title='bbox 1633 781 1857 828; x_wconf 85' lang='lat' dir='ltr'>appretietur</span> <span class='ocrx_word' id='word_1_664' title='bbox 1871 778 2018 817; x_wconf 89' lang='lat' dir='ltr'>fruibile</span> <span class='ocrx_word' id='word_1_665' title='bbox 2036 807 2045 822; x_wconf 92' lang='lat'>‚</span> <span class='ocrx_word' id='word_1_666' title='bbox 2059 793 2230 829; x_wconf 86' lang='lat' dir='ltr'>tanquam</span> <span class='ocrx_word' id='word_1_667' title='bbox 2242 780 2341 819; x_wconf 87' lang='lat' dir='ltr'>sum·</span> 
     </span>
     <span class='ocr_line' id='line_1_109' title="bbox 1399 828 2341 872; baseline 0.008 -10"><span class='ocrx_word' id='word_1_668' title='bbox 1399 839 1496 864; x_wconf 89' lang='lat' dir='ltr'>mum</span> <span class='ocrx_word' id='word_1_669' title='bbox 1510 828 1644 866; x_wconf 87' lang='lat' dir='ltr'>bonurn</span> <span class='ocrx_word' id='word_1_670' title='bbox 1659 856 1670 872; x_wconf 90' lang='lat'>,</span> <span class='ocrx_word' id='word_1_671' title='bbox 1700 842 1770 866; x_wconf 91' lang='lat' dir='ltr'>non</span> <span class='ocrx_word' id='word_1_672' title='bbox 1785 841 1902 865; x_wconf 86' lang='lat' dir='ltr'>tamen</span> <span class='ocrx_word' id='word_1_673' title='bbox 1918 832 1997 866; x_wconf 90' lang='lat' dir='ltr'>vult</span> <span class='ocrx_word' id='word_1_674' title='bbox 2013 831 2100 867; x_wconf 86' lang='lat' dir='ltr'>illud</span> <span class='ocrx_word' id='word_1_675' title='bbox 2113 834 2158 868; x_wconf 92' lang='lat' dir='ltr'>ab</span> <span class='ocrx_word' id='word_1_676' title='bbox 2168 832 2341 870; x_wconf 83' lang='lat' dir='ltr'>omnibus</span> 
     </span>
     <span class='ocr_line' id='line_1_110' title="bbox 1398 877 2340 927; baseline 0.004 -13"><span class='ocrx_word' id='word_1_677' title='bbox 1398 877 1444 914; x_wconf 84' lang='lat' dir='ltr'>fic</span> <span class='ocrx_word' id='word_1_678' title='bbox 1465 879 1687 927; x_wconf 82' lang='lat' dir='ltr'>appretiari3</span> <span class='ocrx_word' id='word_1_679' title='bbox 1715 879 1864 927; x_wconf 87' lang='lat' dir='ltr'>quando</span> <span class='ocrx_word' id='word_1_680' title='bbox 1889 881 2091 917; x_wconf 87' lang='lat' dir='ltr'>inordinate</span> <span class='ocrx_word' id='word_1_681' title='bbox 2116 882 2164 917; x_wconf 83' lang='lat' dir='ltr'>fic</span> <span class='ocrx_word' id='word_1_682' title='bbox 2190 881 2340 920; x_wconf 78' lang='lat' dir='ltr'>fruitur:</span> 
     </span>
     <span class='ocr_line' id='line_1_111' title="bbox 1399 930 2344 979; baseline 0.002 -13"><span class='ocrx_word' id='word_1_683' title='bbox 1399 931 1485 966; x_wconf 92' lang='lat' dir='ltr'>Non</span> <span class='ocrx_word' id='word_1_684' title='bbox 1501 930 1611 976; x_wconf 89' lang='lat' dir='ltr'>igitur</span> <span class='ocrx_word' id='word_1_685' title='bbox 1638 930 1825 979; x_wconf 89' lang='lat' dir='ltr'>sequitur,</span> <span class='ocrx_word' id='word_1_686' title='bbox 1847 933 1924 967; x_wconf 77' lang='lat' dir='ltr'>vult</span> <span class='ocrx_word' id='word_1_687' title='bbox 1946 931 2033 967; x_wconf 84' lang='lat' dir='ltr'>illud</span> <span class='ocrx_word' id='word_1_688' title='bbox 2064 930 2131 968; x_wconf 85' lang='lat' dir='ltr'>effe</span> <span class='ocrx_word' id='word_1_689' title='bbox 2154 931 2344 968; x_wconf 83' lang='lat' dir='ltr'>summum</span> 
     </span>
     <span class='ocr_line' id='line_1_112' title="bbox 1393 980 2338 1029; baseline 0.004 -14"><span class='ocrx_word' id='word_1_690' title='bbox 1393 980 1529 1015; x_wconf 91' lang='lat' dir='ltr'>bonum</span> <span class='ocrx_word' id='word_1_691' title='bbox 1548 1007 1559 1024; x_wconf 91' lang='lat'>‚</span> <span class='ocrx_word' id='word_1_692' title='bbox 1581 982 1636 1017; x_wconf 87' lang='lat' dir='ltr'>vel</span> <span class='ocrx_word' id='word_1_693' title='bbox 1654 993 1746 1017; x_wconf 82' lang='lat' dir='ltr'>amat</span> <span class='ocrx_word' id='word_1_694' title='bbox 1759 981 1847 1018; x_wconf 89' lang='lat' dir='ltr'>illud</span> <span class='ocrx_word' id='word_1_695' title='bbox 1860 982 1959 1029; x_wconf 76' lang='lat' dir='ltr'>quast</span> <span class='ocrx_word' id='word_1_696' title='bbox 1977 981 2156 1020; x_wconf 86' lang='lat' dir='ltr'>summum</span> <span class='ocrx_word' id='word_1_697' title='bbox 2172 983 2308 1019; x_wconf 86' lang='lat' dir='ltr'>bonum</span> <span class='ocrx_word' id='word_1_698' title='bbox 2322 996 2338 1025; x_wconf 72' lang='grc' dir='ltr'>ς</span> 
     </span>
     <span class='ocr_line' id='line_1_113' title="bbox 1393 1032 2010 1077; baseline 0.003 -10"><span class='ocrx_word' id='word_1_699' title='bbox 1393 1041 1479 1077; x_wconf 90' lang='lat' dir='ltr'>ergo</span> <span class='ocrx_word' id='word_1_700' title='bbox 1494 1033 1572 1067; x_wconf 84' lang='lat' dir='ltr'>vult</span> <span class='ocrx_word' id='word_1_701' title='bbox 1589 1032 1678 1067; x_wconf 86' lang='lat' dir='ltr'>alios</span> <span class='ocrx_word' id='word_1_702' title='bbox 1696 1032 1741 1068; x_wconf 84' lang='lat' dir='ltr'>stc</span> <span class='ocrx_word' id='word_1_703' title='bbox 1758 1044 1878 1069; x_wconf 88' lang='lat' dir='ltr'>amare</span> <span class='ocrx_word' id='word_1_704' title='bbox 1892 1033 1981 1069; x_wconf 87' lang='lat' dir='ltr'>illud</span> <span class='ocrx_word' id='word_1_705' title='bbox 2000 1059 2010 1068; x_wconf 94' lang='lat'>.</span> 
     </span>
    </p>

    <p class='ocr_par' dir='ltr' id='par_1_21' title="bbox 1389 1082 2342 1533">
     <span class='ocr_line' id='line_1_114' title="bbox 1494 1082 2340 1133; baseline 0.004 -17"><span class='ocrx_word' id='word_1_706' title='bbox 1494 1082 1611 1117; x_wconf 82' lang='lat' dir='ltr'>Aliter</span> <span class='ocrx_word' id='word_1_707' title='bbox 1638 1084 1744 1120; x_wconf 87' lang='lat' dir='ltr'>etiam</span> <span class='ocrx_word' id='word_1_708' title='bbox 1768 1083 1883 1133; x_wconf 86' lang='lat' dir='ltr'>potest</span> <span class='ocrx_word' id='word_1_709' title='bbox 1922 1083 2132 1132; x_wconf 87' lang='lat' dir='ltr'>responderi</span> <span class='ocrx_word' id='word_1_710' title='bbox 2169 1083 2340 1130; x_wconf 87' lang='lat' dir='ltr'>negando</span> 
     </span>
     <span class='ocr_line' id='line_1_115' title="bbox 1391 1131 2335 1182; baseline 0.003 -16"><span class='ocrx_word' id='word_1_711' title='bbox 1391 1131 1485 1168; x_wconf 83' lang='lat' dir='ltr'>hanc</span> <span class='ocrx_word' id='word_1_712' title='bbox 1499 1133 1693 1169; x_wconf 82' lang='lat' dir='ltr'>illationem</span> <span class='ocrx_word' id='word_1_713' title='bbox 1712 1135 1823 1171; x_wconf 87' lang='lat' dir='ltr'>:Vult</span> <span class='ocrx_word' id='word_1_714' title='bbox 1841 1133 1986 1171; x_wconf 90' lang='lat' dir='ltr'>fruibile</span> <span class='ocrx_word' id='word_1_715' title='bbox 2020 1132 2087 1171; x_wconf 82' lang='lat' dir='ltr'>effe</span> <span class='ocrx_word' id='word_1_716' title='bbox 2104 1148 2118 1176; x_wconf 83' lang='lat'>3</span> <span class='ocrx_word' id='word_1_717' title='bbox 2146 1145 2234 1182; x_wconf 87' lang='lat' dir='ltr'>ergo</span> <span class='ocrx_word' id='word_1_718' title='bbox 2254 1135 2335 1170; x_wconf 88' lang='lat' dir='ltr'>vult</span> 
     </span>
     <span class='ocr_line' id='line_1_116' title="bbox 1391 1183 2342 1233; baseline 0.004 -15"><span class='ocrx_word' id='word_1_719' title='bbox 1391 1183 1479 1219; x_wconf 89' lang='lat' dir='ltr'>illud</span> <span class='ocrx_word' id='word_1_720' title='bbox 1493 1196 1511 1218; x_wconf 90' lang='lat' dir='ltr'>a</span> <span class='ocrx_word' id='word_1_721' title='bbox 1524 1184 1605 1219; x_wconf 85' lang='lat' dir='ltr'>Deo</span> <span class='ocrx_word' id='word_1_722' title='bbox 1621 1184 1687 1221; x_wconf 82' lang='lat' dir='ltr'>effe</span> <span class='ocrx_word' id='word_1_723' title='bbox 1706 1211 1716 1221; x_wconf 92' lang='lat'><strong>.</strong></span> <span class='ocrx_word' id='word_1_724' title='bbox 1745 1189 1984 1233; x_wconf 86' lang='lat' dir='ltr'>Necquoque</span> <span class='ocrx_word' id='word_1_725' title='bbox 2000 1184 2177 1232; x_wconf 82' lang='lat' dir='ltr'>sequitur3</span> <span class='ocrx_word' id='word_1_726' title='bbox 2196 1185 2278 1222; x_wconf 89' lang='lat' dir='ltr'>vult</span> <span class='ocrx_word' id='word_1_727' title='bbox 2299 1186 2342 1222; x_wconf 91' lang='lat' dir='ltr'>il·</span> 
     </span>
     <span class='ocr_line' id='line_1_117' title="bbox 1390 1233 2342 1282; baseline 0 -11"><span class='ocrx_word' id='word_1_728' title='bbox 1390 1236 1453 1271; x_wconf 86' lang='lat' dir='ltr'>lud</span> <span class='ocrx_word' id='word_1_729' title='bbox 1469 1235 1535 1272; x_wconf 80' lang='lat' dir='ltr'>effe</span> <span class='ocrx_word' id='word_1_730' title='bbox 1550 1250 1569 1271; x_wconf 85' lang='lat' dir='ltr'>a</span> <span class='ocrx_word' id='word_1_731' title='bbox 1585 1233 1666 1272; x_wconf 81' lang='lat' dir='ltr'>Deo</span> <span class='ocrx_word' id='word_1_732' title='bbox 1682 1248 1792 1282; x_wconf 86' lang='lat' dir='ltr'>;ergo</span> <span class='ocrx_word' id='word_1_733' title='bbox 1809 1237 1884 1273; x_wconf 65' lang='lat' dir='ltr'>xult</span> <span class='ocrx_word' id='word_1_734' title='bbox 1901 1235 2018 1272; x_wconf 90' lang='lat' dir='ltr'>Deum</span> <span class='ocrx_word' id='word_1_735' title='bbox 2031 1237 2158 1273; x_wconf 83' lang='lat' dir='ltr'>utiillo</span> <span class='ocrx_word' id='word_1_736' title='bbox 2174 1261 2184 1271; x_wconf 83' lang='lat'><strong>.</strong></span> <span class='ocrx_word' id='word_1_737' title='bbox 2195 1233 2240 1273; x_wconf 84' lang='lat' dir='ltr'>Et</span> <span class='ocrx_word' id='word_1_738' title='bbox 2252 1247 2342 1272; x_wconf 82' lang='lat' dir='ltr'>cau-</span> 
     </span>
     <span class='ocr_line' id='line_1_118' title="bbox 1390 1285 2340 1335; baseline 0.002 -13"><span class='ocrx_word' id='word_1_739' title='bbox 1390 1286 1426 1322; x_wconf 83' lang='lat' dir='ltr'>sa</span> <span class='ocrx_word' id='word_1_740' title='bbox 1441 1286 1602 1324; x_wconf 62' lang='lat' dir='ltr'>defeetus</span> <span class='ocrx_word' id='word_1_741' title='bbox 1628 1286 1816 1335; x_wconf 88' lang='lat' dir='ltr'>utriusque</span> <span class='ocrx_word' id='word_1_742' title='bbox 1842 1285 2108 1334; x_wconf 67' lang='lat' dir='ltr'>consequentiae</span> <span class='ocrx_word' id='word_1_743' title='bbox 2132 1285 2206 1330; x_wconf 87' lang='lat' dir='ltr'>est,</span> <span class='ocrx_word' id='word_1_744' title='bbox 2225 1288 2340 1333; x_wconf 79' lang='lat' dir='ltr'>quia-³</span> 
     </span>
     <span class='ocr_line' id='line_1_119' title="bbox 1390 1336 2339 1386; baseline -0.002 -12"><span class='ocrx_word' id='word_1_745' title='bbox 1390 1350 1462 1374; x_wconf 91' lang='lat' dir='ltr'>non</span> <span class='ocrx_word' id='word_1_746' title='bbox 1485 1348 1629 1386; x_wconf 84' lang='lat' dir='ltr'>oportet</span> <span class='ocrx_word' id='word_1_747' title='bbox 1653 1340 1833 1374; x_wconf 83' lang='lat' dir='ltr'>volentem</span> <span class='ocrx_word' id='word_1_748' title='bbox 1856 1337 2072 1373; x_wconf 87' lang='lat' dir='ltr'>antecedens</span> <span class='ocrx_word' id='word_1_749' title='bbox 2098 1338 2188 1374; x_wconf 92' lang='lat' dir='ltr'>velle</span> <span class='ocrx_word' id='word_1_750' title='bbox 2212 1336 2339 1373; x_wconf 84' lang='lat' dir='ltr'>conse-</span> 
     </span>
     <span class='ocr_line' id='line_1_120' title="bbox 1389 1387 2339 1437; baseline -0.001 -13"><span class='ocrx_word' id='word_1_751' title='bbox 1389 1401 1505 1436; x_wconf 90' lang='lat' dir='ltr'>quens</span> <span class='ocrx_word' id='word_1_752' title='bbox 1520 1415 1530 1430; x_wconf 96' lang='lat'>,</span> <span class='ocrx_word' id='word_1_753' title='bbox 1558 1389 1704 1437; x_wconf 86' lang='lat' dir='ltr'>quando</span> <span class='ocrx_word' id='word_1_754' title='bbox 1718 1387 1940 1434; x_wconf 88' lang='lat' dir='ltr'>consequens</span> <span class='ocrx_word' id='word_1_755' title='bbox 1955 1400 2015 1434; x_wconf 87' lang='lat' dir='ltr'>per</span> <span class='ocrx_word' id='word_1_756' title='bbox 2027 1387 2061 1424; x_wconf 90' lang='lat' dir='ltr'>se</span> <span class='ocrx_word' id='word_1_757' title='bbox 2077 1390 2113 1424; x_wconf 91' lang='lat' dir='ltr'>in</span> <span class='ocrx_word' id='word_1_758' title='bbox 2126 1389 2339 1425; x_wconf 88' lang='lat' dir='ltr'>anteceden-</span> 
     </span>
     <span class='ocr_line' id='line_1_121' title="bbox 1390 1437 2339 1487; baseline -0.002 -11"><span class='ocrx_word' id='word_1_759' title='bbox 1390 1451 1426 1476; x_wconf 84' lang='lat' dir='ltr'>te</span> <span class='ocrx_word' id='word_1_760' title='bbox 1442 1439 1746 1483; x_wconf 89' lang='lat' dir='ltr'>nonincluditur,</span> <span class='ocrx_word' id='word_1_761' title='bbox 1775 1438 1832 1474; x_wconf 91' lang='lat' dir='ltr'>sed</span> <span class='ocrx_word' id='word_1_762' title='bbox 1845 1451 1985 1475; x_wconf 85' lang='lat' dir='ltr'>tantum</span> <span class='ocrx_word' id='word_1_763' title='bbox 2017 1437 2179 1485; x_wconf 88' lang='lat' dir='ltr'>sequitur</span> <span class='ocrx_word' id='word_1_764' title='bbox 2208 1449 2269 1487; x_wconf 87' lang='lat' dir='ltr'>per</span> <span class='ocrx_word' id='word_1_765' title='bbox 2285 1439 2339 1474; x_wconf 87' lang='lat' dir='ltr'>lo·</span> 
     </span>
     <span class='ocr_line' id='line_1_122' title="bbox 1390 1488 2185 1533; baseline -0.004 -7"><span class='ocrx_word' id='word_1_766' title='bbox 1390 1502 1474 1526; x_wconf 89' lang='lat' dir='ltr'>cum</span> <span class='ocrx_word' id='word_1_767' title='bbox 1487 1489 1728 1527; x_wconf 87' lang='lat' dir='ltr'>extrinsecum</span> <span class='ocrx_word' id='word_1_768' title='bbox 1748 1517 1757 1533; x_wconf 89' lang='lat'>‚</span> <span class='ocrx_word' id='word_1_769' title='bbox 1783 1490 1817 1525; x_wconf 75' lang='lat'>8&lt;</span> <span class='ocrx_word' id='word_1_770' title='bbox 1833 1488 1881 1525; x_wconf 74' lang='lat' dir='ltr'>ita</span> <span class='ocrx_word' id='word_1_771' title='bbox 1893 1490 2012 1525; x_wconf 80' lang='lat' dir='ltr'>evenit</span> <span class='ocrx_word' id='word_1_772' title='bbox 2024 1491 2059 1525; x_wconf 89' lang='lat' dir='ltr'>in</span> <span class='ocrx_word' id='word_1_773' title='bbox 2077 1489 2160 1525; x_wconf 86' lang='lat' dir='ltr'>casu</span> <span class='ocrx_word' id='word_1_774' title='bbox 2177 1514 2185 1523; x_wconf 93' lang='lat'><strong>.</strong></span> 
     </span>
    </p>

    <p class='ocr_par' dir='ltr' id='par_1_22' title="bbox 1383 1538 2341 1984">
     <span class='ocr_line' id='line_1_123' title="bbox 1489 1538 2333 1589; baseline -0.005 -10"><span class='ocrx_word' id='word_1_775' title='bbox 1489 1541 1546 1579; x_wconf 83' lang='lat' dir='ltr'>Ad</span> <span class='ocrx_word' id='word_1_776' title='bbox 1564 1552 1734 1589; x_wconf 82' lang='lat' dir='ltr'>quartum</span> <span class='ocrx_word' id='word_1_777' title='bbox 1762 1550 1860 1587; x_wconf 84' lang='lat' dir='ltr'>patet</span> <span class='ocrx_word' id='word_1_778' title='bbox 1874 1552 1920 1575; x_wconf 86' lang='lat' dir='ltr'>ex</span> <span class='ocrx_word' id='word_1_779' title='bbox 1949 1540 2056 1574; x_wconf 55' lang='lat' dir='ltr'>dietis</span> <span class='ocrx_word' id='word_1_780' title='bbox 2086 1541 2121 1573; x_wconf 90' lang='lat' dir='ltr'>in</span> <span class='ocrx_word' id='word_1_781' title='bbox 2139 1538 2333 1585; x_wconf 83' lang='lat' dir='ltr'>solutione.</span> 
     </span>
     <span class='ocr_line' id='line_1_124' title="bbox 1389 1587 2341 1635; baseline 0 -14"><span class='ocrx_word' id='word_1_782' title='bbox 1389 1590 1577 1635; x_wconf 74' lang='lat' dir='ltr'>Siquidem</span> <span class='ocrx_word' id='word_1_783' title='bbox 1606 1589 1820 1634; x_wconf 85' lang='lat' dir='ltr'>exponenda</span> <span class='ocrx_word' id='word_1_784' title='bbox 1843 1588 1893 1621; x_wconf 86' lang='lat' dir='ltr'>est</span> <span class='ocrx_word' id='word_1_785' title='bbox 1919 1587 2117 1620; x_wconf 63' lang='lat' dir='ltr'>auftoritas</span> <span class='ocrx_word' id='word_1_786' title='bbox 2142 1587 2341 1630; x_wconf 79' lang='lat' dir='ltr'>Augustini</span> 
     </span>
     <span class='ocr_line' id='line_1_125' title="bbox 1387 1633 2340 1681; baseline -0.001 -6"><span class='ocrx_word' id='word_1_787' title='bbox 1387 1641 1431 1675; x_wconf 91' lang='lat' dir='ltr'>de</span> <span class='ocrx_word' id='word_1_788' title='bbox 1444 1639 1620 1674; x_wconf 86' lang='lat' dir='ltr'>fruitione</span> <span class='ocrx_word' id='word_1_789' title='bbox 1634 1637 1785 1672; x_wconf 79' lang='lat' dir='ltr'>abufiva</span> <span class='ocrx_word' id='word_1_790' title='bbox 1804 1661 1816 1676; x_wconf 88' lang='lat'>‚</span> <span class='ocrx_word' id='word_1_791' title='bbox 1839 1633 1912 1669; x_wconf 81' lang='lat' dir='ltr'>slve</span> <span class='ocrx_word' id='word_1_792' title='bbox 1940 1633 2124 1670; x_wconf 77' lang='lat' dir='ltr'>extenfive</span> <span class='ocrx_word' id='word_1_793' title='bbox 2142 1634 2177 1670; x_wconf 79' lang='grc'>3(</span> <span class='ocrx_word' id='word_1_794' title='bbox 2206 1637 2340 1681; x_wconf 72' lang='lat' dir='ltr'>impro-</span> 
     </span>
     <span class='ocr_line' id='line_1_126' title="bbox 1386 1683 2341 1739; baseline -0.001 -15"><span class='ocrx_word' id='word_1_795' title='bbox 1386 1692 1463 1739; x_wconf 88' lang='lat' dir='ltr'>prie</span> <span class='ocrx_word' id='word_1_796' title='bbox 1481 1713 1492 1724; x_wconf 89' lang='lat'><strong>.</strong></span> <span class='ocrx_word' id='word_1_797' title='bbox 1520 1690 1618 1724; x_wconf 85' lang='lat' dir='ltr'>Nam</span> <span class='ocrx_word' id='word_1_798' title='bbox 1639 1686 1700 1723; x_wconf 73' lang='lat' dir='ltr'>etsi</span> <span class='ocrx_word' id='word_1_799' title='bbox 1714 1685 1899 1733; x_wconf 85' lang='lat' dir='ltr'>appetitus</span> <span class='ocrx_word' id='word_1_800' title='bbox 1914 1683 2103 1720; x_wconf 81' lang='lat' dir='ltr'>seniitivus</span> <span class='ocrx_word' id='word_1_801' title='bbox 2119 1696 2190 1720; x_wconf 86' lang='lat' dir='ltr'>non</span> <span class='ocrx_word' id='word_1_802' title='bbox 2207 1685 2341 1724; x_wconf 84' lang='lat' dir='ltr'>referat</span> 
     </span>
     <span class='ocr_line' id='line_1_127' title="bbox 1386 1733 2337 1782; baseline 0.004 -14"><span class='ocrx_word' id='word_1_803' title='bbox 1386 1740 1431 1776; x_wconf 67' lang='lat' dir='ltr'>ad</span> <span class='ocrx_word' id='word_1_804' title='bbox 1447 1738 1546 1776; x_wconf 60' lang='lat' dir='ltr'>aliud</span> <span class='ocrx_word' id='word_1_805' title='bbox 1557 1736 1742 1782; x_wconf 66' lang='lat' dir='ltr'>objeelum</span> <span class='ocrx_word' id='word_1_806' title='bbox 1757 1760 1768 1775; x_wconf 93' lang='lat'>,</span> <span class='ocrx_word' id='word_1_807' title='bbox 1791 1745 1809 1767; x_wconf 86' lang='lat' dir='ltr'>a</span> <span class='ocrx_word' id='word_1_808' title='bbox 1826 1744 1902 1779; x_wconf 85' lang='lat' dir='ltr'>quo</span> <span class='ocrx_word' id='word_1_809' title='bbox 1917 1733 2070 1769; x_wconf 85' lang='lat' dir='ltr'>trahitur</span> <span class='ocrx_word' id='word_1_810' title='bbox 2082 1734 2116 1769; x_wconf 92' lang='lat' dir='ltr'>id</span> <span class='ocrx_word' id='word_1_811' title='bbox 2131 1744 2248 1771; x_wconf 87' lang='lat' dir='ltr'>tamen</span> <span class='ocrx_word' id='word_1_812' title='bbox 2264 1748 2337 1772; x_wconf 90' lang='lat' dir='ltr'>non</span> 
     </span>
     <span class='ocr_line' id='line_1_128' title="bbox 1388 1782 2337 1830; baseline 0.002 -10"><span class='ocrx_word' id='word_1_813' title='bbox 1388 1790 1570 1823; x_wconf 74' lang='lat' dir='ltr'>contrarie</span> <span class='ocrx_word' id='word_1_814' title='bbox 1585 1785 1802 1829; x_wconf 78' lang='lat' dir='ltr'>intelligitur</span> <span class='ocrx_word' id='word_1_815' title='bbox 1819 1810 1829 1825; x_wconf 93' lang='lat'>,</span> <span class='ocrx_word' id='word_1_816' title='bbox 1859 1782 1918 1819; x_wconf 87' lang='lat' dir='ltr'>sed</span> <span class='ocrx_word' id='word_1_817' title='bbox 1935 1786 2124 1830; x_wconf 83' lang='lat' dir='ltr'>negative:</span> <span class='ocrx_word' id='word_1_818' title='bbox 2146 1786 2227 1821; x_wconf 89' lang='lat' dir='ltr'>licet</span> <span class='ocrx_word' id='word_1_819' title='bbox 2243 1789 2337 1823; x_wconf 90' lang='lat' dir='ltr'>enim</span> 
     </span>
     <span class='ocr_line' id='line_1_129' title="bbox 1385 1832 2340 1884; baseline 0 -14"><span class='ocrx_word' id='word_1_820' title='bbox 1385 1836 1421 1870; x_wconf 88' lang='lat' dir='ltr'>id</span> <span class='ocrx_word' id='word_1_821' title='bbox 1437 1832 1624 1880; x_wconf 72' lang='lat' dir='ltr'>objee&#39;tum</span> <span class='ocrx_word' id='word_1_822' title='bbox 1638 1845 1707 1869; x_wconf 86' lang='lat' dir='ltr'>non</span> <span class='ocrx_word' id='word_1_823' title='bbox 1722 1834 1761 1870; x_wconf 80' lang='lat' dir='ltr'>fit</span> <span class='ocrx_word' id='word_1_824' title='bbox 1775 1833 1954 1870; x_wconf 80' lang='lat' dir='ltr'>referibile</span> <span class='ocrx_word' id='word_1_825' title='bbox 1973 1847 1991 1869; x_wconf 85' lang='lat' dir='ltr'>a</span> <span class='ocrx_word' id='word_1_826' title='bbox 2006 1833 2039 1870; x_wconf 91' lang='lat' dir='ltr'>se</span> <span class='ocrx_word' id='word_1_827' title='bbox 2066 1836 2203 1873; x_wconf 83' lang='lat' dir='ltr'>ratione</span> <span class='ocrx_word' id='word_1_828' title='bbox 2221 1837 2340 1884; x_wconf 88' lang='lat' dir='ltr'>impo-</span> 
     </span>
     <span class='ocr_line' id='line_1_130' title="bbox 1388 1883 2339 1927; baseline 0.002 -7"><span class='ocrx_word' id='word_1_829' title='bbox 1388 1886 1504 1922; x_wconf 86' lang='lat' dir='ltr'>tentie</span> <span class='ocrx_word' id='word_1_830' title='bbox 1518 1885 1695 1922; x_wconf 83' lang='lat' dir='ltr'>naturalis</span> <span class='ocrx_word' id='word_1_831' title='bbox 1705 1883 1778 1921; x_wconf 83' lang='lat' dir='ltr'>suae</span> <span class='ocrx_word' id='word_1_832' title='bbox 1798 1911 1810 1927; x_wconf 92' lang='lat'><strong>,</strong></span> <span class='ocrx_word' id='word_1_833' title='bbox 1839 1897 1911 1922; x_wconf 88' lang='lat' dir='ltr'>non</span> <span class='ocrx_word' id='word_1_834' title='bbox 1929 1896 2050 1922; x_wconf 80' lang='lat' dir='ltr'>tamen</span> <span class='ocrx_word' id='word_1_835' title='bbox 2064 1885 2169 1921; x_wconf 88' lang='lat' dir='ltr'>causa</span> <span class='ocrx_word' id='word_1_836' title='bbox 2195 1887 2339 1923; x_wconf 86' lang='lat' dir='ltr'>bonita-</span> 
     </span>
     <span class='ocr_line' id='line_1_131' title="bbox 1383 1934 2336 1984; baseline 0.003 -12"><span class='ocrx_word' id='word_1_837' title='bbox 1383 1936 1429 1972; x_wconf 81' lang='lat' dir='ltr'>tis</span> <span class='ocrx_word' id='word_1_838' title='bbox 1440 1934 1576 1980; x_wconf 68' lang='lat' dir='ltr'>objeeti</span> <span class='ocrx_word' id='word_1_839' title='bbox 1590 1939 1624 1972; x_wconf 90' lang='lat' dir='ltr'>in</span> <span class='ocrx_word' id='word_1_840' title='bbox 1643 1948 1678 1972; x_wconf 87' lang='lat' dir='ltr'>re</span> <span class='ocrx_word' id='word_1_841' title='bbox 1691 1963 1702 1979; x_wconf 96' lang='lat'>‚</span> <span class='ocrx_word' id='word_1_842' title='bbox 1729 1937 1785 1971; x_wconf 88' lang='lat' dir='ltr'>vel</span> <span class='ocrx_word' id='word_1_843' title='bbox 1799 1937 1836 1971; x_wconf 86' lang='lat' dir='ltr'>in</span> <span class='ocrx_word' id='word_1_844' title='bbox 1865 1937 2114 1984; x_wconf 87' lang='lat' dir='ltr'>acceptatione</span> <span class='ocrx_word' id='word_1_845' title='bbox 2139 1939 2336 1984; x_wconf 82' lang='lat' dir='ltr'>potentiae.</span> 
     </span>
    </p>

    <p class='ocr_par' dir='ltr' id='par_1_23' title="bbox 1379 1985 2341 2694">
     <span class='ocr_line' id='line_1_132' title="bbox 1484 1985 2338 2038; baseline 0.001 -13"><span class='ocrx_word' id='word_1_846' title='bbox 1484 1985 1543 2025; x_wconf 85' lang='lat' dir='ltr'>Ad</span> <span class='ocrx_word' id='word_1_847' title='bbox 1559 1988 1727 2024; x_wconf 87' lang='lat' dir='ltr'>ultimum</span> <span class='ocrx_word' id='word_1_848' title='bbox 1745 1986 1960 2035; x_wconf 76' lang='lat' dir='ltr'>Respondet)</span> <span class='ocrx_word' id='word_1_849' title='bbox 1973 1988 2217 2036; x_wconf 78' lang='lat' dir='ltr'>iic:Qamvis</span> <span class='ocrx_word' id='word_1_850' title='bbox 2228 1991 2338 2038; x_wconf 54' lang='lat' dir='ltr'>appe-x</span> 
     </span>
     <span class='ocr_line' id='line_1_133' title="bbox 1383 2038 2335 2088; baseline 0.005 -15"><span class='ocrx_word' id='word_1_851' title='bbox 1383 2038 1472 2075; x_wconf 87' lang='lat' dir='ltr'>titus</span> <span class='ocrx_word' id='word_1_852' title='bbox 1490 2039 1661 2075; x_wconf 73' lang='lat' dir='ltr'>naturalis</span> <span class='ocrx_word' id='word_1_853' title='bbox 1678 2038 1789 2075; x_wconf 83' lang='lat' dir='ltr'>alicui</span> <span class='ocrx_word' id='word_1_854' title='bbox 1807 2038 1981 2075; x_wconf 66' lang='lat' dir='ltr'>inhaereat</span> <span class='ocrx_word' id='word_1_855' title='bbox 1995 2049 2145 2087; x_wconf 74' lang='lat' dir='ltr'>propter</span> <span class='ocrx_word' id='word_1_856' title='bbox 2173 2038 2207 2076; x_wconf 88' lang='lat' dir='ltr'>se</span> <span class='ocrx_word' id='word_1_857' title='bbox 2225 2053 2335 2088; x_wconf 86' lang='lat' dir='ltr'>nega·</span> 
     </span>
     <span class='ocr_line' id='line_1_134' title="bbox 1384 2090 2335 2140; baseline 0.003 -16"><span class='ocrx_word' id='word_1_858' title='bbox 1384 2091 1459 2124; x_wconf 84' lang='lat' dir='ltr'>tive</span> <span class='ocrx_word' id='word_1_859' title='bbox 1476 2114 1489 2131; x_wconf 89' lang='lat'><em>‚</em></span> <span class='ocrx_word' id='word_1_860' title='bbox 1514 2102 1584 2129; x_wconf 82' lang='lat' dir='ltr'>non</span> <span class='ocrx_word' id='word_1_861' title='bbox 1598 2101 1716 2126; x_wconf 89' lang='lat' dir='ltr'>tamen</span> <span class='ocrx_word' id='word_1_862' title='bbox 1732 2091 1926 2133; x_wconf 79' lang='lat' dir='ltr'>contrarie,</span> <span class='ocrx_word' id='word_1_863' title='bbox 1941 2100 1983 2125; x_wconf 88' lang='lat' dir='ltr'>ut</span> <span class='ocrx_word' id='word_1_864' title='bbox 2000 2090 2035 2125; x_wconf 90' lang='lat' dir='ltr'>in</span> <span class='ocrx_word' id='word_1_865' title='bbox 2050 2091 2218 2140; x_wconf 88' lang='lat' dir='ltr'>pluribus</span> <span class='ocrx_word' id='word_1_866' title='bbox 2232 2116 2242 2134; x_wconf 92' lang='lat'>,</span> <span class='ocrx_word' id='word_1_867' title='bbox 2272 2091 2335 2138; x_wconf 74' lang='lat' dir='ltr'>etlj</span> 
     </span>
     <span class='ocr_line' id='line_1_135' title="bbox 1383 2138 2336 2189; baseline 0.003 -14"><span class='ocrx_word' id='word_1_868' title='bbox 1383 2138 1605 2189; x_wconf 83' lang='lat' dir='ltr'>quandoque</span> <span class='ocrx_word' id='word_1_869' title='bbox 1619 2141 1798 2177; x_wconf 84' lang='lat' dir='ltr'>contrarie</span> <span class='ocrx_word' id='word_1_870' title='bbox 1813 2166 1823 2182; x_wconf 90' lang='lat'>,</span> <span class='ocrx_word' id='word_1_871' title='bbox 1849 2153 1922 2177; x_wconf 89' lang='lat' dir='ltr'>non</span> <span class='ocrx_word' id='word_1_872' title='bbox 1938 2151 2057 2176; x_wconf 89' lang='lat' dir='ltr'>tamen</span> <span class='ocrx_word' id='word_1_873' title='bbox 2071 2152 2190 2178; x_wconf 86' lang='lat' dir='ltr'>amore</span> <span class='ocrx_word' id='word_1_874' title='bbox 2224 2142 2336 2178; x_wconf 79' lang='lat' dir='ltr'>inhae-</span> 
     </span>
     <span class='ocr_line' id='line_1_136' title="bbox 1384 2189 2334 2240; baseline 0.003 -15"><span class='ocrx_word' id='word_1_875' title='bbox 1384 2202 1439 2226; x_wconf 87' lang='lat' dir='ltr'>ret</span> <span class='ocrx_word' id='word_1_876' title='bbox 1460 2217 1471 2233; x_wconf 92' lang='lat'><strong>,</strong></span> <span class='ocrx_word' id='word_1_877' title='bbox 1496 2189 1553 2227; x_wconf 88' lang='lat' dir='ltr'>sed</span> <span class='ocrx_word' id='word_1_878' title='bbox 1571 2204 1634 2229; x_wconf 87' lang='lat' dir='ltr'>nec</span> <span class='ocrx_word' id='word_1_879' title='bbox 1648 2193 1752 2227; x_wconf 82' lang='lat' dir='ltr'>etiam</span> <span class='ocrx_word' id='word_1_880' title='bbox 1770 2192 1916 2240; x_wconf 80' lang='lat' dir='ltr'>proprie</span> <span class='ocrx_word' id='word_1_881' title='bbox 1933 2191 2079 2227; x_wconf 80' lang='lat' dir='ltr'>inhaeret</span> <span class='ocrx_word' id='word_1_882' title='bbox 2094 2191 2176 2235; x_wconf 83' lang='lat' dir='ltr'>,sed</span> <span class='ocrx_word' id='word_1_883' title='bbox 2194 2195 2238 2229; x_wconf 88' lang='lat' dir='ltr'>ab</span> <span class='ocrx_word' id='word_1_884' title='bbox 2256 2193 2334 2240; x_wconf 93' lang='lat' dir='ltr'>ipso</span> 
     </span>
     <span class='ocr_line' id='line_1_137' title="bbox 1383 2240 2334 2290; baseline 0.004 -14"><span class='ocrx_word' id='word_1_885' title='bbox 1383 2240 1490 2279; x_wconf 79' lang='lat' dir='ltr'>dante</span> <span class='ocrx_word' id='word_1_886' title='bbox 1505 2254 1670 2279; x_wconf 83' lang='lat' dir='ltr'>naturam</span> <span class='ocrx_word' id='word_1_887' title='bbox 1684 2270 1695 2285; x_wconf 93' lang='lat'>‚</span> <span class='ocrx_word' id='word_1_888' title='bbox 1720 2242 1818 2290; x_wconf 76' lang='lat' dir='ltr'>quasi</span> <span class='ocrx_word' id='word_1_889' title='bbox 1834 2241 1998 2288; x_wconf 82' lang='lat' dir='ltr'>infigitur</span> <span class='ocrx_word' id='word_1_890' title='bbox 2012 2243 2061 2278; x_wconf 87' lang='lat' dir='ltr'>illi</span> <span class='ocrx_word' id='word_1_891' title='bbox 2077 2241 2223 2289; x_wconf 65' lang='lat' dir='ltr'>objetsto</span> <span class='ocrx_word' id='word_1_892' title='bbox 2234 2271 2244 2286; x_wconf 86' lang='lat'>‚</span> <span class='ocrx_word' id='word_1_893' title='bbox 2261 2256 2334 2279; x_wconf 90' lang='lat' dir='ltr'>non</span> 
     </span>
     <span class='ocr_line' id='line_1_138' title="bbox 1382 2291 2335 2341; baseline 0.005 -16"><span class='ocrx_word' id='word_1_894' title='bbox 1382 2291 1528 2341; x_wconf 88' lang='lat' dir='ltr'>quidem</span> <span class='ocrx_word' id='word_1_895' title='bbox 1543 2305 1604 2340; x_wconf 89' lang='lat' dir='ltr'>per</span> <span class='ocrx_word' id='word_1_896' title='bbox 1621 2293 1738 2330; x_wconf 67' lang='lat' dir='ltr'>aftum</span> <span class='ocrx_word' id='word_1_897' title='bbox 1752 2292 1912 2329; x_wconf 80' lang='lat' dir='ltr'>elicitum</span> <span class='ocrx_word' id='word_1_898' title='bbox 1925 2294 2032 2329; x_wconf 83' lang='lat' dir='ltr'>alium</span> <span class='ocrx_word' id='word_1_899' title='bbox 2049 2305 2068 2328; x_wconf 88' lang='lat' dir='ltr'>a</span> <span class='ocrx_word' id='word_1_900' title='bbox 2084 2305 2229 2336; x_wconf 87' lang='lat' dir='ltr'>natura,</span> <span class='ocrx_word' id='word_1_901' title='bbox 2244 2295 2335 2330; x_wconf 84' lang='lat' dir='ltr'>ficut</span> 
     </span>
     <span class='ocr_line' id='line_1_139' title="bbox 1384 2341 2337 2393; baseline 0.002 -15"><span class='ocrx_word' id='word_1_902' title='bbox 1384 2341 1434 2378; x_wconf 87' lang='lat' dir='ltr'>est</span> <span class='ocrx_word' id='word_1_903' title='bbox 1448 2344 1602 2379; x_wconf 85' lang='lat' dir='ltr'>etiamin</span> <span class='ocrx_word' id='word_1_904' title='bbox 1619 2343 1780 2392; x_wconf 85' lang='lat' dir='ltr'>appetitu</span> <span class='ocrx_word' id='word_1_905' title='bbox 1796 2341 1964 2380; x_wconf 77' lang='lat' dir='ltr'>senfitivo</span> <span class='ocrx_word' id='word_1_906' title='bbox 1983 2370 1993 2384; x_wconf 87' lang='lat'>,</span> <span class='ocrx_word' id='word_1_907' title='bbox 2023 2344 2080 2380; x_wconf 90' lang='lat' dir='ltr'>sed</span> <span class='ocrx_word' id='word_1_908' title='bbox 2094 2357 2158 2393; x_wconf 89' lang='lat' dir='ltr'>per</span> <span class='ocrx_word' id='word_1_909' title='bbox 2182 2346 2337 2380; x_wconf 84' lang='lat' dir='ltr'>inclina·</span> 
     </span>
     <span class='ocr_line' id='line_1_140' title="bbox 1383 2393 2336 2441; baseline 0.004 -14"><span class='ocrx_word' id='word_1_910' title='bbox 1383 2393 1518 2429; x_wconf 86' lang='lat' dir='ltr'>tionem</span> <span class='ocrx_word' id='word_1_911' title='bbox 1534 2393 1754 2431; x_wconf 80' lang='lat' dir='ltr'>habitualem</span> <span class='ocrx_word' id='word_1_912' title='bbox 1770 2404 1906 2431; x_wconf 81' lang='lat' dir='ltr'>naturae</span> <span class='ocrx_word' id='word_1_913' title='bbox 1921 2420 1930 2429; x_wconf 85' lang='lat'>.</span> <span class='ocrx_word' id='word_1_914' title='bbox 1950 2395 2060 2429; x_wconf 84' lang='lat' dir='ltr'>Unde</span> <span class='ocrx_word' id='word_1_915' title='bbox 2074 2422 2086 2438; x_wconf 91' lang='lat'>‚</span> <span class='ocrx_word' id='word_1_916' title='bbox 2103 2396 2192 2431; x_wconf 83' lang='lat' dir='ltr'>ficut</span> <span class='ocrx_word' id='word_1_917' title='bbox 2205 2395 2336 2441; x_wconf 84' lang='lat' dir='ltr'>praedi·</span> 
     </span>
     <span class='ocr_line' id='line_1_141' title="bbox 1383 2442 2335 2493; baseline 0.005 -16"><span class='ocrx_word' id='word_1_918' title='bbox 1383 2442 1479 2479; x_wconf 65' lang='lat' dir='ltr'>&amp;tum</span> <span class='ocrx_word' id='word_1_919' title='bbox 1492 2443 1538 2482; x_wconf 82' lang='lat' dir='ltr'>est</span> <span class='ocrx_word' id='word_1_920' title='bbox 1556 2472 1567 2487; x_wconf 91' lang='lat'>‚</span> <span class='ocrx_word' id='word_1_921' title='bbox 1593 2446 1711 2481; x_wconf 87' lang='lat' dir='ltr'>minus</span> <span class='ocrx_word' id='word_1_922' title='bbox 1726 2447 1897 2481; x_wconf 88' lang='lat' dir='ltr'>convenit</span> <span class='ocrx_word' id='word_1_923' title='bbox 1914 2445 1974 2480; x_wconf 82' lang='lat' dir='ltr'>libi</span> <span class='ocrx_word' id='word_1_924' title='bbox 1992 2445 2063 2481; x_wconf 87' lang='lat' dir='ltr'>frui</span> <span class='ocrx_word' id='word_1_925' title='bbox 2084 2473 2092 2485; x_wconf 82' lang='lat'>‚</span> <span class='ocrx_word' id='word_1_926' title='bbox 2105 2457 2213 2493; x_wconf 87' lang='lat' dir='ltr'>quam</span> <span class='ocrx_word' id='word_1_927' title='bbox 2231 2444 2335 2482; x_wconf 76' lang='lat' dir='ltr'>senst-</span> 
     </span>
     <span class='ocr_line' id='line_1_142' title="bbox 1381 2494 2337 2543; baseline 0.005 -16"><span class='ocrx_word' id='word_1_928' title='bbox 1381 2494 1460 2528; x_wconf 80' lang='lat' dir='ltr'>tivo</span> <span class='ocrx_word' id='word_1_929' title='bbox 1477 2497 1652 2543; x_wconf 84' lang='lat' dir='ltr'>appetitui</span> <span class='ocrx_word' id='word_1_930' title='bbox 1673 2524 1679 2534; x_wconf 91' lang='lat'><em>.</em></span> <span class='ocrx_word' id='word_1_931' title='bbox 1704 2496 1766 2541; x_wconf 86' lang='lat' dir='ltr'>qui</span> <span class='ocrx_word' id='word_1_932' title='bbox 1782 2507 1847 2542; x_wconf 82' lang='lat' dir='ltr'>per</span> <span class='ocrx_word' id='word_1_933' title='bbox 1866 2496 1986 2532; x_wconf 61' lang='lat' dir='ltr'>naum</span> <span class='ocrx_word' id='word_1_934' title='bbox 2011 2496 2175 2532; x_wconf 87' lang='lat' dir='ltr'>elicitum</span> <span class='ocrx_word' id='word_1_935' title='bbox 2192 2523 2203 2538; x_wconf 88' lang='lat'>‚</span> <span class='ocrx_word' id='word_1_936' title='bbox 2230 2495 2337 2543; x_wconf 86' lang='lat' dir='ltr'>obje-</span> 
     </span>
     <span class='ocr_line' id='line_1_143' title="bbox 1381 2542 2337 2593; baseline 0.005 -15"><span class='ocrx_word' id='word_1_937' title='bbox 1381 2542 1440 2578; x_wconf 67' lang='lat' dir='ltr'>eto</span> <span class='ocrx_word' id='word_1_938' title='bbox 1457 2542 1529 2590; x_wconf 81' lang='lat' dir='ltr'>jam</span> <span class='ocrx_word' id='word_1_939' title='bbox 1543 2547 1692 2592; x_wconf 84' lang='lat' dir='ltr'>cognito</span> <span class='ocrx_word' id='word_1_940' title='bbox 1703 2545 1801 2593; x_wconf 73' lang='lat' dir='ltr'>quast</span> <span class='ocrx_word' id='word_1_941' title='bbox 1818 2546 1966 2582; x_wconf 81' lang='lat' dir='ltr'>inhaeret</span> <span class='ocrx_word' id='word_1_942' title='bbox 1981 2572 1993 2589; x_wconf 88' lang='lat'><strong><em>,</em></strong></span> <span class='ocrx_word' id='word_1_943' title='bbox 2015 2547 2097 2581; x_wconf 89' lang='lat' dir='ltr'>licet</span> <span class='ocrx_word' id='word_1_944' title='bbox 2119 2559 2189 2582; x_wconf 88' lang='lat' dir='ltr'>non</span> <span class='ocrx_word' id='word_1_945' title='bbox 2211 2547 2337 2584; x_wconf 85' lang='lat' dir='ltr'>libere.</span> 
     </span>
     <span class='ocr_line' id='line_1_144' title="bbox 1379 2593 2341 2643; baseline 0.002 -11"><span class='ocrx_word' id='word_1_946' title='bbox 1379 2593 1578 2642; x_wconf 84' lang='lat' dir='ltr'>Appetitus</span> <span class='ocrx_word' id='word_1_947' title='bbox 1594 2607 1716 2633; x_wconf 88' lang='lat' dir='ltr'>autem</span> <span class='ocrx_word' id='word_1_948' title='bbox 1736 2599 1908 2635; x_wconf 87' lang='lat' dir='ltr'>naturalis</span> <span class='ocrx_word' id='word_1_949' title='bbox 1924 2597 1994 2633; x_wconf 87' lang='lat' dir='ltr'>fine</span> <span class='ocrx_word' id='word_1_950' title='bbox 2006 2599 2105 2633; x_wconf 89' lang='lat' dir='ltr'>omni</span> <span class='ocrx_word' id='word_1_951' title='bbox 2128 2598 2341 2643; x_wconf 84' lang='lat' dir='ltr'>cognitione</span> 
     </span>
     <span class='ocr_line' id='line_1_145' title="bbox 1381 2649 1790 2694; baseline 0.015 -14"><span class='ocrx_word' id='word_1_952' title='bbox 1381 2656 1555 2694; x_wconf 86' lang='lat' dir='ltr'>perpetuo</span> <span class='ocrx_word' id='word_1_953' title='bbox 1571 2649 1765 2684; x_wconf 88' lang='lat' dir='ltr'>inclinatur</span> <span class='ocrx_word' id='word_1_954' title='bbox 1777 2672 1790 2686; x_wconf 85' lang='grc'><strong>.</strong></span> 
     </span>
    </p>
   </div>
   <div class='ocr_carea' id='block_1_13' title="bbox 1541 2722 2171 2763">
    <p class='ocr_par' dir='ltr' id='par_1_24' title="bbox 1541 2722 2171 2763">
     <span class='ocr_line' id='line_1_146' title="bbox 1541 2722 2171 2763; baseline -0.008 0"><span class='ocrx_word' id='word_1_955' title='bbox 1541 2722 2043 2763; x_wconf 77' lang='lat' dir='ltr'>ARTtCVLVS</span> <span class='ocrx_word' id='word_1_956' title='bbox 2103 2723 2171 2759; x_wconf 82' lang='lat' dir='ltr'>ln.</span> 
     </span>
    </p>
   </div>
   <div class='ocr_carea' id='block_1_14' title="bbox 1486 2797 2234 2836">
    <p class='ocr_par' dir='ltr' id='par_1_25' title="bbox 1486 2797 2234 2836">
     <span class='ocr_line' id='line_1_147' title="bbox 1486 2797 2234 2836; baseline 0.001 -2"><span class='ocrx_word' id='word_1_957' title='bbox 1486 2798 1623 2835; x_wconf 88' lang='lat' dir='ltr'>Utrum</span> <span class='ocrx_word' id='word_1_958' title='bbox 1643 2798 1769 2834; x_wconf 78' lang='lat' dir='ltr'>fruitio</span> <span class='ocrx_word' id='word_1_959' title='bbox 1782 2797 1823 2834; x_wconf 85' lang='lat' dir='ltr'>fit</span> <span class='ocrx_word' id='word_1_960' title='bbox 1836 2808 1980 2834; x_wconf 89' lang='lat' dir='ltr'>tantum</span> <span class='ocrx_word' id='word_1_961' title='bbox 1994 2797 2114 2835; x_wconf 90' lang='lat' dir='ltr'>ultimi</span> <span class='ocrx_word' id='word_1_962' title='bbox 2126 2799 2205 2836; x_wconf 85' lang='lat' dir='ltr'>finis</span> <span class='ocrx_word' id='word_1_963' title='bbox 2222 2824 2234 2835; x_wconf 93' lang='lat'><strong>.</strong></span> 
     </span>
    </p>
   </div>
   <div class='ocr_carea' id='block_1_15' title="bbox 1429 2873 2280 2972">
    <p class='ocr_par' dir='ltr' id='par_1_26' title="bbox 1429 2873 2280 2972">
     <span class='ocr_line' id='line_1_148' title="bbox 1429 2873 2280 2924; baseline 0.002 -14"><span class='ocrx_word' id='word_1_964' title='bbox 1429 2873 1567 2911; x_wconf 60' lang='lat' dir='ltr'>⁴C‘Doflor·</span> <span class='ocrx_word' id='word_1_965' title='bbox 1577 2887 1612 2920; x_wconf 81' lang='lat'>4.</span> <span class='ocrx_word' id='word_1_966' title='bbox 1631 2873 1665 2909; x_wconf 82' lang='lat' dir='ltr'>d.</span> <span class='ocrx_word' id='word_1_967' title='bbox 1682 2887 1743 2923; x_wconf 82' lang='lat'>49.</span> <span class='ocrx_word' id='word_1_968' title='bbox 1759 2887 1790 2924; x_wconf 85' lang='lat' dir='ltr'>q.</span> <span class='ocrx_word' id='word_1_969' title='bbox 1807 2884 1841 2918; x_wconf 82' lang='lat'>5.</span> <span class='ocrx_word' id='word_1_970' title='bbox 1851 2874 1892 2909; x_wconf 76' lang='lat' dir='ltr'>in</span> <span class='ocrx_word' id='word_1_971' title='bbox 1903 2873 2038 2919; x_wconf 78' lang='lat' dir='ltr'>Report</span> <span class='ocrx_word' id='word_1_972' title='bbox 2049 2873 2182 2911; x_wconf 80' lang='lat' dir='ltr'>ibidem</span> <span class='ocrx_word' id='word_1_973' title='bbox 2191 2886 2228 2923; x_wconf 86' lang='lat' dir='ltr'>q.</span> <span class='ocrx_word' id='word_1_974' title='bbox 2240 2888 2280 2922; x_wconf 74' lang='lat'>4.</span> 
     </span>
     <span class='ocr_line' id='line_1_149' title="bbox 1581 2924 2118 2972; baseline -0.002 -11"><span class='ocrx_word' id='word_1_975' title='bbox 1581 2925 1623 2961; x_wconf 89' lang='lat' dir='ltr'>S.</span> <span class='ocrx_word' id='word_1_976' title='bbox 1643 2924 1763 2963; x_wconf 75' lang='lat' dir='ltr'>Thura·</span> <span class='ocrx_word' id='word_1_977' title='bbox 1781 2937 1810 2961; x_wconf 86' lang='lat' dir='ltr'>t.</span> <span class='ocrx_word' id='word_1_978' title='bbox 1826 2933 1906 2972; x_wconf 84' lang='lat' dir='ltr'>2.q·</span> <span class='ocrx_word' id='word_1_979' title='bbox 1924 2935 1936 2961; x_wconf 80' lang='lat' dir='ltr'>t</span> <span class='ocrx_word' id='word_1_980' title='bbox 1951 2935 1978 2960; x_wconf 90' lang='lat' dir='ltr'>t.</span> <span class='ocrx_word' id='word_1_981' title='bbox 1993 2932 2063 2962; x_wconf 79' lang='lat' dir='ltr'>art.</span> <span class='ocrx_word' id='word_1_982' title='bbox 2083 2935 2118 2971; x_wconf 84' lang='lat'>3.</span> 
     </span>
    </p>
   </div>
   <div class='ocr_carea' id='block_1_16' title="bbox 1379 2999 2335 3810">
    <p class='ocr_par' dir='ltr' id='par_1_27' title="bbox 1379 2999 2335 3810">
     <span class='ocr_line' id='line_1_150' title="bbox 1414 2999 2335 3048; baseline 0.005 -13"><span class='ocrx_word' id='word_1_983' title='bbox 1414 3001 1428 3012; x_wconf 83' lang='lat'>’</span> <span class='ocrx_word' id='word_1_984' title='bbox 1500 3001 1621 3036; x_wconf 88' lang='lat' dir='ltr'>ldetur</span> <span class='ocrx_word' id='word_1_985' title='bbox 1633 3000 1824 3038; x_wconf 88' lang='lat' dir='ltr'>beatitudo</span> <span class='ocrx_word' id='word_1_986' title='bbox 1836 2999 2044 3048; x_wconf 76' lang='lat' dir='ltr'>simpliciter</span> <span class='ocrx_word' id='word_1_987' title='bbox 2058 3010 2129 3035; x_wconf 87' lang='lat' dir='ltr'>non</span> <span class='ocrx_word' id='word_1_988' title='bbox 2142 3000 2335 3040; x_wconf 80' lang='lat' dir='ltr'>consistere</span> 
     </span>
     <span class='ocr_line' id='line_1_151' title="bbox 1511 3050 2334 3099; baseline 0.006 -14"><span class='ocrx_word' id='word_1_989' title='bbox 1511 3053 1545 3087; x_wconf 90' lang='lat' dir='ltr'>in</span> <span class='ocrx_word' id='word_1_990' title='bbox 1560 3051 1641 3087; x_wconf 70' lang='lat' dir='ltr'>ac‘tu</span> <span class='ocrx_word' id='word_1_991' title='bbox 1660 3080 1670 3096; x_wconf 91' lang='lat'>‚</span> <span class='ocrx_word' id='word_1_992' title='bbox 1698 3054 1763 3099; x_wconf 91' lang='lat' dir='ltr'>qui</span> <span class='ocrx_word' id='word_1_993' title='bbox 1779 3050 1828 3087; x_wconf 87' lang='lat' dir='ltr'>est</span> <span class='ocrx_word' id='word_1_994' title='bbox 1841 3050 1968 3087; x_wconf 85' lang='lat' dir='ltr'>fruitio</span> <span class='ocrx_word' id='word_1_995' title='bbox 1985 3073 1995 3084; x_wconf 89' lang='grc'><strong>.</strong></span> <span class='ocrx_word' id='word_1_996' title='bbox 2009 3051 2150 3088; x_wconf 84' lang='lat' dir='ltr'>Etenim</span> <span class='ocrx_word' id='word_1_997' title='bbox 2176 3064 2249 3089; x_wconf 89' lang='lat' dir='ltr'>non</span> <span class='ocrx_word' id='word_1_998' title='bbox 2266 3053 2334 3089; x_wconf 68' lang='lat' dir='ltr'>ha-</span> 
     </span>
     <span class='ocr_line' id='line_1_152' title="bbox 1382 3100 2333 3142; baseline -0.002 0"><span class='ocrx_word' id='word_1_999' title='bbox 1382 3109 1468 3142; x_wconf 89' lang='lat' dir='ltr'>bens</span> <span class='ocrx_word' id='word_1_1000' title='bbox 1485 3103 1695 3140; x_wconf 80' lang='lat' dir='ltr'>charitatem</span> <span class='ocrx_word' id='word_1_1001' title='bbox 1716 3103 1738 3139; x_wconf 81' lang='lat' dir='ltr'>st</span> <span class='ocrx_word' id='word_1_1002' title='bbox 1757 3102 1912 3138; x_wconf 82' lang='lat' dir='ltr'>revelata</span> <span class='ocrx_word' id='word_1_1003' title='bbox 1929 3100 2017 3138; x_wconf 83' lang='lat' dir='ltr'>facie</span> <span class='ocrx_word' id='word_1_1004' title='bbox 2042 3101 2250 3140; x_wconf 87' lang='lat' dir='ltr'>intueretur</span> <span class='ocrx_word' id='word_1_1005' title='bbox 2277 3104 2333 3142; x_wconf 87' lang='lat' dir='ltr'>es-</span> 
     </span>
     <span class='ocr_line' id='line_1_153' title="bbox 1382 3152 2332 3200; baseline -0.001 -8"><span class='ocrx_word' id='word_1_1006' title='bbox 1382 3156 1524 3192; x_wconf 84' lang='lat' dir='ltr'>sentiam</span> <span class='ocrx_word' id='word_1_1007' title='bbox 1539 3154 1699 3190; x_wconf 74' lang='lat' dir='ltr'>divinam</span> <span class='ocrx_word' id='word_1_1008' title='bbox 1715 3177 1728 3195; x_wconf 77' lang='lat'>,</span> <span class='ocrx_word' id='word_1_1009' title='bbox 1752 3154 1787 3189; x_wconf 89' lang='lat' dir='ltr'>in</span> <span class='ocrx_word' id='word_1_1010' title='bbox 1802 3164 1878 3200; x_wconf 90' lang='lat' dir='ltr'>quo</span> <span class='ocrx_word' id='word_1_1011' title='bbox 1891 3152 1988 3187; x_wconf 80' lang='lat' dir='ltr'>nulla</span> <span class='ocrx_word' id='word_1_1012' title='bbox 2006 3162 2154 3199; x_wconf 88' lang='lat' dir='ltr'>apparet</span> <span class='ocrx_word' id='word_1_1013' title='bbox 2184 3164 2332 3191; x_wconf 82' lang='lat' dir='ltr'>contra·</span> 
     </span>
     <span class='ocr_line' id='line_1_154' title="bbox 1380 3202 2330 3253; baseline -0.002 -11"><span class='ocrx_word' id='word_1_1014' title='bbox 1380 3207 1490 3243; x_wconf 66' lang='lat' dir='ltr'>diffio</span> <span class='ocrx_word' id='word_1_1015' title='bbox 1505 3232 1514 3248; x_wconf 86' lang='lat'>‚</span> <span class='ocrx_word' id='word_1_1016' title='bbox 1527 3206 1656 3251; x_wconf 86' lang='lat' dir='ltr'>utique</span> <span class='ocrx_word' id='word_1_1017' title='bbox 1671 3203 1783 3253; x_wconf 78' lang='lat' dir='ltr'>posset</span> <span class='ocrx_word' id='word_1_1018' title='bbox 1800 3216 1839 3240; x_wconf 89' lang='lat' dir='ltr'>ea</span> <span class='ocrx_word' id='word_1_1019' title='bbox 1853 3202 1949 3243; x_wconf 88' lang='lat' dir='ltr'>frui,</span> <span class='ocrx_word' id='word_1_1020' title='bbox 1972 3203 2006 3238; x_wconf 70' lang='lat'>8&lt;</span> <span class='ocrx_word' id='word_1_1021' title='bbox 2023 3214 2141 3239; x_wconf 89' lang='lat' dir='ltr'>tamen</span> <span class='ocrx_word' id='word_1_1022' title='bbox 2154 3203 2225 3239; x_wconf 81' lang='lat' dir='ltr'>stne</span> <span class='ocrx_word' id='word_1_1023' title='bbox 2243 3204 2330 3240; x_wconf 82' lang='lat' dir='ltr'>cha-</span> 
     </span>
     <span class='ocr_line' id='line_1_155' title="bbox 1381 3252 2333 3304; baseline -0.001 -13"><span class='ocrx_word' id='word_1_1024' title='bbox 1381 3260 1486 3295; x_wconf 77' lang='lat' dir='ltr'>ritate</span> <span class='ocrx_word' id='word_1_1025' title='bbox 1498 3255 1564 3297; x_wconf 79' lang='lat' dir='ltr'>esse</span> <span class='ocrx_word' id='word_1_1026' title='bbox 1578 3269 1649 3292; x_wconf 87' lang='lat' dir='ltr'>non</span> <span class='ocrx_word' id='word_1_1027' title='bbox 1664 3254 1778 3304; x_wconf 80' lang='lat' dir='ltr'>posset</span> <span class='ocrx_word' id='word_1_1028' title='bbox 1807 3255 1936 3290; x_wconf 83' lang='lat' dir='ltr'>beatus</span> <span class='ocrx_word' id='word_1_1029' title='bbox 1960 3265 1969 3288; x_wconf 80' lang='lat' dir='ltr'>t</span> <span class='ocrx_word' id='word_1_1030' title='bbox 2001 3265 2081 3289; x_wconf 90' lang='lat' dir='ltr'>nam</span> <span class='ocrx_word' id='word_1_1031' title='bbox 2099 3252 2333 3293; x_wconf 74' lang='lat' dir='ltr'>secundum..</span> 
     </span>
     <span class='ocr_line' id='line_1_156' title="bbox 1381 3301 2329 3354; baseline 0.004 -17"><span class='ocrx_word' id='word_1_1032' title='bbox 1381 3306 1630 3354; x_wconf 71' lang='lat' dir='ltr'>Augustinum</span> <span class='ocrx_word' id='word_1_1033' title='bbox 1653 3316 1708 3350; x_wconf 74' lang='grc' dir='ltr'>ις.</span> <span class='ocrx_word' id='word_1_1034' title='bbox 1723 3304 1766 3340; x_wconf 89' lang='lat' dir='ltr'>de</span> <span class='ocrx_word' id='word_1_1035' title='bbox 1779 3304 1913 3340; x_wconf 84' lang='lat' dir='ltr'>Trinit.</span> <span class='ocrx_word' id='word_1_1036' title='bbox 1930 3313 2010 3351; x_wconf 87' lang='lat' dir='ltr'>cap.</span> <span class='ocrx_word' id='word_1_1037' title='bbox 2023 3317 2058 3351; x_wconf 92' lang='lat'>9.</span> <span class='ocrx_word' id='word_1_1038' title='bbox 2072 3301 2329 3350; x_wconf 73' lang='lat' dir='ltr'>Charitassbla</span> 
     </span>
     <span class='ocr_line' id='line_1_157' title="bbox 1381 3352 2330 3406; baseline 0 -14"><span class='ocrx_word' id='word_1_1039' title='bbox 1381 3358 1429 3406; x_wconf 83' lang='lat' dir='ltr'>est</span> <span class='ocrx_word' id='word_1_1040' title='bbox 1446 3385 1455 3400; x_wconf 91' lang='lat'>‚</span> <span class='ocrx_word' id='word_1_1041' title='bbox 1468 3369 1543 3406; x_wconf 72' lang='lat' dir='ltr'>qux</span> <span class='ocrx_word' id='word_1_1042' title='bbox 1558 3357 1694 3395; x_wconf 74' lang='lat' dir='ltr'>dividit</span> <span class='ocrx_word' id='word_1_1043' title='bbox 1705 3352 1898 3398; x_wconf 80' lang='lat' dir='ltr'>interfilios</span> <span class='ocrx_word' id='word_1_1044' title='bbox 1913 3355 2015 3400; x_wconf 76' lang='lat' dir='ltr'>regni</span> <span class='ocrx_word' id='word_1_1045' title='bbox 2031 3381 2040 3396; x_wconf 90' lang='lat'><em>‚</em></span> <span class='ocrx_word' id='word_1_1046' title='bbox 2053 3354 2098 3395; x_wconf 67' lang='grc' dir='ltr'>ὠ·</span> <span class='ocrx_word' id='word_1_1047' title='bbox 2105 3355 2330 3402; x_wconf 78' lang='lat' dir='ltr'>perditiom&#39;s.</span> 
     </span>
     <span class='ocr_line' id='line_1_158' title="bbox 1483 3403 2331 3451; baseline -0.005 -6"><span class='ocrx_word' id='word_1_1048' title='bbox 1483 3410 1656 3445; x_wconf 82' lang='lat' dir='ltr'>Praetcrea</span> <span class='ocrx_word' id='word_1_1049' title='bbox 1668 3435 1679 3451; x_wconf 90' lang='lat'><em>‚</em></span> <span class='ocrx_word' id='word_1_1050' title='bbox 1701 3407 1836 3443; x_wconf 87' lang='lat' dir='ltr'>Omnia</span> <span class='ocrx_word' id='word_1_1051' title='bbox 1852 3415 1979 3440; x_wconf 87' lang='lat' dir='ltr'>natura</span> <span class='ocrx_word' id='word_1_1052' title='bbox 1992 3403 2226 3441; x_wconf 69' lang='lat' dir='ltr'>intelleauali</span> <span class='ocrx_word' id='word_1_1053' title='bbox 2239 3405 2331 3441; x_wconf 81' lang='lat' dir='ltr'>infe-</span> 
     </span>
     <span class='ocr_line' id='line_1_159' title="bbox 1381 3454 2333 3503; baseline -0.002 -10"><span class='ocrx_word' id='word_1_1054' title='bbox 1381 3460 1472 3494; x_wconf 85' lang='lat' dir='ltr'>riora</span> <span class='ocrx_word' id='word_1_1055' title='bbox 1487 3485 1497 3500; x_wconf 86' lang='lat'><em>,</em></span> <span class='ocrx_word' id='word_1_1056' title='bbox 1525 3457 1588 3494; x_wconf 90' lang='lat' dir='ltr'>suo</span> <span class='ocrx_word' id='word_1_1057' title='bbox 1604 3460 1714 3497; x_wconf 84' lang='lat' dir='ltr'>modo</span> <span class='ocrx_word' id='word_1_1058' title='bbox 1728 3479 1740 3499; x_wconf 88' lang='lat'>‚</span> <span class='ocrx_word' id='word_1_1059' title='bbox 1768 3468 1894 3503; x_wconf 86' lang='lat' dir='ltr'>nempe</span> <span class='ocrx_word' id='word_1_1060' title='bbox 1908 3454 2104 3491; x_wconf 89' lang='lat' dir='ltr'>secundum</span> <span class='ocrx_word' id='word_1_1061' title='bbox 2116 3455 2222 3503; x_wconf 80' lang='lat' dir='ltr'><em>quid,</em></span> <span class='ocrx_word' id='word_1_1062' title='bbox 2247 3456 2333 3492; x_wconf 85' lang='lat' dir='ltr'>bea-</span> 
     </span>
     <span class='ocr_line' id='line_1_160' title="bbox 1381 3508 2332 3555; baseline -0.001 -12"><span class='ocrx_word' id='word_1_1063' title='bbox 1381 3508 1704 3555; x_wconf 76' lang='lat' dir='ltr'>tificantur,quum</span> <span class='ocrx_word' id='word_1_1064' title='bbox 1722 3508 1911 3554; x_wconf 89' lang='lat' dir='ltr'>potiuntur</span> <span class='ocrx_word' id='word_1_1065' title='bbox 1925 3517 2048 3542; x_wconf 87' lang='lat' dir='ltr'>eorum</span> <span class='ocrx_word' id='word_1_1066' title='bbox 2067 3533 2076 3547; x_wconf 91' lang='lat'>‚</span> <span class='ocrx_word' id='word_1_1067' title='bbox 2104 3517 2332 3552; x_wconf 81' lang='lat' dir='ltr'>quaeconcu-</span> 
     </span>
     <span class='ocr_line' id='line_1_161' title="bbox 1380 3557 2331 3607; baseline 0 -14"><span class='ocrx_word' id='word_1_1068' title='bbox 1380 3558 1519 3606; x_wconf 84' lang='lat' dir='ltr'>piscunt</span> <span class='ocrx_word' id='word_1_1069' title='bbox 1539 3572 1549 3600; x_wconf 82' lang='lat'>3</span> <span class='ocrx_word' id='word_1_1070' title='bbox 1580 3572 1669 3606; x_wconf 86' lang='lat' dir='ltr'>ergo</span> <span class='ocrx_word' id='word_1_1071' title='bbox 1683 3559 1812 3607; x_wconf 84' lang='lat' dir='ltr'>pariter</span> <span class='ocrx_word' id='word_1_1072' title='bbox 1829 3557 1862 3592; x_wconf 77' lang='lat' dir='ltr'>Sc</span> <span class='ocrx_word' id='word_1_1073' title='bbox 1880 3558 2049 3593; x_wconf 83' lang='lat' dir='ltr'>voluntas</span> <span class='ocrx_word' id='word_1_1074' title='bbox 2065 3558 2098 3592; x_wconf 92' lang='lat' dir='ltr'>in</span> <span class='ocrx_word' id='word_1_1075' title='bbox 2117 3557 2216 3592; x_wconf 78' lang='lat' dir='ltr'>simili</span> <span class='ocrx_word' id='word_1_1076' title='bbox 2232 3557 2331 3601; x_wconf 60' lang='lat' dir='ltr'>affin,</span> 
     </span>
     <span class='ocr_line' id='line_1_162' title="bbox 1380 3606 2332 3655; baseline 0 -11"><span class='ocrx_word' id='word_1_1077' title='bbox 1380 3609 1440 3645; x_wconf 75' lang='lat' dir='ltr'>etsi</span> <span class='ocrx_word' id='word_1_1078' title='bbox 1458 3610 1564 3653; x_wconf 83' lang='lat' dir='ltr'>longe</span> <span class='ocrx_word' id='word_1_1079' title='bbox 1576 3608 1813 3655; x_wconf 69' lang='lat' dir='ltr'>praestantiori</span> <span class='ocrx_word' id='word_1_1080' title='bbox 1827 3636 1838 3652; x_wconf 93' lang='lat'>‚</span> <span class='ocrx_word' id='word_1_1081' title='bbox 1850 3606 2076 3645; x_wconf 82' lang='lat' dir='ltr'>beatificatur</span> <span class='ocrx_word' id='word_1_1082' title='bbox 2091 3620 2100 3643; x_wconf 78' lang='grc' dir='ltr'><strong>ε</strong></span> <span class='ocrx_word' id='word_1_1083' title='bbox 2116 3608 2251 3644; x_wconf 75' lang='grc' dir='ltr'>Γτυίιῐο</span> <span class='ocrx_word' id='word_1_1084' title='bbox 2266 3620 2332 3644; x_wconf 88' lang='lat' dir='ltr'>au-</span> 
     </span>
     <span class='ocr_line' id='line_1_163' title="bbox 1379 3656 2190 3708; baseline -0.002 -14"><span class='ocrx_word' id='word_1_1085' title='bbox 1379 3670 1450 3695; x_wconf 89' lang='lat' dir='ltr'>tem</span> <span class='ocrx_word' id='word_1_1086' title='bbox 1467 3671 1538 3695; x_wconf 86' lang='lat' dir='ltr'>non</span> <span class='ocrx_word' id='word_1_1087' title='bbox 1552 3659 1603 3695; x_wconf 88' lang='lat' dir='ltr'>est</span> <span class='ocrx_word' id='word_1_1088' title='bbox 1621 3662 1751 3708; x_wconf 85' lang='lat' dir='ltr'>aliquis</span> <span class='ocrx_word' id='word_1_1089' title='bbox 1766 3656 1867 3696; x_wconf 62' lang='lat' dir='ltr'>aetus</span> <span class='ocrx_word' id='word_1_1090' title='bbox 1883 3657 2163 3705; x_wconf 88' lang='lat' dir='ltr'>concupiscendi</span> <span class='ocrx_word' id='word_1_1091' title='bbox 2180 3684 2190 3693; x_wconf 86' lang='lat'><strong>.</strong></span> 
     </span>
     <span class='ocr_line' id='line_1_164' title="bbox 1481 3709 2329 3757; baseline 0.002 -13"><span class='ocrx_word' id='word_1_1092' title='bbox 1481 3710 1651 3746; x_wconf 71' lang='lat' dir='ltr'>Praeterea</span> <span class='ocrx_word' id='word_1_1093' title='bbox 1671 3738 1683 3754; x_wconf 88' lang='lat'><em>‚</em></span> <span class='ocrx_word' id='word_1_1094' title='bbox 1711 3710 1902 3746; x_wconf 87' lang='lat' dir='ltr'>secundum</span> <span class='ocrx_word' id='word_1_1095' title='bbox 1935 3709 2184 3752; x_wconf 76' lang='lat' dir='ltr'>Augustinum</span> <span class='ocrx_word' id='word_1_1096' title='bbox 2201 3722 2236 3757; x_wconf 91' lang='lat'>9.</span> <span class='ocrx_word' id='word_1_1097' title='bbox 2253 3709 2329 3746; x_wconf 68' lang='lat' dir='ltr'>dte-a</span> 
     </span>
     <span class='ocr_line' id='line_1_165' title="bbox 1379 3758 2328 3810; baseline 0 -14"><span class='ocrx_word' id='word_1_1098' title='bbox 1379 3760 1516 3796; x_wconf 86' lang='lat' dir='ltr'>Trinit.</span> <span class='ocrx_word' id='word_1_1099' title='bbox 1530 3772 1607 3806; x_wconf 87' lang='lat' dir='ltr'>cap.</span> <span class='ocrx_word' id='word_1_1100' title='bbox 1634 3762 1704 3797; x_wconf 90' lang='lat' dir='ltr'>ult.</span> <span class='ocrx_word' id='word_1_1101' title='bbox 1720 3788 1728 3801; x_wconf 93' lang='lat'>,</span> <span class='ocrx_word' id='word_1_1102' title='bbox 1752 3763 1923 3810; x_wconf 78' lang='lat' dir='ltr'>appetitus</span> <span class='ocrx_word' id='word_1_1103' title='bbox 1934 3760 2109 3797; x_wconf 70' lang='lat' dir='ltr'>inhiantis</span> <span class='ocrx_word' id='word_1_1104' title='bbox 2127 3787 2137 3802; x_wconf 90' lang='lat'>‚</span> <span class='ocrx_word' id='word_1_1105' title='bbox 2151 3758 2204 3803; x_wconf 78' lang='lat' dir='ltr'>fit</span> <span class='ocrx_word' id='word_1_1106' title='bbox 2229 3771 2328 3796; x_wconf 82' lang='lat' dir='ltr'>amor</span> 
     </span>
    </p>
   </div>
   <div class='ocr_carea' id='block_1_17' title="bbox 1370 3809 2325 3897">
    <p class='ocr_par' dir='ltr' id='par_1_28' title="bbox 1370 3809 2325 3897">
     <span class='ocr_line' id='line_1_166' title="bbox 1370 3809 2325 3860; baseline -0.003 -13"><span class='ocrx_word' id='word_1_1107' title='bbox 1370 3809 1555 3857; x_wconf 75' lang='lat' dir='ltr'>fruentis.</span> <span class='ocrx_word' id='word_1_1108' title='bbox 1572 3812 1960 3860; x_wconf 75' lang='lat' dir='ltr'>Appetitusinhiamis</span> <span class='ocrx_word' id='word_1_1109' title='bbox 1987 3811 2195 3860; x_wconf 85' lang='lat' dir='ltr'>pertinetad</span> <span class='ocrx_word' id='word_1_1110' title='bbox 2225 3820 2325 3845; x_wconf 76' lang='lat' dir='ltr'>amo-</span> 
     </span>
     <span class='ocr_line' id='line_1_167' title="bbox 2203 3873 2273 3897; baseline -0.014 0"><span class='ocrx_word' id='word_1_1111' title='bbox 2203 3873 2273 3897; x_wconf 90' lang='lat' dir='ltr'>rem</span> 
     </span>
    </p>
   </div>
   <div class='ocr_carea' id='block_1_18' title="bbox 2376 509 2573 659">
    <p class='ocr_par' dir='ltr' id='par_1_29' title="bbox 2376 509 2573 659">
     <span class='ocr_line' id='line_1_168' title="bbox 2395 509 2573 545; baseline 0.017 -6"><span class='ocrx_word' id='word_1_1112' title='bbox 2395 509 2492 540; x_wconf 89' lang='lat' dir='ltr'>Nemo</span> <span class='ocrx_word' id='word_1_1113' title='bbox 2498 514 2573 545; x_wconf 59' lang='lat' dir='ltr'>ordi-⁴</span> 
     </span>
     <span class='ocr_line' id='line_1_169' title="bbox 2377 550 2571 583; baseline 0.021 -5"><span class='ocrx_word' id='word_1_1114' title='bbox 2377 557 2444 578; x_wconf 85' lang='lat' dir='ltr'>nate</span> <span class='ocrx_word' id='word_1_1115' title='bbox 2478 550 2571 583; x_wconf 78' lang='lat' dir='ltr'>fruitur</span> 
     </span>
     <span class='ocr_line' id='line_1_170' title="bbox 2376 590 2571 630; baseline 0.021 -14"><span class='ocrx_word' id='word_1_1116' title='bbox 2376 595 2414 630; x_wconf 70' lang='lat' dir='ltr'>eq</span> <span class='ocrx_word' id='word_1_1117' title='bbox 2427 605 2438 621; x_wconf 83' lang='lat'>‚</span> <span class='ocrx_word' id='word_1_1118' title='bbox 2449 598 2505 626; x_wconf 78' lang='lat' dir='ltr'>quo</span> <span class='ocrx_word' id='word_1_1119' title='bbox 2514 590 2571 622; x_wconf 82' lang='lat' dir='ltr'>vult</span> 
     </span>
     <span class='ocr_line' id='line_1_171' title="bbox 2377 623 2537 659; baseline 0.025 -5"><span class='ocrx_word' id='word_1_1120' title='bbox 2377 623 2465 657; x_wconf 74' lang='lat' dir='ltr'>altum</span> <span class='ocrx_word' id='word_1_1121' title='bbox 2475 628 2515 658; x_wconf 85' lang='lat' dir='ltr'>uti</span> <span class='ocrx_word' id='word_1_1122' title='bbox 2526 647 2537 659; x_wconf 82' lang='lat'>.</span> 
     </span>
    </p>
   </div>
   <div class='ocr_carea' id='block_1_19' title="bbox 2407 1919 2568 1953">
    <p class='ocr_par' dir='ltr' id='par_1_30' title="bbox 2407 1919 2568 1953">
     <span class='ocr_line' id='line_1_172' title="bbox 2407 1919 2568 1953; baseline 0.031 -5"><span class='ocrx_word' id='word_1_1123' title='bbox 2407 1919 2568 1953; x_wconf 68' lang='lat' dir='ltr'>videnda-3</span> 
     </span>
    </p>
   </div>
   <div class='ocr_carea' id='block_1_20' title="bbox 2369 1957 2615 2036">
    <p class='ocr_par' dir='ltr' id='par_1_31' title="bbox 2369 1957 2615 2036">
     <span class='ocr_line' id='line_1_173' title="bbox 2369 1957 2615 1997; baseline 0.008 -10"><span class='ocrx_word' id='word_1_1124' title='bbox 2369 1957 2469 1988; x_wconf 83' lang='lat' dir='ltr'>Gloffa</span> <span class='ocrx_word' id='word_1_1125' title='bbox 2481 1961 2566 1997; x_wconf 64' lang='lat' dir='ltr'>Magi.</span> <span class='ocrx_word' id='word_1_1126' title='bbox 2614 1965 2615 1989; x_wconf 66' lang='grc' dir='ltr'>ἕ</span> 
     </span>
     <span class='ocr_line' id='line_1_174' title="bbox 2370 1996 2615 2036; baseline 0.008 -8"><span class='ocrx_word' id='word_1_1127' title='bbox 2370 1997 2417 2028; x_wconf 78' lang='lat' dir='ltr'>stt·</span> <span class='ocrx_word' id='word_1_1128' title='bbox 2431 1996 2564 2036; x_wconf 67' lang='lat' dir='ltr'>Lycheiia</span> <span class='ocrx_word' id='word_1_1129' title='bbox 2614 2004 2615 2009; x_wconf 62' lang='lat'>¹</span> 
     </span>
    </p>
   </div>
   <div class='ocr_carea' id='block_1_21' title="bbox 2369 2086 2613 2128">
    <p class='ocr_par' dir='ltr' id='par_1_32' title="bbox 2369 2086 2613 2128">
     <span class='ocr_line' id='line_1_175' title="bbox 2369 2086 2613 2128; baseline 0.012 -12"><span class='ocrx_word' id='word_1_1130' title='bbox 2369 2086 2569 2128; x_wconf 54' lang='lat' dir='ltr'>Delum-day·</span> <span class='ocrx_word' id='word_1_1131' title='bbox 2612 2119 2613 2122; x_wconf 68' lang='grc'>,</span> 
     </span>
    </p>
   </div>
   <div class='ocr_carea' id='block_1_22' title="bbox 2369 2134 2462 2163">
    <p class='ocr_par' dir='ltr' id='par_1_33' title="bbox 2369 2134 2462 2163">
     <span class='ocr_line' id='line_1_176' title="bbox 2369 2134 2462 2163; baseline 0 -8"><span class='ocrx_word' id='word_1_1132' title='bbox 2369 2134 2401 2163; x_wconf 83' lang='lat' dir='ltr'>q.</span> <span class='ocrx_word' id='word_1_1133' title='bbox 2413 2134 2462 2160; x_wconf 84' lang='grc' dir='ltr'>ιο.</span> 
     </span>
    </p>
   </div>
   <div class='ocr_carea' id='block_1_23' title="bbox 2630 660 2637 807">
    <p class='ocr_par' dir='ltr' id='par_1_34' title="bbox 2630 660 2637 807">
     <span class='ocr_line' id='line_1_177' title="bbox 2630 660 2637 807; textangle 90"><span class='ocrx_word' id='word_1_1134' title='bbox 2631 798 2632 807; x_wconf 40' lang='lat'><em>⁴</em></span> <span class='ocrx_word' id='word_1_1135' title='bbox 2630 660 2637 748; x_wconf 34' lang='lat'>21⁴⁴«.-</span> 
     </span>
    </p>
   </div>
   <div class='ocr_carea' id='block_1_24' title="bbox 2580 1326 2640 3856">
    <p class='ocr_par' dir='ltr' id='par_1_35' title="bbox 2580 1326 2640 3856">
     <span class='ocr_line' id='line_1_178' title="bbox 2580 1326 2640 3856; baseline 0 0"><span class='ocrx_word' id='word_1_1136' title='bbox 2580 1326 2640 3856; x_wconf 95' lang='lat' dir='ltr'> </span> 
     </span>
    </p>
   </div>
  </div>
 </body>
</html>
