2618 4027
771 189 934 241 Tomus
964 190 1048 239 III.
1075 189 1210 241 Part.
1235 192 1274 243 Ῑ.
1289 191 1484 266 Qaestt'o
1510 193 1589 242 VI·
1615 195 1718 244 Art.
1733 196 1813 246 IV.

42 258 254 320 id'ffieultatem
287 278 376 314 ergo
388 274 470 312 agat
484 291 495 307 ‚
507 263 569 300 seu
579 269 651 300 non
667 268 752 305 agat
769 286 781 302 ,
806 260 894 297 idest
908 289 918 303 ‚
933 260 992 298 seu
1009 274 1115 308 agere
1128 263 1239 302 omit.

40 290 157 358 is'ecrat
172 327 252 356 vide·
284 330 340 354 tat
355 344 367 360 ‚
392 317 437 353 de
452 313 534 361 ejus
546 308 721 360 potestate
736 309 786 348 est
804 337 814 352 ,
840 322 880 349 ac
896 323 1083 360 utrunque
1109 313 1158 349 est
1173 313 1238 360 ipsi

39 369 42 403 1
63 365 253 402 uti-'quaeum
287 366 548 404 voluntarium
566 362 608 399 Et
620 371 702 397 cum
716 361 975 411 instatussqtiia
991 364 1238 401 voluntarium

39 405 81 472 ἐξ
94 403 250 448 ,Μῆἢήῑέω
287 419 338 455 est
350 415 449 464 quod
465 416 502 452 in
515 410 705 449 voluntate
715 411 803 450 aetii
813 425 832 447 e
844 416 1053 453 continetur
1066 437 1077 449 .
1096 414 1237 462 Utique

38 454 41 501 ἶ
75 451 114 472 ⁶¹¹
134 448 251 473 ‘nam'
286 471 335 507 ita
348 466 398 503 est
410 477 490 501 nam
503 462 603 511 quod
619 474 723 507 agere
737 465 883 500 omittat
900 490 911 506 ,
936 462 1016 509 ejus
1031 463 1157 500 affivae
1172 476 1237 512 po-

284 516 403 559 testati
413 514 683 552 attribuendum
697 511 747 549 est
758 540 769 555 ,
784 513 818 549 &
834 513 915 550 ideo
928 513 1019 551 τεᾶε
1033 514 1236 554 voluntarie

283 570 400 606 facere
413 565 547 603 dicitur
565 564 626 600 seu
647 564 755 600 vellet
767 590 778 605 ,
800 563 862 600 seu
874 564 965 601 velle
975 565 1116 603 omittet
1137 575 1236 610 3quo

280 621 319 658 in
344 615 428 652 casu
459 626 548 651 tunc
569 617 727 666 primum
755 613 844 652 inest
872 615 1051 653 voluntati
1078 615 1235 663 privatio

282 668 382 705 adius
395 666 569 714 positivi,
589 666 654 712 qui
667 665 699 701 ei
715 664 890 701 omissioni
906 693 919 708 ,
943 667 1000 703 vel
1027 664 1235 712 privatione

280 718 479 765 opponitur
500 715 809 758 centradietorie;
834 727 917 752 nam
942 727 1024 752 ante
1040 715 1075 750 id
1101 714 1235 750 instans

280 766 427 818 praecife
443 767 494 808 est
506 766 609 810 astus
639 767 778 814 primus
804 767 1008 803 voluntatis
1028 764 1233 802 indifferens

278 819 327 855 de
341 818 375 856 se
387 817 430 854 ad
443 829 629 864 utrunque
643 844 655 860 ,
677 819 714 854 in
726 828 796 862 qua
807 818 1014 864 precilione
1029 828 1100 853 non
1112 816 1162 853 est
1177 815 1236 854 su·

280 869 444 913 Nectum
454 869 671 916 privationis
685 868 794 904 ullius
809 866 910 910 aetus
922 894 932 904 .

57 928 194 963 gamm,
204 930 247 960 bic
383 919 444 960 Ad
457 920 605 955 tertium
622 918 671 955 est
688 918 766 954 haec
781 916 962 965 responfio
974 930 987 949 ε
997 921 1049 956 Eo
1060 917 1170 955 modo
1181 929 1236 956 re-

49 970 150 1040 εὲωέά
189 976 249 1001 m·-
278 973 440 1020 quiritur
450 969 495 1005 ad
507 970 756 1011 voluntarium
769 968 871 1011 aetus
885 969 1106 1015 cognitionis
1118 995 1128 1010 ,
1145 969 1236 1006 ficut

277 1025 315 1064 &
331 1022 433 1059 aecus
443 1022 646 1061 voluntatis
660 1032 673 1062 ;
699 1029 739 1055 ut
755 1018 889 1062 scilicet
904 1020 943 1056 lit
974 1022 1009 1057 in
1030 1018 1236 1070 po,testate„

278 1072 437 1120 alicujus
448 1071 673 1114 confiderare
688 1097 699 1113 ‚
713 1071 748 1109 &
762 1070 877 1113 velle,
891 1072 926 1107 &
941 1083 1049 1118 agere
1063 1096 1073 1107 .
1091 1071 1133 1106 Et
1145 1081 1237 1111 tunc

278 1125 370 1162 sicut
382 1136 456 1161 non
469 1124 564 1163 velle
576 1123 612 1164 &
627 1133 700 1158 non
717 1132 823 1167 agere
839 1132 924 1158 cum
936 1132 1081 1170 tempus
1108 1120 1234 1165 fuerit,

277 1175 330 1217 est
345 1175 594 1215 voluntarium
607 1197 622 1218 ,
650 1173 700 1208 ita
712 1172 818 1208 etiam
830 1184 902 1208 non
914 1173 1136 1215 considerare
1148 1200 1158 1210 .

379 1225 628 1265 Nosdieimus
640 1249 652 1266 ,
679 1222 773 1259 hanc
783 1222 1050 1271 responfionem
1068 1225 1238 1261 intermi-

276 1277 333 1314 οἷς
350 1287 424 1312 non
436 1275 505 1312 effe
515 1273 790 1322 improbandam
808 1300 820 1317 ‚
842 1274 904 1310 nisi
916 1274 1020 1322 quod,
1034 1274 1090 1316 istj
1103 1272 1139 1310 su
1148 1287 1238 1322 ppo-

276 1338 364 1365 nant
381 1328 534 1375 primam
552 1325 709 1361 radicem
722 1324 900 1368 libertatis
911 1324 984 1367 effe
1009 1324 1235 1367 statuendam

275 1379 315 1415 in
327 1376 566 1415 indifferentia
581 1376 763 1419 rationis,
786 1375 831 1412 de
844 1388 918 1423 qua
932 1387 968 1412 re
988 1375 1109 1420 astum
1122 1385 1184 1428 ,p.
1194 1385 1235 1427 p.

275 1441 315 1482 ᾳ.
333 1431 391 1477 83·
405 1440 484 1477 quae
496 1427 546 1477 est
557 1426 601 1463 de
611 1425 726 1467 libero
734 1428 889 1467 arbitria
902 1452 914 1463 .

47 1449 240 1528 lffiegffss:
376 1483 616 1531 Qapropter
631 1477 678 1513 ad
692 1489 949 1526 argumentum
964 1477 1242 1526 respondentes,

45 1527 244 1573 Μρθθῒὶῦΰῖ·
275 1529 561 1580 inquimusffitfi,
573 1528 620 1568 ad
629 1528 832 1576 a&,um,qui
848 1527 898 1565 est
915 1530 951 1564 in
965 1530 1072 1566 libera
1084 1529 1240 1579 potesta·

44 1566 100 1604 Μ’
119 1583 132 1597 ·
274 1594 313 1620 (ε
327 1581 473 1625 agentis⁴
485 1606 498 1622 ‚
522 1589 743 1614 concurrant
766 1579 970 1616 intelleetus
981 1592 1094 1626 atque
1107 1582 1241 1622 volun-

276 1628 585 1670 tasmihilominusv
594 1625 959 1672 indifferentiam‚qua
970 1630 1085 1675 potest
1097 1643 1167 1666 non
1182 1630 1239 1668 fie-

278 1681 309 1716 ri
323 1678 373 1719 id,
389 1676 491 1724 quod
505 1673 546 1712 fit
561 1675 765 1722 ,complete
780 1675 902 1711 reduci
920 1688 992 1713 non
1006 1680 1102 1725 pofl'e
1119 1680 1183 1716 nisi
1200 1683 1244 1722 in⁴

276 1727 389 1776 ipsam
401 1727 630 1762 voluntatem
645 1747 655 1758 .
670 1726 767 1760 Nam
779 1735 1014 1771 quaecunque
1027 1728 1095 1765 alia
1107 1740 1241 1777 poten·

275 1779 331 1817 tia
341 1774 459 1818 aetjva
473 1773 526 1811 est
542 1771 758 1809 naturaliter
774 1772 917 1815 aelim,
943 1775 1043 1816 &ita
1069 1779 1240 1814 determi-

277 1838 361 1866 nate
373 1826 482 1862 unius
499 1823 610 1872 partis
624 1822 925 1860 comradifflonis
937 1850 948 1866 ‚
977 1835 1165 1872 quantum,
1186 1826 1245 1865 est,

275 1878 323 1915 de
335 1874 499 1913 se.Unde
511 1872 562 1911 sol
578 1872 641 1914 etsi
651 1871 758 1909 causa
772 1872 814 1909 fit
829 1874 1028 1914 multorum
1042 1875 1239 1915 effeftuum

279 1930 319 1965 in
333 1925 473 1964 mundo
487 1923 679 1966 inferiori,
702 1923 887 1966 esttamen
912 1922 1175 1962 determinatus
1192 1924 1241 1966 ad,

278 1975 555 2030 producendam
568 1974 718 2015 herbam
735 1975 829 2012 hanc
843 2001 854 2018 ‚
878 1975 913 2012 8<
933 1986 1093 2013 vermem
1121 1975 1240 2019 hunc,

280 2032 317 2068 8(
337 2040 409 2066 non
424 2025 590 2076 oppofita
603 2025 885 2069 contradietorie
900 2051 910 2062 .
926 2026 1241 2073 Voluntasigitur

279 2081 354 2121 sola
367 2073 774 2119 habet'indifferenriam
800 2075 844 2126 ad
870 2077 1147 2118 contradictoria
1161 2103 1173 2120 ‚
1202 2078 1239 2115 &

279 2132 361 2169 sane
375 2130 480 2166 talem
492 2151 511 2172 ‚,
527 2138 567 2164 ut
579 2125 653 2175 ipsa
669 2126 710 2163 sit
728 2126 780 2164 sui
794 2126 1074 2168 determinativa
1086 2128 1129 2165 ad
1151 2129 1242 2165 alte-

279 2195 359 2220 rum
372 2191 499 2216 eorum
511 2201 525 2223 ‚
547 2187 592 2219 ut
606 2177 716 2214 etiarn
730 2177 834 2214 docet
854 2178 1070 2218 Aristoteles
1086 2207 1098 2223 ,
1121 2192 1158 2227 9.
1171 2191 1240 2215 me.

279 2232 465 2282 taph.,cap.
475 2240 513 2275 4.
526 2229 602 2272 Seu
619 2240 735 2265 unum
748 2241 835 2277 ergo
851 2257 864 2274 ,
889 2228 950 2266 seu
963 2232 1117 2269 alterum
1129 2229 1241 2277 eligat

278 2296 328 2321 ex
338 2283 393 2319 his
407 2281 795 2327 extremis,utrunque
808 2281 956 2326 perinde
969 2283 1019 2320 est
1031 2282 1095 2318 sibi
1108 2281 1242 2316 volun·

278 2334 413 2370 tarium
429 2358 441 2375 ,
471 2343 545 2367 non
562 2331 608 2368 de
621 2332 756 2368 virtute
771 2332 978 2370 intellec-tus
1005 2331 1250 2379 ostendentis„

279 2384 340 2427 sed
352 2396 398 2424 ex
413 2381 470 2420 sui
480 2381 706 2424 dominati-va
719 2383 896 2436 pntestate
909 2409 922 2420 ,

442 2482 966 2527 ARTlcuLus
1018 2487 1089 2526 lv.

348 2587 493 2628 Utrum
506 2583 681 2624 violentia
697 2587 880 2628 voluntati
898 2585 1002 2639 possit
1017 2588 1142 2627 inferri
1152 2613 1173 2632 .,

428 2684 561 2724 Βοέἶον
572 2701 609 2730 4·
622 2687 723 2735 d.29.
734 2689 926 2736 utriufique
932 2685 1064 2739 scripti
1076 2715 1088 2728 .

495 2735 540 2775 S.
557 2736 682 2774 Thom.
703 2749 734 2773 r.
749 2750 784 2776 z.
797 2750 832 2792 q.
847 2738 884 2779 6.
898 2748 974 2777 art.
987 2753 1032 2788 4.,

393 2834 524 2872 ldetur·
540 2839 722 2876 voluntati
761 2840 932 2877 violentia
959 2841 1057 2890 posse
1091 2842 1246 2883 inferri..

345 2900 347 2903 ’
407 2887 545 2924 Etenim
562 2902 597 2938 q.
612 2903 657 2937 4.v
678 2893 766 2927 item
788 2903 827 2937 4.
844 2893 982 2928 dietum
1010 2893 1060 2930 est
1075 2920 1087 2936 ‚
1113 2896 1240 2931 beatos

279 2943 350 2981 ess'e
368 2939 623 2986 impeccabiles
644 2953 689 2977 ex
705 2953 749 2976 eo
773 2943 874 2989 quod
889 2945 988 2980 Deus
1024 2944 1240 2982 subtrahens

280 2996 350 3030 illis
364 2987 581 3029 concursum
599 2991 642 3027 ad
654 2991 754 3029 aetus
771 2993 1239 3044 peccaminosos,perpetuo

282 3045 442 3081 detineat
452 3051 519 3079 eos¹
545 3044 582 3079 in
600 3043 683 3079 aeta
703 3042 847 3081 fruendi
871 3042 1021 3090 objeeto
1051 3047 1236 3084 beatifico.

284 3094 357 3134 Sed
372 3089 542 3129 talifaeto
565 3094 722 3131 infertur
735 3094 907 3131 violentia
931 3096 1111 3134 voluntati
1138 3109 1234 3135 crea-

282 3157 328 3183 tae
342 3153 452 3188 ;erg0
467 3138 586 3182 saltem
603 3157 621 3180 a
639 3147 721 3183 Deo
731 3144 799 3182 fibi.
809 3145 926 3193 potest
942 3147 1115 3189 violentia
1127 3148 1236 3184 infer-

282 3198 315 3234 ri
333 3222 342 3233 .
360 3192 532 3230 Probatio
548 3197 720 3233 minoris:
739 3197 883 3233 Natura
895 3198 1096 3237 voluntatis
1107 3211 1236 3236 creatae

281 3247 347 3289 est,
359 3241 455 3294 poffe
473 3241 505 3279 se
522 3259 660 3284 vertere
674 3257 898 3296 quocunque
914 3248 975 3284 libi
986 3250 1238 3287 libuerinssea·

283 3299 311 3333 ti
324 3298 368 3333 de
383 3294 516 3331 divinae
529 3297 715 3344 potestatis
727 3297 875 3334 influxu
888 3310 1009 3336 carent
1026 3299 1094 3338 hac
1122 3301 1236 3337 facul·

279 3358 385 3389 «ωας
411 3356 498 3392 ergo
512 3350 609 3386 reste
626 3347 842 3396 intelligitur
867 3352 919 3387 eis
936 3349 1039 3391 fuiss'e
1061 3353 1243 3392 violentia,

277 3398 376 3436 illata
389 3423 399 3435 .

87 3472 111 3495 ¹,
121 3463 207 3501 ³·41·
218 3468 243 3498 ς,
384 3451 557 3487 Praeterea
570 3477 580 3492 ‚
593 3453 631 3495 Si
647 3452 816 3488 voluntas
832 3463 1039 3489 moveretur
1056 3454 1163 3491 instar
1174 3465 1239 3502 ap-

50 3501 107 3547 ὓς,
130 3502 253 3539 fetanda,
281 3501 422 3549 petitus
433 3499 589 3538 sensitivi
605 3529 616 3547 ,
643 3501 809 3550 profecio
824 3503 886 3540 fibi
902 3505 1072 3540 violentia
1091 3505 1238 3541 inferre-

51 3540 176 3571 duum.
282 3561 369 3592 tur3
396 3551 472 3588 haec
485 3554 626 3602 quippe
639 3554 740 3590 ducit
756 3579 768 3595 ‚
781 3554 840 3589 ille
850 3565 939 3591 vero
955 3555 1236 3602 ducitur.Atqui

286 3601 539 3640 Deusefficere
555 3604 670 3652 potest
684 3614 724 3641 ut
748 3603 906 3640 humana
931 3607 1102 3642 voluntas
1127 3607 1236 3642 duca-

288 3652 427 3688 turlive
446 3653 613 3691 trahatur
627 3654 736 3702 juxta
750 3654 838 3691 illud
865 3655 1061 3694 Salvatoris
1086 3683 1094 3699 ,
1114 3657 1238 3694 Nemo

284 3702 398 3749 potefl
410 3706 533 3744 venire
554 3705 604 3749 qd
614 3717 668 3742 me
681 3729 695 3750 ‚
718 3704 785 3752 m'fi
793 3705 904 3742 Patet·
917 3732 928 3748 ,
949 3708 1012 3754 qui
1031 3705 1121 3753 mifit
1142 3718 1236 3752 mea,

288 3756 446 3789 traxerit
461 3767 540 3791 eum
557 3769 570 3798 ;
596 3769 683 3804 ergo
700 3759 806 3794 Deus,
818 3758 891 3792 vim
910 3758 1017 3795 infert
1029 3757 1097 3795 illis
1109 3784 1121 3802 ‚
1144 3770 1237 3804 quos

289 3801 334 3839 ad
349 3803 531 3851 Evangelii
543 3808 789 3853 cognitionem
807 3807 918 3845 trahit
933 3835 944 3845 .

392 3853 583 3901 Praetcrea,
599 3858 905 3906 Unumquodque
915 3859 997 3907 cogi
1014 3860 1129 3909 potest
1142 3872 1161 3897 a
1174 3873 1240 3911 po·

0 4004 1282 4027 ξ

2128 218 2187 265 53

1312 265 1459 303 tentiori
1473 277 1487 306 ς
1510 263 1580 300 Sed
1593 274 1721 303 natura
1739 265 1916 312 Angelica
1931 294 1943 311 ,
1973 266 2008 304 ἃ
2023 270 2134 316 magis
2166 276 2267 309 neus

1311 315 1533 362 potentiores
1545 312 1623 351 sunt
1636 313 1793 350 humana
1809 317 2022 359 voluntate3
2047 331 2133 364 ergo
2147 321 2193 354 ab
2209 321 2265 359 his

1312 363 1430 412 potest
1441 363 1649 404 violentiam
1663 367 1751 412 pati,
1768 365 1802 401 &
1817 370 1984 410 compelli
1996 368 2039 405 ad
2055 369 2269 413 volendum,

1311 423 1375 451 aut
1387 413 1579 451 nolendum
1594 440 1607 457 ,
1635 415 1738 465 quod
1754 415 1839 455 alias
1861 415 1933 462 ipsa
1951 430 2021 456 non
2035 419 2168 457 fecisset
2180 446 2190 457 .

1411 463 1575 507 Contra,
1597 464 1721 505 Ansel.
1745 466 1789 502 de
1818 467 1986 513 Concep.
2003 471 2106 514 virg.
2135 482 2212 516 cap.
2230 483 2267 516 4.

1310 512 1491 551 Voluntas
1504 515 1552 562 est
1569 513 2006 565 instrumentumfisipficm
2026 531 2166 557 movens
2191 547 2201 558 .
2226 522 2266 560 Si

1309 565 1364 601 vis
1381 564 1443 600 fibi
1456 564 1649 600 inferretur
1665 565 1708 600 ad
1725 564 1828 602 aetus
1844 566 1925 604 suos
1953 569 2168 606 eliciendum
2183 597 2194 613 ,
2219 573 2265 608 ab

1308 615 1379 649 alio
1390 626 1628 657 moveretur3
1653 627 1724 652 non
1747 629 1835 663 ergo
1860 617 1953 654 foret
1979 620 2148 657 voluntas
2164 646 2178 662 ‚
2203 621 2262 658 sed

1309 665 1377 705 alia
1393 665 1553 713 potentia
1565 677 1582 699 a
1596 667 1784 703 voluntate
1797 692 1807 702 .

1410 714 1628 762 Respondeo
1648 716 1839 755 dicendum
1859 743 1873 760 ‚
1905 719 2262 761 contradictionem.»

1306 766 1456 803 omnino
1470 766 1656 803 involuere
1671 794 1683 810 ‚
1708 769 1932 808 voluntatem
1949 772 2087 815 cogiad
2119 774 2261 810 elicien-

1306 815 1372 852 dos
1388 816 1488 855 astus
1501 816 1583 857 suos
1596 843 1604 852 .
1621 818 1854 855 Declaratioz
1879 818 2074 857 secundum
2086 823 2260 860 Aristote-

1305 865 1392 909 lem,
1410 879 1441 914 3.
1458 867 1574 907 Etliic.
1592 880 1671 916 cap.
1687 880 1721 905 z.
1735 868 1948 906 leentum
1958 871 2035 914 efl,
2049 873 2150 912 euius
2159 877 2259 922 prin·
2299 903 2339 933 H..
2362 912 2419 931 uaeu
2443 914 2450 930 ¹
2470 903 2497 931 'u

1304 917 1434 964 cipium
1445 919 1493 966 est
1505 927 1611 960 extra
1620 945 1635 962 ‚⁷
1655 931 1720 955 non
1731 919 1928 965 confirente
1939 923 1980 957 vi
1988 935 2017 957 ω
2025 921 2118 971 ραβδ
2133 951 2143 966 ,
2159 924 2260 967 idest,
2299 913 2499 971 Cossmessfls-

1305 967 1520 1005 violentiam
1538 981 1609 1005 non
1623 969 1830 1007 conferente
1843 993 1857 1014 ‚
1883 972 1918 1008 St
1937 983 2008 1007 non
2038 984 2180 1010 tanturn
2197 987 2257 1012 ne·
2295 988 2347 1017 per
2362 970 2495 1017 vast-'6-

1306 1021 1456 1062 gative,
1481 1018 1538 1056 sed
1550 1019 1658 1056 etiam
1670 1022 1875 1064 contrarie,
1900 1034 1944 1063 eo
1961 1023 2062 1071 quod
2080 1024 2119 1060 fit
2135 1037 2260 1061 contra
2298 1017 2360 1053 disi.
2387 1026 2435 1053 4⁹·
2467 1027 2498 1053 4·

2335 555 2362 575 2.
2375 547 2403 576 d.
2417 556 2462 583 37.
2478 554 2501 582 §-

2301 585 2503 631 Afiquxstaer·

2301 631 2373 655 tram.
2384 642 2394 651 -

2300 711 2421 741 Pmscns
2431 721 2501 749 qux<

2302 749 2383 779 (itum
2420 750 2499 778 lucu-

2300 787 2408 817 lentiffi
2421 799 2490 820 υς,

2300 826 2468 864 expenditur

2300 874 2349 902 per
2389 864 2499 902 Magist-

1307 1070 1390 1115 paffi
1405 1071 1675 1107 inclinationem
1687 1097 1699 1113 ‚
1727 1082 1767 1108 ut
1782 1083 1865 1107 curn
1885 1073 1971 1120 lapis
1984 1076 2171 1121 proiicitur
2188 1075 2261 1113 sur·
2297 1065 2423 1123 ‘Gj'cffis
2437 1095 2498 1123 Ma-

1306 1117 1383 1160 sum
1404 1148 1414 1163 ‚
1446 1121 1480 1156 δε
1493 1122 1561 1156 alia
1575 1120 1610 1156 id
1623 1132 1738 1169 genus
1751 1148 1760 1157 -
1777 1125 1834 1161 Ac
1850 1124 2040 1170 propterea
2058 1125 2265 1168 violentum,
2300 1131 2414 1170 gistrum
2451 1134 2502 1162 Ri-

1306 1173 1450 1221 penitus
1462 1170 1511 1207 est
1524 1185 1543 1207 a
1559 1172 1740 1220 principio
1751 1171 1956 1210 extrinseco
1971 1202 1981 1216 ‚
2009 1177 2094 1223 quia
2110 1175 2259 1225 ipsum..
2299 1171 2433 1200 ‘¹¹³‘dum
2445 1172 2503 1199 ΖΑ·

1306 1221 1443 1268 paffum
1457 1234 1528 1258 non
1543 1223 1737 1260 inclinatur
1751 1223 1795 1260 ad
1807 1223 1958 1260 formam
1977 1227 2070 1263 illam
2083 1254 2095 1270 ,
2124 1239 2204 1275 quae
2216 1232 2261 1266 ab
2303 1219 2335 1277 15
2344 1219 2502 1278 &⁸524ssss

1305 1282 1437 1320 agente
1449 1271 1655 1312 extrinseco
1667 1273 1868 1317 inducitur,
1880 1273 1938 1311 sed
1953 1277 2065 1325 megis
2081 1290 2261 1326 quantum
2302 1295 2484 1316 inventuram

1306 1323 1362 1365 est
1375 1337 1421 1361 ex
1434 1323 1493 1367 se,
1523 1325 1575 1367 illi
1593 1324 1718 1366 rcfistit
1743 1325 1793 1361 ob
1818 1326 2092 1365 inclinationem
2116 1341 2261 1366 natura·
2306 1326 2373 1354 Νι·
2387 1335 2462 1375 ²52?
2476 1335 2505 1352 ²·

1306 1375 1374 1411 lem
1390 1375 1433 1411 ad
1447 1375 1597 1412 formam
1610 1377 1828 1413 contrariam
1841 1377 1891 1413 illi
1907 1400 1920 1421 ,
1944 1390 2053 1425 quam
2065 1381 2111 1416 ab
2135 1392 2270 1426 agente*
2305 1374 2430 1441 {153quss
2444 1373 2505 1430 [αξξ

1306 1427 1487 1463 violenter
1500 1426 1642 1474 recipit.
1658 1427 1776 1465 AHus
1793 1439 1914 1464 autem
1930 1429 2123 1467 volendi&
2142 1433 2265 1469 nolen-
2305 1442 2478 1472 tentiarios.

1305 1476 1344 1512 di
1359 1489 1430 1513 non
1442 1477 1488 1514 fic
1501 1476 1608 1520 ineffe
1625 1475 1767 1526 possunt
1786 1479 1982 1522 voluntati,
1999 1482 2084 1529 quia
2100 1493 2188 1519 tunc
2202 1495 2266 1520 aut

1304 1529 1432 1565 nolens
1446 1528 1552 1565 vellet
1566 1555 1578 1571 ,
1590 1540 1653 1565 aut
1669 1529 1794 1566 volens
1809 1531 1919 1568 nollet
1933 1544 1945 1572 ;
1960 1543 2048 1579 ergo
2059 1534 2269 1572 violentiam

1305 1580 1492 1622 voluntati
1509 1579 1632 1617 inferri
1647 1581 1808 1629 implicat
1823 1583 2164 1628 contradictionem,
2181 1586 2270 1632 quia

1307 1641 1398 1667 tunc
1412 1641 1535 1678 ageret
1551 1630 1661 1673 modo
1676 1633 1846 1682 opposito
1862 1632 1930 1671 suae
1942 1645 2079 1672 naturae
2090 1662 2101 1679 ‚
2117 1648 2203 1685 quae¹
2217 1635 2273 1677 est⁴

1311 1682 1424 1723 libere
1435 1693 1542 1726 agere
1554 1706 1565 1718 .
2143 1688 2148 1690 '

1410 1733 1538 1778 Atque
1566 1743 1612 1766 ex
1625 1730 1681 1766 his
1696 1743 1795 1779 patet
1806 1759 1818 1774 ‚
1844 1735 1995 1782 perinde
2025 1737 2271 1785 impunibile„

1309 1780 1378 1818 effe
1393 1807 1406 1823 ,
1423 1781 1504 1826 cogi
1518 1781 1745 1817 voluntatem
1760 1783 1922 1831 respec‘ku
1944 1786 2092 1823 acquum
2121 1788 2271 1824 inferio-

1312 1840 1393 1862 rum
1425 1830 1670 1874 potentiarum
1683 1833 1729 1865 ab
1743 1832 1777 1867 se
1807 1835 2068 1880 imperatorum
2082 1864 2095 1880 ,
2122 1838 2189 1886 qui
2206 1838 2272 1874 fint

1314 1876 1415 1917 astus
1427 1877 1576 1912 humani
1589 1888 1603 1917 ;
1624 1879 1709 1924 quia
1723 1879 1847 1916 eodem
1861 1883 1975 1920 modo.
1992 1888 2116 1922 nolens
2146 1889 2273 1932 vellet,

1314 1938 1379 1964 aut
1393 1929 1660 1968 volensnollet:
1678 1933 1941 1971 eatenusenim
1960 1934 2041 1971 sunt
2055 1937 2079 1971 ii
2091 1937 2275 1978 aciusjiu·

1311 1979 1407 2015 mani
1426 2004 1437 2020 ‚
1463 1988 1646 2026 quatenus
1662 1976 1932 2030 subimperium
1950 1985 2086 2022 cadunt
2105 1988 2279 2024 volunta-

1314 2030 1362 2066 tis
1377 2057 1388 2073 ‚
1413 2028 1520 2065 finem
1536 2031 1637 2078 prius
1649 2033 1916 2078 praecognitum
1930 2035 2152 2073 intendentis
2165 2051 2177 2080 3
2189 2050 2275 2076 cum

1313 2093 1404 2128 ergo
1417 2080 1458 2116 ad
1476 2079 1672 2120 suosaetus
1683 2082 1879 2120 eliciendos
1895 2084 2102 2135 simpliciter
2116 2091 2279 2138 compel-

1313 2133 1422 2169 linon
1452 2130 1554 2180 poffit
1570 2158 1587 2175 ,
1603 2132 1665 2170 etii
1680 2131 1753 2182 ipsa
1766 2134 1968 2176 annihilari
1990 2138 2115 2186 poffit,
2138 2151 2203 2176 nec
2232 2140 2278 2176 ad

1313 2184 1417 2224 acius
1431 2183 1563 2232 pariter
1577 2184 1772 2232 imperatos
1786 2185 1986 2223 eliciendos
2002 2188 2098 2235 adigi
2115 2202 2178 2237 per
2199 2192 2279 2226 vio·

1311 2236 1461 2276 lentiam
1477 2234 1593 2281 potest
1607 2258 1617 2269 .
1633 2233 1781 2272 P—raecise
1790 2247 1878 2282 ergo
1893 2235 2058 2276 estrfaetu
2071 2240 2280 2288 poffibile-J,

1315 2297 1355 2322 ut
1384 2287 1608 2323 voluntatem
1633 2285 1781 2322 habenti
1826 2286 2011 2325 inferatur
2030 2288 2087 2326 vis'
2107 2290 2275 2339 respthu.

1314 2336 1479 2385 paffionis
1493 2333 1762 2378 sustinendae,ut
1774 2335 1796 2372 fi
1814 2338 1895 2384 quis
1910 2339 2278 2381 alicubiinivtusde-

1313 2390 1474 2424 tineatur
1486 2412 1498 2428 ,
1526 2386 1586 2423 vel
1603 2387 1640 2423 in
1650 2387 1778 2427 ordine
1795 2388 1840 2422 ad
1852 2391 2013 2435 aliquam
2024 2391 2205 2430 aaronem
2222 2395 2279 2429 in·

1314 2438 1584 2475 strumentalem
1598 2460 1612 2481 ‚
1626 2450 1706 2485 quae
1719 2438 1950 2477 tamenhaud
1964 2441 2031 2477 erit
2043 2441 2136 2478 actio
2151 2445 2276 2492 ipsius,

1313 2500 1356 2526 ut
1374 2489 1397 2525 fi
1414 2491 1498 2536 quis
1512 2499 1622 2524 manu
1633 2490 1783 2526 alterius
1797 2489 1948 2526 alterum
1972 2495 2155 2538 percutiat
2173 2508 2185 2536 3
2215 2508 2278 2543 pe·

1314 2539 1418 2579 tinde
1430 2540 1531 2578 enim,
1545 2550 1737 2585 percutere
1750 2538 1861 2589 poffet
1880 2553 1989 2577 manu
2006 2553 2114 2580 aenea.
2132 2547 2275 2592 Nequit

1314 2602 1403 2638 ergo
1414 2590 1588 2638 compelli
1613 2591 1788 2627 voluntas
1800 2590 1843 2626 ad
1856 2591 2037 2628 affionem
2065 2595 2122 2629 vel
2144 2606 2276 2642 opera-

1313 2643 1449 2684 tionem
1464 2642 1509 2677 ab
1522 2638 1555 2678 se
1567 2640 1721 2680 elicitam
1738 2669 1749 2685 ‚
1778 2642 1835 2677 vel
1863 2643 2074 2690 imperatam
2089 2670 2101 2686 ,
2123 2657 2204 2692 quae
2230 2644 2273 2681 fit

1312 2703 1398 2733 vere
1411 2691 1506 2729 aelio
1527 2690 1577 2727 hu
1585 2703 1685 2729 mana
1697 2717 1710 2735 ‚
1736 2690 2001 2739 nisifi‘cundum
2011 2695 2103 2743 quid
2112 2706 2151 2732 ut
2176 2694 2276 2734 dice·

1314 2753 1395 2785 mus
1406 2742 1559 2780 articulo
1557 2741 1664 2790 sexto
1678 2769 1696 2784 .,

1413 2793 1472 2835 Ad
1485 2804 1696 2839 argumenta
1709 2819 1719 2830 .
1738 2792 1796 2831 Ad
1815 2795 1971 2843 primum
1985 2794 2274 2837 dicendum‚uti-

1311 2858 1385 2895 que
1414 2845 1637 2880 voluntatem
1659 2845 1859 2882 formaliter
1880 2846 2075 2883 necessitari
2103 2847 2198 2895 posse
2221 2862 2270 2884 a..

1314 2900 1396 2934 Deo
1409 2893 1630 2945 producente
1644 2897 1678 2932 St
1694 2895 1930 2933 conservante
1943 2897 1980 2933 in
2001 2910 2041 2933 ea
2054 2898 2172 2935 aeium
2190 2926 2200 2941 ,
2225 2900 2272 2936 fic

1313 2959 1355 2985 ut
1372 2959 1443 2983 non
1463 2946 1556 2982 velie
1573 2957 1644 2982 non
1658 2946 1759 2995 possit
1776 2961 1787 2989 3
1818 2948 1861 2984 Et
1873 2948 1919 2983 ita
1939 2960 2063 2985 revera
2091 2951 2125 2986 in
2156 2951 2271 2987 beatis

1312 2997 1502 3035 conservat
1519 2996 1638 3033 aflum
1653 2997 1860 3037 beatificum
1876 3025 1887 3041 ,
1909 3011 1986 3047 quo
1997 3000 2173 3036 mediante
2191 3003 2273 3037 uni-

1312 3061 1373 3090 tur
1389 3048 1529 3085 summo
1545 3049 1642 3084 bono
1658 3075 1670 3091 ,
1695 3050 1829 3085 adeout
1844 3060 1999 3098 nequeat
2012 3051 2180 3088 omittere
2199 3051 2269 3088 frui

1311 3098 1463 3148 objef'to
1478 3097 1646 3135 beatifico
1662 3125 1673 3141 ‚
1702 3111 1763 3136 aut
1775 3111 1987 3137 convertere
2004 3101 2035 3137 se
2051 3101 2095 3137 ad
2108 3103 2191 3146 alia,
2206 3103 2270 3139 nist

1312 3153 1349 3187 in
1363 3150 1491 3187 ordine
1507 3149 1550 3185 ad
1567 3148 1680 3192 illud,
1692 3162 1734 3186 ac
1750 3150 1898 3199 proinde
1910 3163 1974 3188 nec
1986 3163 2135 3199 peccare
2152 3152 2270 3200 potest:

1312 3199 1622 3241 Deoconcursum
1636 3201 1686 3237 illi
1705 3200 1906 3247 denegante
1921 3202 1963 3239 ad
1976 3203 2210 3250 peccandum.
2224 3214 2269 3240 eo

1312 3264 1435 3291 autem
1452 3252 1599 3288 sublato
1610 3277 1623 3294 ‚
1645 3262 1786 3288 certum
1797 3251 1847 3288 est
1862 3252 1923 3288 fibi
1938 3253 2071 3289 illatam
2086 3254 2269 3289 necessita-

1310 3316 1384 3343 tem
1399 3302 1628 3351 permanendi
1641 3303 1676 3337 in
1691 3302 1774 3338 aftu
1786 3301 1996 3340 fruitionis:
2013 3304 2086 3341 Sed
2103 3304 2268 3341 exinde.-

1312 3356 1411 3394 nulla
1422 3352 1657 3390 fibi-infertur
1671 3354 1845 3389 violentia
1861 3379 1875 3397 ‚
1898 3355 1985 3401 quia
2001 3354 2044 3390 de
2057 3353 2115 3390 sua
2148 3353 2269 3391 rectis-

1313 3407 1399 3443 sima
1411 3402 1586 3440 eleffione
1598 3403 1647 3439 est
1666 3403 1837 3440 uttendat
1851 3405 1887 3440 in
1914 3405 2002 3442 illud
2025 3404 2268 3452 objeaum.

1312 3456 1359 3493 ad
1375 3455 1483 3502 cujus
1498 3452 1708 3491 fruitionem
1723 3456 1875 3492 naturali
1889 3456 2123 3492 inclinatione
2152 3457 2270 3491 maxi·

1313 3519 1370 3545 me
1387 3507 1417 3543 fe
1425 3516 1569 3549 rtur,ac
1582 3505 1729 3554 proinde
1743 3504 1841 3553 passo
1851 3506 2063 3544 conferente
2078 3508 2266 3550 virtutem,

1314 3557 1403 3594 idest
1420 3585 1431 3601 ‚
1453 3557 1649 3593 naturalem
1678 3556 1948 3593 inclinationem
1978 3568 2087 3605 atque
2116 3557 2268 3593 tenden-

1316 3610 1433 3651 tiam,
1455 3608 1551 3643 nulla
1566 3619 1612 3643 ex
1627 3607 1689 3642 tali
1705 3606 1906 3644 necessitate
1926 3609 2097 3644 voluntas
2125 3608 2268 3644 violen-

1318 3662 1405 3696 tiam
1418 3659 1575 3706 patitur.
1593 3660 1634 3694 Et
1648 3668 1731 3694 cum
1747 3657 1914 3695 subditur
1930 3661 2038 3706 ,quia
2053 3670 2199 3707 propter
2214 3671 2268 3695 ta-

1317 3713 1387 3747 lem
1400 3708 1638 3745 neceffitatem
1650 3711 1839 3755 nequirent
1855 3711 1947 3746 beati
1974 3709 2140 3758 amplecti
2165 3710 2264 3756 quod

1315 3760 1587 3805 magis-libuerit
1599 3785 1611 3802 ‚
1628 3759 1825 3808 Responfio
1847 3774 1856 3796 :
1884 3763 1934 3798 Εο
1951 3761 1983 3796 in
2009 3772 2143 3797 eventu
2172 3764 2266 3797 beati

1316 3811 1399 3847 sunt
1414 3812 1699 3857 liberiores‚quia
1712 3813 1888 3847 immunes
1901 3811 2048 3847 omnino
2061 3811 2264 3855 evaserunt,

1315 3872 1384 3901 nec
1403 3862 1560 3912 amplius
1573 3859 1675 3899 subdi
1685 3872 1826 3909 queunt
1851 3861 2015 3900 servituti
2026 3863 2264 3947 peccarLdUn-

2200 3924 2218 3949 c

2297 3647 2396 3685 Qodl
2415 3658 2495 3689 q.16,

2294 3689 2493 3755 §LtD-‘stcunde
