2607 4022
93 1746 207 1776 nostor
225 1756 258 1781 9⁴

53 1793 126 1816 ω.
139 1796 169 1826 q·
182 1795 212 1824 4·
225 1795 259 1815 n·

55 1833 107 1855 ιο.

92 2821 155 2853 Nec
177 2829 252 2859 aliud

11 2893 13 2897 ,
52 2865 138 2901 reipsa
147 2869 257 2898 videtur

56 2901 156 2934 docere
172 2909 203 2935 S.

57 2941 184 2974 Thornax
211 2948 255 2977 hic

57 2982 255 3023 §asennaa

798 55 962 104 Tomus
978 55 1061 103 III.
1073 58 1210 107 Part.
1225 57 1263 106 Ι.
1273 56 1472 135 Qfestt'o
1501 59 1556 107 L·
1571 51 1676 107 Art.
1691 59 1763 110 IV
1756 94 1773 109 0

301 140 391 180 ergo
406 133 456 170 est
481 129 646 180 potentia
673 125 932 164 habituabilis‚
959 125 994 160 &
1023 137 1070 161 ex
1095 126 1129 162 se
1150 140 1252 165 non„

300 184 437 220 summe
453 180 688 220 determinata
701 175 745 211 ad
757 174 858 211 iustus
869 173 1140 222 perfefiionem5
1151 179 1251 215 Con.

298 235 368 272 stat
404 234 504 271 enim
520 258 531 273 ,
563 227 725 265 addietos
763 224 1026 273 prosequendis
1054 225 1250 272 sensibilia,

298 286 376 335 pati
390 284 638 320 difficultatem
652 303 664 318 ‚
687 289 771 314 curn
786 278 832 313 ab
846 277 887 312 iis
899 277 1055 313 avellere
1066 275 1249 316 senfitivas

297 335 480 386 potentias
490 338 669 371 conatur,
690 328 726 364 &
740 327 1039 374 adintelligibilia
1063 338 1249 368 revocare:

297 388 334 424 8(
346 386 452 424 etiam
462 379 607 418 tristitia
624 377 930 428 afficiappetitum
957 377 1114 415 sentiunt
1126 406 1139 421 ,
1162 392 1247 418 curn

300 438 348 473 ab
363 446 438 471 uno
453 430 628 473 senfibili,
639 431 700 466 cui
714 430 913 478 plurimum
927 428 1160 467 assueverunt
1172 455 1186 473 ,
1202 432 1248 468 ad

296 485 394 524 aliud
407 481 702 531 prosequendum
716 482 930 519 incumbere
957 480 1097 517 faciunt
1109 506 1120 516 .
1148 482 1248 518 Hinc

294 532 448 573 vitiosus
465 543 592 570 recens
605 531 652 568 ad
666 533 802 569 bonurn
819 530 1021 569 conversus
1035 558 1048 575 ‚
1077 533 1138 569 cui
1153 531 1175 567 fi
1189 545 1250 572 ra·r

294 589 350 624 tio
363 583 458 620 reEta
468 583 581 622 distet
592 610 604 627 ,
615 583 755 632 aliquid
769 583 975 633 oppositum
988 585 1083 620 vitio
1094 582 1249 620 consue-

297 649 338 674 to
349 634 420 673 effe
432 634 640 682 eligendum
653 661 664 677 ‚
689 636 772 671 licet
784 635 894 680 eligat
907 633 1003 671 istud
1015 661 1028 677 ‚
1039 646 1112 670 non
1122 644 1247 671 tamen

294 686 555 724 delee'tabiliter
568 710 578 720 .
602 686 693 722 'Fuit
705 698 794 733 ergo
806 688 841 721 in
856 683 937 732 ejus
949 683 1117 722 senfitivo
1136 697 1248 734 appe-

291 748 333 774 tu
349 737 521 778 habitus,
547 747 626 784 quo
649 737 921 778 inclinabatur,
944 737 979 772 8(
1007 734 1250 786 prosequeba-

292 798 534 836 turprompte
547 789 581 824 8(
597 788 753 824 faciliter
764 789 799 824 &
813 799 897 823 cum
911 787 1100 834 voluptate
1115 789 1247 825 vitium

291 840 360 887 qui
373 839 521 874 habitus
535 851 608 874 non
623 837 740 874 statim
759 840 795 875 in
810 837 930 887 primo
941 836 1024 874 aRu
1049 849 1248 886 corruptus

293 890 346 927 est
363 900 485 930 totus,
519 889 595 926 imo
614 889 774 926 velnIhil
793 916 805 932 ‚
835 889 892 925 vel
921 900 1047 936 parurn
1070 889 1249 927 remissus.

292 942 389 981 Sunt
406 952 493 986 ergo
504 941 679 984 potentiae
695 939 870 979 senfitivae
884 939 1128 979 habituabiles
1139 965 1152 985 ‚
1168 952 1249 989 quae

294 991 391 1029 exse
408 1004 482 1028 non
501 990 580 1027 sunt
596 991 733 1028 summe
754 991 999 1028 determinatae
1025 992 1070 1027 ad
1100 1004 1249 1030 unum...

293 1042 421 1079 naum
439 1042 643 1091 perfeftum
658 1070 668 1085 ‚
695 1042 753 1079 sed
766 1042 880 1088 magis
906 1042 942 1078 8(
974 1043 1094 1080 minus
1109 1041 1247 1080 intense

295 1094 430 1132 versari
444 1092 588 1141 poss‘unt
601 1095 698 1130 circa
715 1093 860 1142 propria
876 1092 1021 1140 objefita
1037 1119 1047 1129 .

401 1145 462 1184 Ad
476 1155 688 1193 argumenta
704 1171 716 1187 ‚
738 1145 872 1191 quibus
884 1143 1038 1181 secunda
1056 1148 1252 1195 impugna·

294 1208 358 1234 tur
369 1197 554 1234 conclusio
570 1223 581 1238 ,
595 1194 794 1243 respondeo
809 1223 817 1231 .
847 1197 1068 1234 Concedunt
1082 1199 1250 1246 equidem

295 1249 439 1294 aliqui,
465 1247 502 1282 in
526 1247 689 1293 potentia
717 1247 857 1283 motiva
885 1248 1053 1296 corporis
1079 1248 1251 1285 habitum

294 1298 392 1350 posse
405 1297 554 1345 reperiri
569 1324 582 1340 ,
610 1308 649 1333 ut
669 1298 705 1333 in
719 1310 828 1334 manu
853 1297 1073 1346 sculptor1s‚
1102 1300 1252 1348 pic-'toris

297 1351 371 1387 &c.
389 1350 442 1385 Eo
456 1348 558 1396 quod
570 1349 799 1385 inexercitati
815 1361 887 1386 non
904 1349 1029 1397 poffint
1043 1351 1144 1399 quod
1161 1352 1251 1387 tales

297 1399 455 1438 artifices
468 1427 479 1442 ‚
503 1400 642 1447 aliique
653 1400 852 1436 liberaliter
867 1401 1001 1436 eruditi
1014 1402 1180 1449 prestare
1193 1415 1253 1442 va..

295 1453 397 1489 lent:
427 1453 470 1487 Et
485 1449 747 1497 consequenter
761 1452 959 1488 admittunt
975 1453 1083 1488 etiam
1101 1454 1251 1490 habitus

297 1501 473 1550 quosdam
488 1502 525 1537 in
538 1503 654 1536 brutis
669 1528 681 1542 ,
700 1512 741 1535 ut
753 1504 860 1547 equ1s
872 1528 881 1542 ,
898 1504 1051 1540 canibus
1066 1506 1138 1542 ἃς.
1155 1509 1252 1555 Qae

297 1552 413 1599 usque
431 1551 520 1586 adeo
537 1550 710 1584 videntur
726 1549 921 1598 disciplinae
934 1555 1080 1598 capacia
1100 1581 1109 1596 ‚
1136 1567 1178 1590 ut
1206 1556 1250 1590 ad

298 1614 429 1638 nutum
447 1595 715 1648 representem,
742 1611 1010 1648 exerceantque
1027 1602 1129 1641 alfius
1140 1604 1254 1652 quos·

298 1653 380 1689 dam
395 1653 483 1689 slCUt
496 1652 541 1685 ab
555 1650 765 1685 hominibus
778 1650 967 1687 addiscunt
989 1677 999 1688 .

398 1704 452 1739 At
469 1711 533 1736 nos
557 1710 734 1744 negamus
757 1700 905 1735 habitus
928 1702 961 1735 in
983 1705 1145 1749 potentia
1170 1706 1252 1741 loco

298 1752 435 1789 motiva
452 1777 463 1792 ,
491 1750 578 1797 quia
591 1748 686 1784 nulla
700 1761 769 1784 una
785 1750 943 1796 qualitas
955 1755 1116 1797 prebere
1133 1756 1251 1798 potest

295 1801 568 1840 inclinationem
596 1799 685 1836 adeo
710 1800 946 1847 multiplicem
965 1825 975 1841 ‚
996 1812 1038 1836 ut
1054 1801 1098 1835 ad
1124 1812 1253 1838 omnes

294 1854 383 1891 fitus
394 1850 532 1889 sursum
547 1878 558 1893 ‚
580 1849 746 1887 deorsum
759 1878 771 1894 ‚
797 1851 970 1889 inclinet.
997 1852 1253 1902 Qemadmo-

295 1904 383 1941 dum
402 1913 617 1940 caeterorum
646 1900 840 1938 habituum
855 1901 1094 1939 determinata
1119 1903 1168 1940 est
1195 1905 1250 1940 in-

298 1955 448 1991 clinatio
464 1981 475 1997 ‚
495 1951 694 1990 secundum
715 1965 825 2001 quam
858 1951 923 1989 suo
952 1954 1061 1989 modo
1090 1955 1251 1991 influunt

295 2007 334 2044 in
349 2007 483 2053 pariter
508 2005 773 2040 determinatos
807 2002 911 2040 aetus
941 2018 952 2040 ι
985 2016 1250 2054 quaecunque,

296 2069 387 2103 ergo
421 2056 616 2092 dexteritas
652 2055 838 2091 invenitur
876 2056 912 2090 in
953 2057 1125 2094 membris
1167 2057 1254 2093 arti-

295 2108 407 2145 ficum
436 2134 449 2150 ‚
490 2119 562 2142 non
583 2105 634 2142 est
665 2108 711 2143 ab
731 2107 862 2143 habitu
891 2107 1017 2156 aliquo
1029 2134 1040 2150 ,
1072 2109 1253 2151 manibus,

296 2170 359 2196 aut
376 2159 548 2195 membris
563 2157 640 2193 aliis
652 2157 800 2195 illorum
815 2157 1014 2195 inhaerente
1029 2187 1039 2202 ‚
1064 2158 1121 2195 sed
1137 2160 1181 2195 ab
1198 2172 1254 2196 ar·

295 2220 332 2245 te
345 2235 358 2253 ‚
379 2221 453 2259 qua
466 2219 565 2245 mens
579 2209 690 2256 pollet
706 2237 718 2252 ,
741 2221 804 2246 aut
816 2209 1003 2255 phantafia
1025 2211 1254 2248 brutorum..

292 2261 435 2298 imbuta
448 2259 498 2296 est
515 2286 525 2296 .
550 2259 621 2296 Sed
637 2260 793 2298 aelionis
806 2260 1004 2297 secundum
1019 2260 1254 2298 substantiam

293 2311 513 2361 principium
528 2309 580 2346 est
594 2312 713 2348 virtus
730 2313 927 2350 naturalis:
957 2312 1058 2360 quod
1073 2324 1160 2348 vero
1176 2312 1254 2348 haec

297 2364 434 2400 talibus
451 2361 491 2398 fit
507 2361 636 2398 affefta
665 2363 949 2400 circumstantiis
966 2391 978 2407 ,
1008 2362 1053 2399 de
1070 2374 1151 2400 arte
1167 2374 1254 2412 pro-

299 2415 395 2451 cedit
412 2441 424 2457 ,
452 2425 526 2461 qua
544 2415 627 2461 quis
643 2413 706 2450 scit
721 2427 860 2464 corpus
874 2425 959 2462 apte
975 2426 1124 2451 movere
1137 2438 1149 2451 .

396 2467 536 2503 Verum
551 2476 676 2502 contra
693 2466 787 2503 hanc
818 2465 1059 2514 respofionem
1087 2465 1173 2504 facit
1199 2478 1256 2503 ar-

295 2526 511 2561 gumentum
530 2519 699 2553 tertium.
729 2521 828 2556 Nam
844 2518 906 2554 etfi
939 2517 1166 2556 exercitatus
1196 2530 1256 2566 pe-

297 2567 400 2602 rinde
413 2579 454 2602 ac
480 2569 546 2615 qui
573 2579 646 2603 non
669 2568 799 2604 habuit
827 2569 1070 2609 exercitium,
1094 2570 1256 2617 polleant

300 2617 542 2664 instrue‘tique
557 2618 622 2653 {int
637 2620 773 2666 regulis
789 2618 953 2663 eiusdem
980 2620 1090 2661 artis,
1121 2621 1180 2655 ille
1202 2630 1256 2654 ta·

300 2680 385 2704 men
400 2668 472 2704 fine
484 2668 697 2704 difficultate
719 2669 796 2705 exit
815 2670 956 2717 inopus
977 2668 1088 2716 juxta
1112 2672 1256 2717 regulas

297 2729 570 2768 praeconceptas
600 2745 611 2760 ,
648 2719 708 2756 hic
730 2732 819 2756 vero
842 2720 952 2756 etiam
980 2721 1095 2757 multo
1120 2733 1257 2758 conatu

299 2770 465 2806 adhibito
479 2781 549 2804 non
568 2769 727 2816 perficiet
740 2781 836 2818 opus
848 2797 859 2814 ,
884 2782 994 2819 prout
1013 2771 1255 2809 faciendum...

300 2833 358 2858 ars
374 2820 487 2857 dietat
502 2845 512 2856 .
543 2824 630 2859 Nos
640 2822 796 2858 dicimus
811 2849 821 2865 ‚
852 2822 886 2859 id
902 2835 974 2858 non
1000 2823 1147 2859 aliunde
1170 2836 1258 2870 pro-

299 2872 424 2909 venire
436 2899 447 2914 ,
470 2884 578 2919 quarn
592 2873 636 2907 ab
648 2873 918 2921 impedimentis
928 2875 1060 2920 organi
1071 2876 1260 2922 corporei,

300 2923 344 2959 ad
371 2935 454 2970 quae
479 2923 737 2972 impedimenta
752 2925 911 2961 tollenda
939 2925 1143 2972 plurimum
1171 2925 1257 2962 facit

301 2975 516 3010 continuum
531 3001 543 3017 ‚
570 2986 632 3009 aut
647 2974 817 3022 frequens
828 2977 1045 3011 exercitium
1058 2976 1258 3013 eorundem

301 3027 546 3062 membrorum
560 3051 569 3060 .
598 3026 713 3062 Sicuti
730 3025 838 3061 modo
849 3039 891 3064 an
902 3029 971 3061 ima
987 3036 1137 3063 movere
1156 3038 1258 3062 nom,

298 3075 419 3124 potest
433 3088 570 3124 corpus
584 3088 624 3112 ea
643 3077 924 3123 celeritate,qua
941 3077 1154 3113 movebitur
1179 3077 1260 3125 post

297 3126 596 3164 resurrcaionem
615 3150 625 3162 .
654 3129 743 3164 Non
759 3128 845 3175 quia
871 3139 961 3164 tunc
990 3129 1161 3165 membris
1189 3128 1259 3165 hu-

317 3231 364 3261 (ι)
385 3226 513 3255 Videnda
525 3225 611 3266 gloss'a
625 3227 889 3267 Mag.1.ycheti,sed
902 3228 1061 3258 &Scotistae
1076 3229 1262 3259 recentiores.

299 3264 512 3304 Mastrtusdisp.
526 3275 553 3302 3.
563 3268 597 3295 de
611 3267 722 3296 Anima
734 3278 760 3305 q.
777 3277 806 3295 ι.
817 3267 939 3296 Pontius
952 3267 1024 3306 disp.
1044 3277 1073 3300 7.
1097 3278 1125 3306 q.
1155 3280 1181 3297 ι.
1191 3267 1262 3297 dicit

300 3302 340 3331 oi>
352 3302 441 3331 solam
455 3304 531 3334 Scoti
542 3305 746 3334 authoritatem
759 3306 860 3335 sentire
873 3306 898 3335 se
913 3324 924 3339 ‚
946 3306 1073 3335 habitum
1085 3306 1138 3336 effe
1150 3307 1178 3335 in
1206 3315 1262 3345 po-

301 3342 389 3385 tentia
403 3342 468 3370 loco
484 3345 593 3372 motiva
606 3363 615 3371 .
627 3344 679 3373 Sed
702 3344 786 3382 plane
808 3345 917 3374 fallitur
929 3363 938 3373 .
954 3345 1064 3374 Deficr
1089 3346 1166 3374 enim
1193 3355 1263 3374 con·

303 3387 422 3408 tranum
436 3381 540 3411 censuit
553 3382 583 3411 in
596 3391 626 3419 4.
637 3383 686 3412 cit.
699 3385 739 3411 uti
754 3384 784 3412 in
799 3391 827 3418 3.
841 3385 868 3411 in
883 3383 1019 3414 sententia
1033 3384 1158 3413 aliorum
1179 3384 1263 3413 dixe-

301 3426 363 3451 rit.
387 3419 545 3449 concediin
560 3430 638 3459 parte
660 3422 787 3460 corporis
811 3422 923 3452 habim:
944 3423 1043 3454 dantes
1068 3423 1263 3454 facilitatem.-

302 3456 452 3485 exercendi
465 3457 583 3488 diversas
595 3468 667 3488 artes
678 3479 688 3488 .

360 3531 364 3534 η
385 3495 514 3540 Valentia
526 3498 595 3536 disp.
607 3507 635 3535 4-
656 3508 683 3536 q·
696 3508 724 3527 2.
743 3508 773 3538 p·
789 3509 814 3529 r·
836 3499 855 3528 fi
879 3499 951 3528 bene
964 3518 976 3533 9
1000 3501 1090 3537 inquit
1102 3520 1113 3534 ‚
1126 3499 1265 3530 scribendi

305 3539 401 3576 pettto
415 3532 619 3565 abscinderetur
632 3547 729 3566 manus
741 3555 752 3571 ‚
774 3538 856 3576 eique
872 3547 945 3566 nova
957 3538 1095 3569 divinitus
1107 3539 1265 3569 restitnerc-

311 3578 357 3598 tur
373 3580 399 3598 m
411 3571 508 3601 eadem
524 3574 570 3602 dis
584 3574 702 3604 untione
716 3577 836 3605 naturali
848 3577 904 3606 fine
921 3577 982 3606 ullo
999 3579 1097 3607 habitu
1109 3597 1121 3613 ‚
1143 3587 1200 3606 non
1220 3579 1265 3606 vi-

312 3607 369 3636 deo
382 3617 429 3637 cur
438 3618 494 3639 non
512 3621 548 3649 po
575 3622 595 3642 it
609 3614 631 3643 is
643 3624 720 3652 :eque
732 3615 805 3644 bene
819 3613 935 3645 scribere
955 3625 988 3644 ac
1001 3626 1082 3646 antea
1099 3634 1108 3642 ·
1128 3616 1193 3646 Hoc
1214 3626 1266 3645 ve-

312 3655 376 3675 rum
390 3656 518 3684 putamus
528 3669 539 3684 ‚
563 3652 651 3682 modo
665 3663 740 3682 nova
755 3663 854 3683 manus·
865 3664 922 3683 non
935 3655 1053 3685 referret
1066 3655 1267 3693 impedimenta

311 3685 413 3721 quibu:
425 3687 547 3732 obnopeia
560 3700 618 3722 erat
630 3693 768 3723 naturalis
781 3711 793 3729 ‚
817 3694 979 3734 priusquam
993 3704 1044 3735 per
1052 3697 1117 3735 juge
1130 3695 1266 3726 exercitis:

313 3723 392 3753 fieret
408 3727 582 3765 expeditior.

2101 83 2120 117 1
2173 85 2200 120 1'

1319 129 1435 163 manis
1448 129 1573 173 aliqua
1587 126 1852 175 superaddenda
1864 131 1905 168 {it
1916 134 2072 181 qualitas
2086 164 2093 177 ‚
2107 85 2164 172 seii
2175 151 2270 185 quo·

1315 179 1411 214 niam
1425 177 1681 225 impedimenta
1695 205 1707 221 ‚
1720 192 1804 226 quae
1816 186 1977 231 corporis
1991 187 2108 223 motui
2118 190 2266 225 obiicie-

1315 231 1453 267 bantur
1466 229 1703 267 inveniuntur
1716 229 1856 267 sublata
1869 257 1880 267 .

1462 328 1979 373 ARTICULUS
2040 337 2111 375 lv.

1312 433 1457 473 Utrum
1482 431 1519 468 in
1543 430 1621 481 ipso
1647 430 1835 470 intellec-*tu
1861 433 1928 472 {int
1952 435 2067 483 aliqui
2097 437 2259 476 habitus.

1360 533 1496 573 Doffor
1506 531 1590 570 locis
1600 534 1640 570 in
1654 535 1814 581 margine
1826 535 1948 573 citatis
1963 563 1974 573 .
2003 537 2046 574 S.
2069 536 2216 573 Thomas

1620 597 1652 622 1.
1667 595 1702 621 2.
1715 598 1751 634 q.
1764 596 1822 632 50.
1839 597 1914 624 art.
1924 600 1965 636 4.

1431 685 1554 723 ldetur
1565 688 1686 723 nullus
1697 686 1846 725 habitus
1858 690 1945 738 poni
1960 689 2137 725 deberein
2156 689 2261 725 intel-

1444 737 1563 774 teau.
1593 742 1690 777 Nam
1704 739 1763 775 illa
1774 751 1914 777 tantum
1930 740 2093 789 pooentia
2118 740 2169 776 est
2198 739 2263 774 ha·
2299 775 2316 795 ι
2336 767 2353 796 d
2431 771 2491 802 ἰοῦ

1311 794 1413 829 bitus
1426 801 1544 837 capax
1562 816 1572 833 ‚
1602 802 1742 838 quaeex
1756 790 2030 839 superveniente
2045 791 2171 827 habitu
2183 802 2263 838 per·
2303 776 2482 844 ,ῥάῇᾒξηάζῖ
2493 787 2503 799 ”

1314 844 1437 880 ficitur
1462 841 1578 887 magis
1604 868 1617 885 ‚
1647 852 1760 889 atque
1787 842 1920 879 exinde
1949 842 2109 889 aliquam
2135 842 2265 889 accipit
2299 845 2452 889 P'PRrima

1314 895 1511 931 utilitatem
1527 905 1537 928 :
1565 892 1639 930 Sed
1663 892 1877 930 inteneetus
1894 894 2029 929 nullam
2059 903 2103 929 ex
2132 892 2265 929 habitu
2298 893 2448 922 ‘'P‘'“W-

1314 943 1575 995 perfeffionem
1603 944 1796 991 expefftare
1821 971 1831 987 ‚
1863 956 1930 982 nec
1960 944 2100 991 aliquid
2123 944 2267 980 emolu·

1315 994 1524 1032 mentiinde
1535 994 1674 1031 sumere
1690 994 1804 1043 potest
1823 1009 1836 1037 ;
1859 1007 1946 1042 ergo
1973 996 2094 1031 nullus
2118 995 2266 1031 habitus

1315 1048 1351 1083 in
1364 1045 1551 1084 intelleEm
1568 1048 1619 1082 est
1635 1044 1864 1093 reponendus
1879 1074 1887 1082 .
1922 1046 2029 1083 Prob.
2052 1048 2139 1082 min.
2158 1047 2268 1082 intel-

1316 1099 1432 1136 Ιεὲὶυε
1443 1096 1570 1145 suapte
1595 1108 1721 1133 natura
1733 1096 1783 1133 est
1811 1096 1947 1133 summe
1974 1096 2104 1133 habilis
2121 1124 2131 1140 ,
2154 1097 2187 1133 &
2203 1097 2268 1133 de-

1315 1150 1537 1188 terminatus
1555 1149 1597 1184 ad
1616 1147 1888 1194 intelligendum
1909 1160 1921 1188 ;
1949 1159 2034 1194 ergo
2060 1147 2175 1196 specie
2200 1149 2270 1184 ob·

1316 1200 1405 1249 jeai
1422 1199 1618 1237 insti-uetus
1631 1199 1746 1235 fertur
1757 1197 1802 1234 ad
1826 1198 1917 1235 illud
1941 1198 2268 1247 intelligendum-v,

1319 1253 1383 1290 nifi
1401 1265 1462 1300 per
1475 1252 1674 1288 voluntatis
1690 1251 1881 1298 imperium
1897 1248 1941 1284 ad
1953 1249 2053 1286 aliud
2077 1248 2269 1296 objeaum

1319 1305 1548 1355 applicetur,
1578 1303 1613 1340 &
1631 1313 1649 1337 a
1668 1303 1788 1350 primo
1813 1311 2002 1336 avertatur
2017 1325 2027 1335 .

1422 1356 1599 1391 Praeterea
1611 1380 1622 1395 ‚
1650 1352 1853 1389 intenestui
1866 1363 1990 1387 creato
2004 1362 2075 1386 non
2089 1361 2269 1398 repugnat

1319 1407 1389 1444 effe
1404 1405 1540 1442 summe
1551 1404 1787 1442 habilitatum
1818 1403 1864 1439 ad
1888 1402 2169 1439 inteneetionem
2197 1404 2270 1439 sive

1318 1460 1361 1494 ad
1375 1459 1493 1494 aftum
1508 1454 1703 1491 secundum
1720 1483 1732 1499 ‚
1751 1466 1836 1491 curn
1849 1453 1998 1490 redufta
2015 1452 2171 1490 fueritin
2185 1454 2271 1490 aStu

1319 1509 1488 1561 potentia
1503 1506 1693 1542 effcntialis
1705 1507 1815 1554 ipsius
1833 1532 1842 1542 .
1871 1508 1954 1543 Hoc
1965 1516 2085 1541 autem
2102 1504 2273 1552 praestant

1319 1561 1552 1607 objeetorum
1567 1557 1853 1602 intelligibilium
1873 1555 2125 1592 fimilitudines
2144 1568 2157 1596 ς
2183 1567 2273 1601 ergo

1319 1613 1381 1648 alii
1402 1612 1551 1646 habitus
1568 1607 1749 1651 superflue
1761 1607 1975 1642 astruuntur
2000 1608 2037 1641 in
2064 1606 2271 1646 intelleRu3

1318 1662 1482 1710 alioquin
1495 1656 1591 1693 haud
1603 1657 1723 1694 forent
1750 1657 1896 1693 habitus
1918 1656 2116 1700 denegandi
2143 1658 2179 1691 in
2205 1658 2271 1697 iis;
2412 1681 2426 1688 ,

1316 1726 1398 1762 qua:
1423 1708 1638 1747 naturaliter
1648 1709 1690 1744 ad
1709 1719 1821 1744 unum
1838 1707 2080 1749 inclinantur,
2109 1717 2150 1743 ut
2164 1708 2201 1743 in
2219 1708 2272 1743 la-

1316 1764 1402 1810 pide
1415 1761 1460 1796 ad
1472 1762 1536 1796 ubi
1545 1758 1712 1794 deorsum
1727 1783 1737 1793 .

1419 1811 1595 1844 Praeterea
1613 1833 1624 1848 ‚
1652 1807 1815 1843 Habitus
1828 1816 2048 1850 generantur
2059 1820 2104 1844 ex
2123 1807 2270 1845 affibus

1318 1859 1530 1906 frequenter
1544 1857 1674 1893 elicitis
1690 1859 1785 1893 circa
1800 1856 1896 1892 idem
1914 1855 2119 1903 objthum3
2133 1860 2167 1894 ei
2183 1871 2274 1905 ergo

1319 1912 1466 1946 inerunt
1508 1909 1661 1945 habitus
1689 1920 1708 1943 a
1740 1919 1818 1955 quo
1849 1906 1952 1943 aetus
1979 1907 2275 1956 proficiscuntur.

1319 1962 1392 2001 Sed
1406 1960 1555 1997 eanum
1570 1960 1788 2008 principium
1801 1969 1872 1994 non
1889 1957 1971 1995 sunt
1997 1960 2166 2008 potentiae
2180 1986 2189 2002 ‚
2216 1959 2276 1996 sed

1319 2013 1436 2058 magis
1448 2022 1566 2048 torum
1580 2011 1776 2047 corfinum
1788 2020 1833 2046 ex
1847 2011 1962 2046 anima
1976 2012 2008 2047 8(
2028 2022 2180 2060 corpore
2196 2024 2207 2052 3
2221 2023 2277 2048 er-

1322 2076 1371 2112 go
1384 2065 1532 2099 habitus
1545 2074 1617 2099 non
1637 2062 1760 2098 suntin
1774 2061 1962 2098 intelletstu
1982 2060 2041 2098 sed
2055 2063 2092 2098 in
2104 2073 2198 2105 (οπο,
2213 2074 2279 2100 cu-

1318 2114 1381 2163 jus
1393 2114 1442 2152 est
1462 2114 1682 2150 intellec-‘tiva
1695 2112 1860 2160 potentia
1876 2139 1886 2148 .

1425 2164 1567 2202 Contra
1583 2192 1593 2207 ,
1619 2164 1837 2205 Aristoteles
1851 2163 1884 2199 6.
1909 2164 2036 2201 Ethic.
2052 2171 2128 2214 cap.
2142 2176 2176 2213 3.
2190 2176 2281 2201 enu-

1320 2227 1461 2254 merans
1480 2218 1635 2253 virtutes
1650 2214 1911 2253 intelleetuales
1929 2226 2083 2251 numero
2109 2217 2280 2262 quinario
2315 2241 2462 2274 9030&
2494 2259 2508 2269 ⁶

1318 2281 1381 2305 eas
1392 2267 1579 2304 concludit
1594 2268 1709 2304 :Sunt
1727 2267 1821 2302 enirn
1837 2265 1955 2309 cA'rs,
1969 2266 2134 2303 Scientia
2149 2295 2159 2310 ,
2177 2267 2280 2304 ‘Pru-
2315 2289 2392 2311 ment
2415 2256 2497 2322 sapeni-

1319 2320 1444 2356 dentia
1457 2346 1467 2360 ,
1494 2319 1683 2367 Sapientia
1696 2346 1706 2361 ,
1739 2315 1940 2355 Intelleffus
1955 2344 1963 2352 .
1979 2318 2030 2355 Hi
2044 2328 2162 2355 autem
2178 2317 2278 2357 habi.
2311 2322 2438 2361 primum
2458 2332 2519 2364 cap.

1319 2382 1380 2407 tus
1395 2369 1571 2406 differunt
1589 2370 1633 2404 ab
1651 2371 1804 2406 invicem
1818 2379 1929 2416 penes
1956 2367 2101 2415 objeeta
2117 2395 2126 2404 .
2155 2371 2198 2407 Et
2214 2368 2277 2417 fiz-
2316 2364 2454 2403 metapby.

1317 2423 1458 2471 pientia
1474 2448 1483 2462 ‚
1499 2419 1698 2457 intelleFZus
1712 2447 1722 2462 ,
1749 2422 1783 2457 8(
1800 2419 1958 2469 fidentia
1972 2420 2152 2467 pertinent
2167 2420 2210 2456 ad
2228 2422 2275 2458 ini

1321 2472 1508 2508 tellefitum
1521 2471 1786 2519 speculativum
1802 2497 1814 2514 ,
1835 2483 1881 2507 ex
1895 2468 2053 2516 objeffis
2078 2470 2277 2508 distinctio-

1319 2536 1401 2560 nem
1418 2524 1636 2570 accipientes
1651 2548 1660 2558 .
1691 2523 1889 2559 Prudentia
1908 2532 1996 2557 vero
2010 2521 2044 2557 8(
2063 2534 2121 2558 ars
2145 2522 2277 2572 prefiti-

1319 2586 1403 2610 cum
1418 2573 1638 2610 intelleaum
1650 2573 1809 2611 afficiunt
1826 2600 1834 2615 ,
1858 2574 1892 2609 ἃ
1907 2571 2102 2619 perficiunt
2117 2599 2126 2609 .
2315 2610 2332 2631 ι
2348 2603 2379 2632 d·
2469 2610 2503 2635 m

1371 2624 1587 2672 Respondeo
1601 2624 1793 2660 dicendum
1808 2624 1843 2659 in
1859 2622 2042 2660 inteneetu
2059 2623 2127 2660 effe
2141 2637 2279 2672 ponen-
2314 2611 2521 2678 §sdjsffl‘mdg

1321 2676 1388 2712 dos
1405 2676 1552 2722 aliquos
1569 2674 1732 2717 habitus,
1748 2673 1862 2722 cujus
1880 2675 2075 2710 declaratio
2087 2675 2278 2713 solutionis
2309 2682 2514 2725 proprinmopi

1320 2727 1369 2764 est
1382 2725 1589 2774 accipienda
1600 2738 1643 2762 ex
1659 2726 1809 2763 diffisin
1827 2724 2226 2773 praecedent²bus.Nam
2239 2740 2280 2764 ea
2310 2729 2403 2750 '’m'‘-

1321 2779 1483 2826 potentia
1499 2776 1549 2813 est
1565 2777 1759 2814 habituum
1772 2789 1890 2825 capax
1902 2803 1913 2819 ,
1933 2777 1968 2812 8(
1987 2776 2099 2826 reipsa
2111 2778 2160 2813 eis
2171 2790 2281 2814 orna-

1321 2841 1382 2866 tur
1398 2840 1443 2864 ex
1459 2827 1603 2865 astibus
1636 2828 1846 2876 frequenter
1875 2827 2007 2864 elicitis
2025 2855 2039 2875 ,
2067 2839 2148 2874 quae
2175 2829 2281 2874 dese,

1322 2880 1453 2927 suique
1467 2890 1598 2916 natura
1615 2892 1687 2916 non
1703 2879 1754 2915 est
1780 2879 2022 2916 determinata
2047 2879 2090 2915 ad
2107 2881 2282 2928 recipien-

1321 2932 1388 2967 dos
1400 2931 1500 2967 aetus
1511 2930 1756 2967 determinata
1770 2929 2001 2980 perfefftionis
2012 2931 2045 2967 8<
2059 2931 2279 2971 intensionis.

1325 2982 1536 3018 intellectus
1551 2993 1670 3018 autem
1688 2981 1822 3018 nedum
1842 2979 1893 3017 est
1918 2981 1962 3016 ad
1984 2983 2104 3018 omnia
2134 2983 2282 3031 prorsus

1324 3034 1565 3080 intelligibilia
1580 3032 1881 3069 indeterminatus
1898 3059 1909 3075 ‚
1936 3030 1994 3067 sed
2028 3035 2135 3068 etiam
2163 3046 2281 3071 cum.»

1325 3085 1562 3121 circaumum
1577 3083 1738 3120 versatur
1752 3084 1941 3130 objec'tum
1962 3109 1970 3124 ,
1993 3083 2202 3120 indifferens
2230 3085 2279 3121 est

1328 3134 1372 3170 ad
1385 3135 1602 3172 eliciendum
1619 3135 1720 3170 aetus
1747 3136 1866 3170 minus
1893 3135 1928 3170 8(
1958 3135 2072 3180 magis
2104 3135 2278 3176 intensos;

1327 3198 1406 3235 quo
1435 3198 1525 3233 ergo
1565 3196 1608 3221 ut
1639 3187 1675 3220 in
1716 3185 1898 3233 perfeEtos
1938 3195 1978 3219 ac
2009 3185 2278 3231 perfefflsfimos

1331 3248 1463 3280 exeat,
1490 3235 1585 3272 unde
1600 3246 1777 3282 quantum
1806 3235 1881 3271 fieri
1911 3235 2027 3282 potest
2054 3236 2277 3281 perficiatur,

1332 3288 1467 3333 indiget
1481 3286 1611 3322 habitu
1626 3313 1635 3329 ,
1658 3299 1719 3334 per
1731 3299 1841 3335 quem
1853 3284 1956 3321 aetus
1968 3286 2159 3333 perfectior
2175 3288 2207 3323 8(
2225 3289 2281 3324 in-

1333 3339 1465 3375 tenlior
1479 3336 1648 3373 succedat
1672 3348 1714 3372 ac
1739 3338 1833 3374 foret
1852 3363 1863 3380 ‚
1885 3336 1907 3371 fi
1926 3346 2067 3374 tantum
2090 3340 2282 3385 porentia„

1334 3391 1412 3438 pari
1430 3388 1598 3424 adhibito
1615 3398 1750 3425 conatu
1771 3390 1805 3424 in
1830 3389 1932 3424 illum
1955 3388 2146 3425 influeret.
2175 3393 2282 3439 Q)-

1336 3442 1430 3476 niarn
1447 3451 1533 3487 ergo
1545 3438 1752 3477 intelltstus
1764 3451 1834 3475 non
1848 3437 1897 3476 est
1910 3451 1957 3476 ex
1971 3438 2003 3475 se
2018 3440 2153 3476 summe
2168 3440 2286 3475 deter-

1339 3492 1498 3527 minatus
1526 3490 1580 3525 vel
1608 3491 1822 3533 inclinatus,
1845 3501 1908 3527 nec
1935 3491 2286 3526 haecindctcrmina-

1341 3543 1393 3577 tio
1406 3542 1522 3577 oritur
1534 3539 1579 3576 de
1593 3542 1863 3588 imperfcfflone
1876 3543 2041 3589 principii
2066 3542 2173 3577 aelii-i
2193 3568 2204 3584 ,
2230 3540 2287 3576 sed

1343 3594 1459 3636 magis
1472 3602 1516 3627 ex
1533 3592 1777 3629 illimitatlone
1789 3594 1937 3631 vittutis
1948 3591 2029 3639 ejus
2040 3605 2133 3641 opus
2145 3594 2213 3629 fuit
2226 3592 2289 3628 de-

1343 3643 1533 3678 terminari
1565 3645 1598 3680 8(
1626 3644 1785 3680 inclinari
1814 3644 2031 3694 perhabims
2057 3644 2099 3679 ad
2121 3643 2289 3681 diversa..-

1342 3691 1485 3738 objeeta
1503 3718 1511 3730 .
1534 3706 1641 3741 prout
1656 3707 1783 3747 nempe
1799 3698 1970 3743 frequens
1990 3697 2057 3734 fuit
2071 3698 2105 3732 in
2134 3697 2293 3733 conside-

1346 3745 1484 3781 ratione
1497 3744 1641 3782 illorum
1652 3770 1662 3781 .

2324 3363 2394 3400 καὶ-3
2404 3373 2428 3399 3·
2441 3370 2522 3401 ase-

2322 3407 2414 3434 cunda
2435 3408 2506 3438 ratio
2515 3428 2525 3439 ι

2125 3798 2245 3834 Dein·
