2628 4043
125 430 151 451 t.
162 422 190 450 d.
203 432 230 451 2.
245 432 273 460 q.
290 430 317 451 ι.

118 464 166 493 Ad
178 462 300 500 primum

118 502 282 539 primipale.
291 501 320 530 &

119 538 146 570 dn
160 542 186 568 8.
200 549 229 577 q·
247 548 277 576 5⁹

114 1378 317 1446 &dammas-

148 1417 231 1445 icitur
253 1426 314 1454 ergo

114 1456 153 1483 ad
176 1454 319 1492 quaestionz'

114 1494 150 1521 V.
168 1496 225 1521 Nec
245 1503 313 1532 pro·

109 1539 178 1572 pter·
190 1531 239 1562 boc

426 124 532 172 '102'
1023 123 1205 171 Summae
1234 117 1271 190 'J

358 191 576 229 fefi‘tionibus
600 187 894 227 communisiimis
917 189 1119 228 affimilatur
1142 191 1292 227 effeetus

357 243 496 283 causae3
526 252 613 287 ergo
628 242 661 277 8(
677 241 713 276 in
726 241 886 277 bonitate
899 268 910 284 ‚
939 242 972 277 ἃ
993 253 1056 288 per
1071 241 1294 289 consequens

356 307 376 329 a
394 295 488 329 bono
499 318 511 330 ,
530 302 603 328 uta
614 290 720 327 causa
733 291 924 338 procedere
936 294 1060 341 nequit
1074 292 1168 329 aetio
1183 292 1292 333 mala;

355 354 581 392 quaecunque
599 343 712 388 igitur
723 342 817 378 ειᾶὶίο
833 344 924 378 bona
939 353 1005 379 erit
1021 367 1030 377 .

454 391 595 433 Contra
613 420 625 435 ,
656 391 822 439 Aliquod
836 391 886 428 est
914 395 1044 429 malum
1062 393 1097 428 in
1126 392 1294 430 universo

353 445 510 493 spetS'tato
522 444 650 480 ordine
663 454 813 485 naturae,
829 453 869 479 ut
885 444 1136 491 experimento
1149 455 1294 490 compe-

353 500 442 533 ritur
473 509 485 537 3
523 507 611 541 ergo
639 496 746 531 etiam
777 494 812 527 in
866 494 1069 531 astionibus
1096 493 1263 529 humanis
1279 504 1291 531 ἵ

349 545 669 598 Qemadmodum
686 545 777 581 enim
791 555 917 581 natura
942 547 1081 581 aberrat
1109 556 1128 579 a
1145 543 1214 580 fine
1242 545 1298 579 in-

351 607 456 634 tento
470 598 514 632 ab
530 596 694 635 Authore
717 604 852 630 naturae
864 618 877 638 ,
906 594 1136 641 monstraque
1156 595 1294 643 produ-

352 650 426 691 cit,
456 647 598 692 aliaque
625 647 656 681 id
670 655 806 693 geum,
833 647 1138 682 concurrentibus
1161 645 1288 687 caulis,

353 700 488 747 quibus
504 697 565 733 sua
593 697 728 731 virtute
741 694 898 732 resistere
930 708 1000 732 non
1033 695 1152 743 potest
1172 709 1183 737 ;
1215 697 1291 733 ita,

353 748 512 784 ae'tiones
523 746 686 782 humanae
709 744 914 791 frequenter
931 758 1118 794 perperam
1138 747 1292 782 eliciun-

353 808 416 835 tur
431 810 449 833 a
478 797 665 833 voluntate
682 821 692 836 ‚
715 796 812 831 nulla
835 797 982 842 quidem
1005 796 1202 836 necessitate
1231 809 1292 834 uro

355 860 462 896 gente
476 875 486 890 ,
512 845 570 884 sed
585 846 658 894 ipsa
675 846 722 880 ita
735 847 874 890 operari
892 847 1036 883 volente
1050 872 1060 882 .

453 896 668 945 Respondeo
692 920 701 930 .
742 895 971 939 Dicendum,
991 909 1063 933 non
1089 909 1292 944 quamcun-

353 959 426 996 que
442 948 596 984 hominis
609 946 780 982 afflionem
805 946 872 983 esse
886 948 1016 984 bonam
1033 976 1045 993 ,
1077 948 1132 985 sed
1159 951 1289 986 multas

353 1000 460 1034 etiam
478 998 585 1034 malas
602 1007 711 1042 atque
723 998 891 1044 obliquas
908 1024 917 1034 .
946 998 1005 1035 Ad
1032 999 1140 1047 cujus
1159 1000 1292 1042 intelli..

351 1050 508 1094 gentiam
525 1052 640 1096 primo
660 1046 851 1084 videndum
869 1047 918 1084 est
935 1049 1024 1096 quid
1039 1052 1181 1088 nomine
1195 1053 1286 1089 boni.

352 1100 440 1135 tatis
455 1098 596 1137 moralis
609 1125 619 1141 ,
642 1097 729 1134 idest
741 1121 754 1141 ‚
784 1098 964 1146 sequentis
980 1101 1081 1139 aetus
1107 1102 1285 1140 humanos

348 1150 500 1195 intelligi
517 1148 621 1186 debet
634 1174 647 1192 ‚
659 1150 692 1185 8(
707 1148 837 1186 deinde
853 1150 894 1184 de
906 1152 1039 1188 malitia
1051 1152 1099 1188 illi
1113 1154 1291 1202 opposita.

349 1198 466 1238 Porto
486 1198 535 1236 To
558 1199 686 1236 morale
719 1201 816 1239 aliud
842 1213 913 1237 non
939 1203 1109 1250 importat
1135 1207 1195 1242 nifi
1223 1205 1257 1240 id
1273 1231 1286 1248 ,

349 1251 448 1300 quod
465 1263 507 1287 ex
521 1261 628 1287 more
642 1277 654 1295 ,
676 1251 732 1286 vel
747 1263 794 1288 ex
817 1251 1074 1291 consuetudine
1104 1255 1153 1292 est
1177 1269 1288 1303 gene-

349 1303 461 1340 rabile
478 1302 511 1337 in
528 1302 641 1336 anima
661 1328 672 1339 .
699 1302 845 1339 Bonitas
868 1303 990 1353 itaque
1005 1308 1151 1343 moralis
1175 1308 1287 1344 εξὶῑο-

350 1355 406 1390 nis
422 1353 587 1390 humanae
603 1352 651 1398 est
665 1353 861 1398 integritas
872 1365 991 1396 eoram
1003 1359 1157 1394 omnium
1170 1385 1181 1401 ,
1210 1370 1286 1407 quae

350 1404 443 1441 νεῗία
454 1405 547 1439 ratio
556 1406 729 1449 operantis
735 1404 883 1448 judicat
891 1405 1019 1444 debere
1029 1407 1093 1455 ipfi
1099 1409 1194 1445 aflai
1207 1421 1283 1446 con.

349 1457 475 1491 venire
494 1482 502 1496 ‚
524 1454 584 1490 vel
606 1452 669 1501 ipsi
693 1457 813 1501 agenti
825 1458 863 1490 iu
878 1458 943 1500 suo
965 1458 1045 1494 offa
1069 1462 1258 1497 convenire
1274 1487 1283 1496 .

348 1510 444 1545 Nam
461 1504 766 1552 quemadmodum
783 1505 923 1543 bonitas
948 1508 1112 1554 primaria
1126 1511 1160 1546 8(
1175 1511 1284 1547 effen-

347 1558 445 1593 tialis
470 1557 560 1590 entis
583 1553 632 1590 est
657 1556 842 1600 integritas
869 1582 880 1597 ,
908 1559 964 1593 vel
994 1559 1165 1604 perfeetio
1192 1563 1284 1598 entis

347 1609 383 1645 in
403 1606 639 1643 sein·.olvens
666 1608 890 1649 negationem
917 1608 1218 1655 imperfefflonss,
1248 1613 1284 1647 8:

344 1656 509 1693 descetus
534 1656 651 1689 omnis
679 1666 804 1690 eorum
830 1681 841 1696 ,
872 1667 954 1701 quae
969 1661 1174 1703 oportetilli
1202 1673 1289 1697 con-

347 1708 495 1745 venire,
514 1715 553 1739 ut
569 1703 750 1749 integrum
778 1704 1055 1755 perfeciumque
1081 1709 1120 1745 fit
1138 1721 1199 1746 ens
1214 1711 1285 1746 ‘vel

344 1767 500 1795 n⁴1tura3
530 1754 575 1790 fic
589 1754 735 1791 bonitas
761 1756 855 1791 entis
878 1754 1088 1793 secundaria
1106 1786 1118 1801 ,
1141 1761 1176 1796 8(
1201 1773 1285 1797 acc-

347 1806 500 1843 dentalis
515 1829 524 1845 ‚
546 1816 624 1850 quae
635 1802 860 1851 entitatijam
878 1806 1043 1851 perfeQae
1059 1809 1095 1840 in
1112 1809 1176 1841 suo
1187 1810 1284 1842 ordi.-

344 1856 613 1900 neintelligitur
639 1852 891 1899 supervenire,
917 1852 966 1900 est
991 1857 1184 1902 integritas
1204 1867 1283 1891 con-

343 1908 534 1944 venientiae
548 1931 559 1946 ‚
586 1902 647 1938 vel
658 1905 798 1950 integra
813 1906 1059 1941 convenientia
1068 1906 1143 1942 eius
1156 1904 1279 1949 alteri,

344 1960 403 1995 cui
414 1958 518 1993 debet
531 1955 717 1991 convenire
731 1979 742 1995 ,
756 1954 817 1991 vel
826 1954 973 1992 alterius
977 1955 1045 2000 fibi
1055 1982 1063 1993 .
1092 1960 1188 2006 Quae
1201 1956 1281 1996 duae

343 2006 605 2045 convenientiae
646 2003 764 2053 paffim
800 2004 1035 2042 inveniuntur
1068 2018 1242 2045 connexae
1260 2034 1269 2043 .

343 2058 584 2106 Exemplum:
609 2054 736 2092 sanitas
750 2054 883 2092 dicitur
894 2057 987 2092 bona
1005 2055 1140 2094 homini
1156 2087 1166 2102 ‚
1191 2060 1280 2107 quia

343 2110 408 2145 *libi
421 2107 641 2144 conveniens
656 2133 669 2150 ‚
697 2107 730 2144 ἃ
744 2105 846 2144 cibus
862 2106 994 2142 dicitur
1021 2108 1138 2159 bonus
1152 2137 1164 2153 ,
1191 2112 1280 2158 quia

341 2160 452 2196 habet
475 2158 632 2206 saporem
650 2157 713 2193 fibi
740 2159 1011 2194 convenientem
1026 2183 1034 2194 .
1064 2159 1280 2209 Exemplum

343 2210 534 2257 utriusque
559 2209 675 2255 accipi
698 2207 809 2255 potest
828 2221 873 2244 ex
898 2209 1130 2255 Augustino,
1158 2213 1190 2248 8.
1206 2213 1280 2250 de„

344 2262 477 2296 Trinit.
492 2272 528 2295 cc
537 2271 571 2306 p.
592 2269 623 2306 3.
641 2259 738 2295 Bona
750 2258 918 2296 valetudo
922 2259 996 2306 stne
1010 2261 1186 2301 doloribus
1201 2291 1213 2308 ‚
1235 2263 1281 2305 ὠ·

342 2309 544 2356 laffitudine
560 2335 570 2344 .
584 2307 770 2346 valetudo
782 2311 874 2347 enim
887 2311 935 2347 est
948 2313 1039 2348 bona
1052 2315 1190 2351 homini
1204 2327 1283 2351 tan-

343 2373 453 2408 quam
469 2362 528 2397 libi
541 2361 698 2408 apprime
712 2361 930 2398 conveniens
945 2390 957 2405 ‚
985 2364 1020 2400 8(
1038 2367 1191 2412 primum
1207 2379 1284 2401 tan-

346 2413 449 2457 gitur
462 2413 686 2447 membrum.
716 2407 760 2446 Et
785 2410 924 2449 subdit.
953 2415 1205 2460 Augustinus,
1232 2417 1282 2454 Ec

344 2462 552 2507 bonasacies
567 2461 715 2497 hominis
727 2461 880 2509 dimenfit
888 2463 1060 2510 pariliter
1070 2493 1080 2508 ,
1104 2465 1148 2505 ἐφ’
1161 2465 1283 2515 affbfi'a

341 2513 537 2555 hilariter,
559 2511 604 2549 &
618 2510 815 2548 luculenter
829 2513 1000 2551 colorata.
1029 2519 1111 2552 Hoc
1137 2529 1201 2564 pto
1233 2517 1284 2554 se-

341 2563 465 2599 cundo
481 2564 642 2598 membro
655 2588 665 2603 ‚
691 2563 776 2609 quia
792 2564 870 2599 talis
888 2564 997 2602 facies
1025 2566 1157 2604 dicitur
1176 2570 1284 2613 bona,

342 2622 424 2648 cum
440 2612 585 2659 praedita
599 2613 647 2649 est
660 2613 704 2648 iis
718 2637 730 2656 ‚
758 2625 839 2661 quae
854 2615 918 2651 fibi
936 2619 1183 2655 conveniunt.

441 2666 553 2701 Nunc
578 2676 696 2701 autem
725 2663 825 2700 aetus
853 2677 957 2703 natus
981 2667 1029 2704 est
1060 2670 1283 2709 convenire„

339 2715 459 2759 agenti
477 2741 487 2756 ‚
517 2724 628 2761 atque
657 2714 764 2750 etiam
782 2714 914 2753 habere
926 2719 1082 2764 aliquam
1105 2720 1287 2756 conditio-

340 2777 421 2799 nem
437 2762 498 2799 fibi
511 2765 960 2816 convenientemUtroque
976 2769 1086 2815 igitur
1100 2771 1209 2808 modo
1222 2770 1286 2805 ha·

341 2815 429 2850 bens
444 2813 562 2850 aGtum
581 2814 652 2849 dici
670 2814 783 2862 potest
802 2818 916 2855 bonus
934 2820 1093 2858 bonitate
1117 2821 1284 2858 acciden-

341 2866 402 2900 tali
428 2890 436 2899 .
458 2864 580 2911 'quue
612 2876 737 2900 verum
764 2867 813 2902 est
838 2869 872 2904 in
900 2869 1103 2906 universum
1129 2872 1172 2908 de
1198 2870 1283 2907 aaa

338 2927 564 2962 quocunque
577 2941 586 2956 ,
613 2917 717 2950 etiam
734 2919 887 2953 naturali
904 2932 916 2960 ς
945 2932 984 2955 ac
1002 2921 1153 2967 proinde
1169 2933 1282 2968 genus

340 2965 410 3001 boc
425 2965 597 3001 bonitatis
614 2964 813 3003 resultantis
826 2980 870 3004 εκ
882 2981 940 3012 eo,
954 2972 1038 3017 quia
1054 2973 1188 3019 aliquid
1204 2972 1284 3019 pos-

341 3013 429 3052 sidet
455 3016 553 3064 quod
571 3014 631 3052 sibi
645 3018 844 3065 competit,
868 3020 998 3058 nedum
1028 3021 1278 3068 complefftitur

339 3068 536 3103 bonitatem
550 3067 808 3104 accidentalem
821 3095 832 3112 ‚
857 3070 914 3107 sed
930 3071 963 3107 St
977 3073 1179 3108 naturalem
1191 3084 1285 3120 quo-

101 3413 216 3442 sonim
237 3424 301 3444 mo.

102 3451 167 3481 ralis
179 3463 238 3492 quae
254 3459 266 3483 t

371 3130 434 3153 uc.

340 3129 366 3165 q
440 3167 579 3203 Verum
606 3168 896 3217 distinguendum
925 3171 975 3208 est
998 3172 1040 3208 de
1063 3173 1254 3218 agentibus
1270 3198 1281 3210 .

339 3221 435 3257 Nam
456 3219 504 3254 est
517 3231 623 3264 agens
639 3247 650 3262 ‚
673 3220 774 3266 quod
793 3221 1073 3268 nonjudicatde
1087 3234 1156 3266 eo,
1181 3224 1280 3270 quod

337 3269 436 3305 afflui
458 3268 706 3308 suo-convenit
721 3299 732 3315 ,
757 3285 821 3309 nec
833 3272 934 3310 ac‘tus
951 3273 998 3309 est
1017 3273 1052 3308 in
1081 3273 1282 3321 potestate)

337 3320 448 3366 ipsius
465 3333 476 3360 ·‚
498 3319 606 3364 idque
618 3320 668 3355 est
682 3334 790 3367 agens
807 3326 878 3362 fine
900 3322 1083 3360 intelle-&u
1102 3351 1112 3365 ,
1143 3325 1177 3361 8(
1211 3337 1280 3360 vo·

336 3370 474 3407 luntate
491 3395 500 3405 .
531 3369 641 3406 Aliud
655 3383 739 3409 vero
754 3374 803 3410 est
819 3386 927 3421 agens
942 3401 952 3416 ‚
978 3374 1076 3421 quod
1092 3374 1136 3410 de
1152 3385 1283 3412 conve,

340 3421 472 3458 nientia
488 3419 541 3457 sui
557 3419 832 3468 aetusjudicat‚
861 3425 1064 3473 eumqttein
1091 3425 1151 3460 sua
1172 3425 1279 3461 babet

336 3472 515 3519 potestate
528 3499 540 3514 ‚
565 3482 675 3517 atque
687 3473 722 3507 id
735 3476 781 3510 cst
793 3481 904 3521 agens
916 3489 933 3510 a
948 3476 1128 3525 proposito
1144 3477 1280 3523 pollens

338 3522 726 3566 nimirumimeueam
751 3526 784 3561 8(
805 3528 1014 3564 voluntate:
1037 3528 1071 3562 8(
1100 3525 1278 3573 ejusmodi

340 3575 440 3610 aetus
458 3575 599 3611 bonitas
617 3573 824 3612 secundaria
850 3578 990 3626 integra
1005 3576 1142 3613 dicitur
1168 3579 1270 3614 boni·

336 3631 392 3660 tas
411 3627 577 3662 moralis.

439 3679 488 3714 At
505 3678 644 3721 agentia
656 3689 702 3713 ex
722 3678 1161 3722 cognitioneintellefflva
1176 3707 1186 3722 ,
1198 3694 1280 3729 quae

339 3728 501 3772 proprie,
532 3727 565 3762 ’8-
595 3729 666 3764 sola
693 3727 740 3763 cst
765 3728 964 3775 judicativa
986 3731 1029 3766 de
1057 3733 1119 3767 tali
1145 3744 1279 3770 conve-

337 3776 464 3811 nientia
485 3806 493 3820 ‚
526 3786 600 3814 tut]
620 3778 696 3814 sunt
711 3778 841 3816 babere
858 3783 1016 3829 regulam
1048 3781 1275 3821 intrinsecam

1273 120 1438 170 oannis*
1452 124 1581 172 Duns
1603 114 1721 175 scoti

1370 191 1642 231 testitudinisin
1655 194 1720 230 suo
1734 193 1841 239 aaa,
1863 196 1898 235 8(
1915 198 1949 234 in
1966 197 2047 236 solis
2064 197 2220 237 istisefl'e
2249 213 2316 249 po-

1365 242 1433 278 test
1447 243 1548 279 astus
1563 246 1680 283 bonus
1704 247 1873 294 praeditus
1888 251 2014 285 morali
2038 253 2199 288 bonitate
2216 263 2229 291 ς
2256 251 2314 288 sed

1370 305 1442 329 non
1459 293 1586 330 sufficit
1597 294 1640 330 ad
1653 296 1751 333 illam
1765 309 1874 344 agens
1885 301 2024 347 pollere
2035 305 2196 351 potentia
2212 301 2310 347 judi.

1369 343 1487 379 cativa
1499 344 1544 381 de
1557 349 1811 384 convenientia
1824 348 1877 385 sui
1889 349 1993 387 afrus
2008 379 2019 394 ‚
2043 366 2124 390 nam
2137 365 2325 400 praeterea.

1367 405 1573 441 oportet,ut
1585 398 1655 432 tale
1669 409 1779 443 agens
1795 399 1880 435 acin
1892 402 1985 439 reete
1996 403 2136 449 judicet
2153 405 2197 440 de
2214 403 2314 451 nau,

1369 458 1410 481 ac
1420 443 1525 491 juxta
1542 447 1611 482 tale
1623 446 1801 493 juditium
1815 450 1918 488 aetus
1940 455 2215 502 repraesentetur
2232 482 2241 491 .
2271 456 2308 493 Si

1370 496 1462 531 enim
1478 498 1643 542 cognitio
1658 510 1805 537 erronea
1821 500 1862 536 fit
1879 527 1891 543 ,
1921 504 2003 541 licet
2019 519 2148 553 agatur
2166 508 2313 544 confor-

1369 547 1476 582 miter
1500 548 1705 592 cognitioni
1721 550 1825 587 ιεὲὶεε
1851 552 2000 597 alterius
2028 556 2281 603 cognoscentis
2299 586 2312 602 ,

1364 598 1452 642 quia
1469 608 1588 634 tamen
1601 600 1671 635 tale
1687 612 1797 647 agens
1815 613 1938 640 natum
1955 606 2004 642 est
2018 609 2177 653 regulari
2192 610 2229 645 in
2246 609 2311 645 suo

1368 646 1453 682 nau
1467 660 1530 693 per
1545 649 1726 697 propriam
1739 654 1983 698 cognitionem
1999 670 2011 697 ;
2028 658 2063 694 8(
2080 659 2221 695 interim
2236 672 2310 696 non

1367 698 1440 741 agit
1459 697 1651 736 secuudum
1664 701 1757 738 illam
1775 704 1811 740 in
1823 702 1904 742 casu
1916 731 1928 748 ,
1958 707 2033 743 imo
2046 719 2170 745 contra
2198 710 2312 752 illam,

1366 746 1452 783 ideo
1461 760 1533 784 non
1550 750 1642 787 reete
1656 753 1731 797 agit
1751 778 1760 788 .
2155 782 2157 785 ·

1466 799 1714 839 Confimiliter
1742 805 1846 842 talem
1869 806 1964 844 elicit
1989 809 2110 847 anstum
2128 837 2139 853 ‚
2161 812 2309 857 qualem

1367 845 1525 885 habetin
1541 849 1599 886 sua
1617 853 1816 900 potestate:
1840 856 1944 893 habet
1974 870 2090 896 autem
2106 861 2143 897 in
2166 860 2227 898 sua
2244 875 2311 910 po-

1366 899 1489 936 testate
1505 926 1516 941 ,
1541 903 1683 948 qualem
1703 905 1892 951 cognoscit
1909 920 1950 944 ac
1963 910 2080 946 elicit:
2105 913 2191 958 quia
2206 912 2311 948 liberi

1366 950 1508 986 arbitrii
1522 952 1679 998 potestas
1698 957 1753 992 vel
1765 956 1962 994 formaliter
1991 962 2046 996 vel
2062 965 2309 998 concomitan-

1367 1010 1422 1035 ter
1433 1001 1548 1037 existit
1563 1003 1598 1040 in
1626 1008 1834 1051 cognitione
1849 1035 1859 1050 ,
1884 1010 1917 1044 8(
1943 1011 2142 1052 εἰεξὶῐοιιες
2165 1013 2307 1050 bonitas

1366 1050 1491 1097 itaque
1507 1055 1650 1094 moralis
1666 1057 1766 1093 aetus
1777 1059 1833 1093 eft*
1842 1062 2087 1097 convenientia
2100 1062 2304 1109 judicata-

1356 1099 1559 1147 secundum
1572 1106 1700 1143 reflam
1710 1118 1882 1146 ratzomm
1892 1116 2067 1159 operantis
2083 1139 2096 1157 ‚
2118 1124 2157 1149 ut
2171 1113 2310 1151 dicium

1364 1151 1413 1188 est
1427 1153 1462 1188 in
1474 1151 1553 1199 ejus
1569 1155 1806 1205 descriptione
1821 1187 1832 1197 .

1463 1204 1679 1243 Addebatur
1690 1221 1808 1248 autem
1821 1216 1971 1250 omnium
1981 1227 2097 1253 eorum
2109 1240 2123 1260 ‚
2148 1227 2226 1264 quae
2246 1215 2308 1254 de·

1363 1252 1644 1294 bantconvenire
1656 1261 1750 1297 affui
1765 1287 1776 1298 .
1806 1266 1902 1300 Nam
1917 1276 2022 1302 omne
2053 1266 2235 1314 judicium
2263 1270 2321 1303 ab*

1363 1306 1490 1352 aliquo
1501 1319 1600 1345 cetto
1614 1312 1739 1359 incipit
1760 1340 1768 1349 .
1801 1314 1959 1352 Primum
1972 1316 2153 1364 judicium
2165 1318 2209 1355 de
2221 1331 2308 1356 con-

1364 1358 1504 1393 venient
1514 1358 1546 1394 ia
1559 1384 1571 1402 ‚
1584 1360 1860 1411 praesupponere
1875 1378 1947 1403 non
1961 1368 2075 1416 potest
2088 1370 2304 1406 convenien-

1362 1408 1450 1442 tiam
1465 1410 1588 1452 abalio
1603 1412 1787 1450 intelleau
1803 1414 1971 1453 difflatam
1988 1446 1997 1459 ,
2023 1421 2185 1467 alioquin
2213 1420 2309 1456 lund

1367 1456 1459 1493 foret
1471 1457 1650 1505 judicium
1663 1467 1818 1511 primum
1833 1492 1843 1502 .
1876 1467 2171 1517 Praesupponitur
2195 1474 2309 1517 igitur

1364 1509 1512 1555 aliquod
1529 1523 1666 1550 certum
1682 1541 1691 1555 ‚
1721 1515 1754 1550 8(
1767 1528 1838 1552 non
1851 1519 1894 1555 ab
1921 1520 1983 1554 illo
1999 1521 2182 1556 intellthu
2211 1522 2309 1567 judi·

1363 1570 1487 1595 catum
1503 1586 1515 1602 ‚
1529 1562 1577 1597 est
1594 1562 1802 1608 hujusmodi
1813 1566 1861 1599 est
1876 1570 2004 1600 natura
2021 1570 2159 1611 agentis
2174 1596 2184 1610 ,
2197 1573 2229 1606 8(
2244 1583 2309 1616 po-

1364 1609 1476 1642 tentia
1491 1608 1685 1646 secundum
1703 1622 1813 1658 quam
1826 1615 1896 1661 agit
1914 1641 1923 1656 ,
1949 1616 1981 1651 8(
1997 1618 2088 1653 ratio
2119 1620 2309 1664 quiditati·

1363 1669 1408 1692 va
1425 1657 1526 1695 aetus
1543 1672 1554 1700 3
1585 1671 1631 1696 ex
1643 1663 1783 1697 ratione
1798 1663 1971 1709 siquidem
1988 1667 2207 1712 quiditativa
2225 1670 2310 1705 isto-

1364 1718 1444 1742 rum
1459 1710 1642 1747 concludit
1655 1736 1666 1750 ,
1696 1712 1792 1745 hunc
1804 1714 1926 1750 aetum
1941 1713 2008 1750 effe
2025 1721 2306 1755 convenientem

1363 1758 1451 1793 huic
1476 1760 1620 1802 agenti,
1648 1756 1845 1797 secundum
1871 1762 1970 1799 istam
2001 1771 2196 1813 potentiam
2210 1797 2221 1812 ,
2250 1770 2306 1806 vel

1362 1805 1692 1846 disconvenientem
1707 1811 1806 1847 nullo
1826 1812 2077 1861 praesuppofito
2089 1844 2101 1860 ,
2118 1819 2178 1855 nili
2195 1821 2306 1865 ratiof

1363 1855 1471 1892 nibus
1483 1853 1630 1893 istorum
1645 1861 1881 1898 terminorum
1897 1878 1908 1905 3
1933 1865 2019 1903 ficut
2033 1880 2078 1903 ex
2093 1872 2228 1906 ratione
2242 1870 2308 1906 ho·

1364 1905 1468 1940 minis
1481 1906 1514 1942 8(
1527 1909 1694 1953 potentiae
1723 1910 1949 1950 intenefflvae
1961 1940 1974 1958 ,
2002 1919 2034 1953 8(
2050 1918 2150 1954 εὲὶιιε
2173 1921 2309 1957 intelli-

1363 1956 1470 2001 gendi
1486 1981 1498 1998 ,
1525 1959 1672 1996 evidens
1685 1958 1733 1996 est
1751 1988 1762 2003 ‚
1787 1966 1985 2002 convenire
2010 1968 2148 2004 homini
2166 1981 2227 2017 per
2252 1972 2309 2007 in·-

1361 2006 1544 2043 telleaum
1562 2011 1760 2056 intelligere
1774 2039 1784 2054 ‚
1816 2012 1851 2048 8(
1868 2026 1937 2051 non
1965 2024 2161 2057 convenire
2177 2033 2237 2068 pet
2256 2023 2310 2058 in-

1364 2056 1550 2094 tellectum
1563 2069 1711 2107 tangere
1723 2064 1873 2108 cognita
1888 2068 2027 2105 ratione
2044 2070 2146 2107 aetus
2160 2083 2309 2119 tangen-

1363 2108 1400 2143 di
1415 2122 1427 2150 ;
1455 2120 1534 2156 quae
1546 2122 1666 2147 autem
1683 2125 1721 2148 ea
1736 2114 1800 2149 {int
1814 2140 1827 2156 ,
1852 2128 1933 2163 quae
1952 2120 2042 2154 ratio
2059 2123 2152 2157 reeta
2166 2120 2308 2167 judicat

1363 2158 1492 2198 debere
1506 2161 1601 2197 aftui
1619 2161 1683 2198 suo
1696 2168 1890 2203 convenire
1909 2167 2052 2207 dicetur
2066 2172 2102 2208 in
2122 2172 2310 2220 sequemi-

1363 2212 1425 2247 hus
1446 2235 1455 2245 .
1472 2207 1578 2249 'Satis
1595 2225 1689 2249 nunc
1700 2214 1748 2251 est
1762 2217 1950 2254 insinuasse
1967 2223 2140 2258 tationem
2168 2225 2309 2259 bonita-

1361 2263 1408 2300 tis
1423 2263 1564 2302 moralis
1577 2261 1762 2302 aetionum
1777 2266 2010 2307 homanatum
2023 2299 2033 2315 ‚
2048 2285 2112 2319 per
2125 2286 2232 2321 quam
2248 2276 2314 2311 ali·

1364 2326 1445 2361 quae
1465 2315 1578 2363 reipsa
1599 2314 1677 2351 sunt
1697 2319 1732 2354 8(
1748 2318 1920 2357 dicuntur
1936 2323 2035 2360 bonae
2052 2349 2061 2358 .
2078 2328 2172 2374 Qae
2189 2336 2224 2359 ut
2244 2325 2312 2363 sint

1362 2364 1519 2413 perfecte
1532 2368 1634 2402 bonae
1647 2391 1660 2410 ‚
1683 2377 1823 2414 oportet
1837 2381 1895 2409 eas
1908 2372 1974 2409 effe
1990 2385 2134 2412 ornatas
2164 2376 2216 2411 his
2234 2390 2310 2414 om.

1362 2417 1470 2452 nibus
1485 2443 1494 2456 ,
1520 2429 1600 2464 quae
1615 2417 1696 2464 ipsis
1710 2418 1840 2456 debent
1865 2426 2059 2461 convenire
2074 2452 2084 2466 ,
2112 2426 2307 2463 secundum

1363 2465 1540 2502 dinamen
1559 2467 1661 2505 refftae
1680 2472 1846 2509 rationis,
1879 2474 1919 2510 Et
1932 2475 2077 2521 quidem
2093 2475 2198 2521 juxta
2213 2477 2263 2515 D.
2292 2499 2311 2507 -

1363 2517 1451 2564 nyfii
1481 2516 1676 2556 doarinam
1693 2547 1705 2563 ,
1724 2521 1769 2557 de
1786 2522 1917 2559 Divm.
1946 2527 2137 2563 Noraimh.
2162 2537 2235 2574 cap.
2269 2542 2309 2575 4.

1365 2566 1550 2604 scribentis
1561 2595 1575 2611 ,
1598 2570 1731 2606 Bonum
1742 2573 1797 2608 efl
1811 2587 1855 2610 ex
1866 2587 1937 2610 una
1953 2577 1998 2617 &⁶
2010 2586 2084 2613 tota
2095 2578 2196 2624 caufiz
2208 2605 2219 2621 ‚
2233 2591 2311 2614 ma·

1363 2616 1437 2654 lum
1454 2627 1574 2658 autem
1587 2632 1631 2657 ex
1645 2623 1925 2672 particularibus
1937 2626 2126 2672 deseclibus
2138 2656 2145 2663 .

1465 2670 1518 2709 Ex
1549 2674 1685 2718 quibus
1712 2673 1942 2721 perspicuum
1968 2677 2017 2712 est
2035 2704 2047 2721 ‚
2074 2679 2169 2729 unde
2194 2691 2309 2717 nam.»

1361 2719 1550 2755 oriaturin
1561 2722 1643 2759 aGtu
1655 2722 1814 2762 hominis
1839 2727 1973 2762 malitia
1995 2731 2138 2765 moralis
2154 2758 2165 2773 ‚
2192 2742 2308 2766 nam-³

1363 2767 1611 2807 deficientibus
1626 2775 1797 2813 omnibus
1811 2803 1820 2818 ‚
1847 2779 1982 2822 quibus
1999 2791 2078 2815 eum
2092 2792 2241 2829 oportet
2256 2781 2310 2819 es-

1362 2816 1396 2855 se
1409 2830 1574 2857 ornatum
1589 2849 1601 2864 ‚
1628 2825 1684 2859 vel
1701 2825 2100 2867 circumstantionatum
2115 2856 2127 2873 ,
2147 2835 2310 2880 comple·

1362 2880 1398 2905 te
1428 2871 1544 2908 malus
1559 2872 1608 2907 est
1623 2898 1634 2915 ,
1655 2884 1740 2910 cum
1767 2877 1887 2923 aliqua
1902 2890 1990 2914 vero
2005 2907 2016 2923 ,
2042 2880 2104 2918 aut
2120 2894 2234 2919 unum
2262 2895 2309 2920 ex

1363 2921 1415 2957 eis
1427 2920 1540 2957 deesse
1551 2923 1767 2970 contigerit,
1794 2927 1913 2964 adhuc
1939 2932 2054 2967 malus
2083 2932 2132 2968 est
2155 2960 2165 2975 ,
2188 2936 2307 2981 quia„

1360 2972 1501 3008 bonitas
1515 2971 1593 3019 ejus
1615 2972 1820 3020 integratur
1840 2980 2016 3016 concursu
2038 2985 2201 3020 omnium
2228 2997 2311 3021 om·

1360 3023 1447 3058 nino
1462 3048 1475 3064 ‚
1500 3023 1848 3063 circumstantiarum
1866 3039 1905 3064 ut
1922 3031 2077 3076 perfecta
2096 3037 2301 3081 pulchritu-

1360 3071 1452 3109 δοίη
1466 3077 1678 3124 corporibus
1692 3102 1701 3111 .
1730 3078 1914 3114 Caeterum
1942 3080 2304 3133 dupliciterintclligi

1358 3123 1474 3171 potest
1488 3151 1496 3165 ‚
1523 3126 1692 3162 malitiam
1711 3130 1846 3175 opponi
1859 3130 2014 3166 bonitati
2028 3144 2130 3171 actus
2143 3136 2306 3174 humani}

1361 3177 1457 3210 Nam
1486 3176 1541 3210 vel
1572 3177 1746 3223 privative
1764 3206 1774 3221 ,
1798 3180 1854 3214 vel
1879 3183 2066 3218 'contrarie
2092 3191 2307 3234 opponitur:

1360 3225 1460 3262 Sicut
1473 3226 1579 3263 ctiam
1592 3227 1702 3264 homo
1714 3229 1848 3266 dicitur
1858 3231 1975 3268 malus
1990 3239 2184 3280 contrarie,
2195 3250 2310 3284 quan.

2191 3288 2259 3324 diu

1396 3381 1446 3416 (a)
1484 3381 1527 3410 Est
1541 3379 1733 3418 intelligendus
1748 3380 1858 3410 1)οᾶοι
1881 3382 1917 3411 de
1943 3383 2051 3413 malitia
2078 3386 2141 3420 pto*
2153 3385 2288 3415 substrato
2297 3404 2311 3420 ,

1360 3432 1416 3455 non
1429 3430 1496 3449 vero
1509 3430 1539 3449 ut
1558 3416 1690 3457 accipitur
1703 3429 1754 3457 pro
1764 3419 1876 3448 formali
1890 3440 1901 3455 ‚
1924 3432 2008 3460 quain
2024 3423 2160 3452 malitiam
2177 3423 2232 3461 ipse
2245 3434 2311 3462 per-

1360 3471 1444 3500 petuo
1457 3459 1549 3488 statuit
1566 3461 1594 3488 in
1606 3459 1757 3497 negatione
1772 3458 1979 3490 conformitatis
1992 3468 2025 3491 act
2038 3461 2143 3491 metam
2162 3463 2312 3492 rationem

1360 3503 1388 3530 8<
1399 3501 1488 3536 legem
1501 3516 1511 3531 ο
1535 3506 1565 3526 ut
1593 3509 1617 3525 ²·
1641 3499 1672 3524 d·
1686 3505 1730 3529 ³7·
1754 3501 1790 3526 Θ·
1812 3507 1861 3534 40.
1873 3503 1908 3528 <5⁶
1925 3509 1948 3527 ι.
1961 3500 1989 3529 d.
2001 3501 2057 3529 ult.
2069 3504 2105 3528 U·
2116 3502 2287 3538 frequenter
2301 3518 2312 3530 ι

1361 3540 1438 3569 Ouia
1447 3535 1538 3574 quaest.
1549 3535 1599 3564 cit.
1630 3536 1717 3563 ·uodl.
1728 3535 1868 3573 distinguit
1882 3546 1995 3575 peecata
2005 3548 2057 3575 pro
2069 3538 2148 3569 distin
2155 3541 2242 3568 :tione
2255 3538 2312 3568 bo-

1360 3566 1480 3607 nitatum
1490 3584 1526 3612 op
1549 3574 1700 3602 usitatum:
1718 3573 1844 3610 loquitur
1859 3577 1946 3614 igitur
1957 3577 2007 3607 hic
2032 3576 2067 3605 de
2083 3579 2118 3607 iis
2132 3603 2139 3611 ,
2160 3588 2220 3616 qim:
2249 3577 2311 3606 sub-

1360 3616 1419 3646 sunt
1430 3614 1524 3643 sorma
1539 3613 1685 3642 t'carentioe
1698 3611 1831 3643 bonitatis
1843 3616 1956 3643 moralis
1970 3635 1980 3649 ‚
1991 3623 2022 3643 ut
2034 3615 2102 3646 dans
2116 3616 2311 3659 elemosynam

1360 3664 1418 3684 non
1434 3660 1549 3691 propter
1561 3651 1667 3680 bonum
1680 3649 1784 3684 finem,
1812 3662 1914 3692 nempe
1928 3663 2056 3684 amorem
2070 3657 2146 3690 Dei,
2171 3656 2209 3685 est
2226 3655 2311 3684 malt·

1360 3695 1399 3722 tia
1413 3691 1548 3732 privativa
1559 3710 1568 3720 .
1595 3692 1669 3720 Dans
1682 3699 1797 3728 propter
1809 3693 1914 3722 malum
1926 3691 2009 3722 finem
2021 3694 2059 3722 est
2071 3696 2211 3724 contraria
2227 3711 2234 3720 ·
2257 3694 2310 3724 Sed

1363 3734 1512 3770 utrobique
1528 3729 1632 3759 malitia
1642 3728 1773 3758 formali<
1789 3732 1825 3760 est
1839 3732 1896 3760 sola
1909 3735 2031 3771 privatio
2056 3733 2261 3763 conformitatis
2274 3732 2309 3777 :td

1363 3770 1491 3807 reguiam
1503 3769 1620 3798 rationis
1640 3768 1808 3799 ostendentis
1836 3770 1927 3810 legem
1947 3773 2106 3801 naturalem
2119 3791 2130 3806 ‚
2154 3770 2198 3802 vel
2213 3773 2308 3810 polin-

1362 3806 1426 3836 mtn
1437 3828 1446 3836 .
1466 3810 1563 3846 Qare
1580 3808 1714 3836 falluntur
1727 3817 1870 3848 querquot
1884 3810 2039 3839 Ductorem
2054 3812 2177 3840 nostrum
2192 3819 2308 3841 contra-

1361 3849 1432 3877 rium
1444 3847 1548 3877 sentisse
1561 3854 1659 3887 putant
1675 3866 1683 3875 .
1702 3847 1754 3877 Sed
1768 3848 1900 3880 videndus
1913 3857 1971 3879 art.
1985 3860 2013 3887 ς.
2028 3851 2098 3880 infra
2112 3869 2122 3880 .

2352 238 2550 272 Tantumim.

2354 281 2478 318 agetibus
2502 289 2550 317 per

2351 323 2548 355 cognitionem

2351 361 2521 394 intelleetivi

2349 398 2402 429 effe
2414 402 2502 437 potest

2350 442 2459 472 bonitas
2480 454 2543 476 mo-

2349 481 2417 511 1’2155
2430 495 2441 508 t

2343 1248 2386 1279 Ex
2397 1249 2496 1286 quibne
2505 1252 2547 1284 ῑιι.

2343 1289 2451 1318 dicetur
2473 1289 2544 1321 clm

2342 1328 2540 1357 convenientia

2343 1376 2424 1398 actus
2440 1390 2450 1398 .
