2603 4046
437 180 504 242 247

511 194 825 471 ⁴QU

996 177 1180 226 Summe
1194 169 1385 243 Joanm's
1399 173 1528 226 Dans
1543 172 1663 224 Scoti

882 319 1022 429 ΑΞ
1082 319 1154 431 S
1214 313 1323 430 T
1382 317 1440 430 I
1501 313 1618 427 Ο
1739 312 2179 434 XX1V1

524 507 665 563 DE
735 499 1508 562 CHARITATIS
1574 497 2163 578 SUBJECTO

590 641 675 680 IN
726 632 1180 679 DVODECIM
1230 628 1735 675 ARTICVLOS
1789 630 2116 672 DIVISA.

637 754 786 796 Deinde
802 748 1086 800 considerandum
1104 745 1152 800 est
1162 746 1206 786 de
1228 746 1407 787 charitate
1422 748 1460 783 in
1482 748 1739 796 comparatione
1765 746 2015 796 adsubjefi‘um
2030 773 2042 789 .

623 872 701 911 ΕΤ
752 866 961 909 ClRCA.
1012 864 1147 907 Hoc
1197 863 2071 916 QJAERUNTURDUODECIM‚

664 991 698 1027 1,
823 1022 825 1024 ,
853 986 987 1024 Vtrum
1003 981 1160 1018 charitas
1177 979 1217 1016 lit
1235 979 1270 1015 in
1288 980 1475 1017 voluntate
1492 989 1662 1027 tanquam
1677 979 1713 1015 in
1726 976 1888 1025 subjeao
1900 1005 1912 1018 .

669 1028 719 1076 il.
859 1039 995 1075 Vtrum
1014 1032 1169 1072 charitas
1182 1029 1348 1071 causetur
1360 1031 1395 1066 in
1409 1030 1552 1071 homine
1564 1042 1610 1067 ex
1628 1029 1767 1066 ambus
1785 1030 2066 1079 praecedentibus
2078 1057 2091 1075 ,
2103 1031 2160 1070 vel
2174 1045 2218 1073 ex
2232 1033 2328 1072 infu-

908 1086 1006 1122 {ione
1022 1084 1152 1118 Divina
1169 1108 1179 1118 .

665 1137 741 1180 111,
860 1138 995 1175 Vtrum
1008 1133 1221 1169 infundatur
1238 1130 1435 1168 secundum
1453 1130 1697 1180 capacitatem
1709 1132 1906 1169 naturalem
1921 1157 1932 1170 .

665 1189 734 1230 IV,
861 1187 996 1222 Vtrum
1012 1194 1186 1231 augeatur
1200 1184 1237 1218 in
1248 1182 1403 1218 habente
1416 1181 1525 1230 ipsam
1538 1208 1549 1218 .

664 1238 717 1274 V.
858 1237 994 1272 Vtrum
1016 1245 1193 1280 augeatur
1207 1244 1270 1281 per
1283 1232 1508 1269 additionem
1521 1258 1533 1269 .

664 1288 738 1328 vl.
863 1287 996 1322 Vtrum
1010 1285 1175 1332 quolibet
1193 1283 1276 1319 aeta
1288 1294 1462 1328 augeatur
1477 1311 1486 1320 .

666 1339 758 1377 Vll.
860 1338 993 1375 Vtrum
1009 1346 1186 1379 augeatur
1205 1335 1240 1373 in
1254 1333 1433 1368 infinitum
1449 1361 1462 1368 -

666 1388 776 1425 VIll.
860 1389 996 1423 Vtrum
1015 1384 1172 1423 charitas
1187 1384 1252 1419 viae
1267 1383 1369 1433 poffit
1390 1382 1457 1419 effe
1472 1380 1626 1430 perfeaa
1645 1404 1659 1420 .

670 1439 745 1475 lx.
874 1436 931 1472 De
946 1435 1094 1473 diversis
1112 1435 1283 1482 gradibus
1302 1433 1486 1472 charitatis
1502 1458 1514 1470 .

668 1491 722 1526 X.
860 1488 997 1523 Vtrum
1015 1484 1171 1521 charitas
1188 1485 1289 1532 poffit
1305 1483 1475 1521 diminui.

665 1540 738 1576 XI.
865 1537 1001 1570 Vtrum
1019 1535 1122 1572 semel
1139 1536 1262 1572 habita
1277 1533 1377 1584 poffit
1389 1534 1530 1570 amitti.

670 1589 765 1627 ΧΗ.
867 1586 1002 1622 Vtrum
1022 1586 1210 1622 amittatur
1225 1597 1286 1634 per
1300 1595 1413 1621 unum
1431 1583 1548 1621 aetum
1566 1585 1706 1634 peccati
1720 1587 1877 1622 mortalis
1899 1612 1910 1623 .

552 1695 1063 1736 ARTICVLUS
1123 1696 1153 1732 1.

433 1801 573 1836 Vtrum
591 1800 759 1834 voluntas
773 1796 811 1833 fit
825 1794 1029 1846 subjeftum
1046 1794 1236 1833 charitatis
1253 1819 1264 1831 .

653 1900 677 1934 F
687 1897 842 1943 spondeo
853 1910 898 1933 ex
913 1894 1226 1943 art.6.quaestionis
1234 1905 1327 1945 prae·

422 1900 455 2124 Ι
518 1904 563 2120 ζ
665 1950 822 1985 cedentis
849 1946 1005 1994 locisque
1034 1949 1068 1982 in
1092 1959 1131 1982 ea
1180 1947 1328 1989 citatis,

665 2000 797 2035 constat
815 2025 827 2041 ,
856 2000 1081 2033 voluntatem
1096 2023 1109 2039 ,
1133 1996 1327 2032 secundum

667 2049 808 2086 iustitiae
848 2046 1072 2084 affeetionem
1101 2074 1112 2090 ,
1133 2045 1199 2083 effe
1243 2057 1327 2092 pro·

667 2101 783 2148 prium
796 2111 835 2135 ac
849 2096 1034 2148 praecisum
1047 2095 1235 2134 charitatis
1247 2095 1327 2134 sub.

371 2151 532 2200 jectum.

544 2247 1045 2296 ARTICVLVS
1097 2247 1149 2284 Π.

515 2354 654 2389 Vtrum
671 2349 825 2385 charitas
843 2347 1007 2385 causetur
1021 2349 1054 2384 in
1070 2344 1178 2383 nobis

714 2412 760 2435 ex
782 2400 957 2436 infufione
980 2425 989 2435 .

457 2501 602 2539 Raesens
631 2498 821 2548 quaesttum
846 2498 1037 2540 discuffum
1051 2499 1163 2536 habes
1194 2511 1222 2534 1.
1241 2509 1275 2533 2.
1291 2509 1327 2545 q.

472 2566 528 2598 5¹·
544 2562 614 2589 art.
632 2549 938 2598 5.&q.6z.art.
957 2562 1013 2593 r.,
1042 2550 1088 2598 φ·
1113 2550 1245 2589 duobus
1264 2547 1327 2597 se-

372 2605 564 2657 quencibus
580 2629 589 2638 .

543 2700 1045 2743 ARTICVLVS
1100 2702 1170 2744 111,

479 2804 612 2841 Vtrum
625 2802 689 2840 cha
698 2808 782 2843 ritas
798 2805 1009 2843 infundatur
1035 2803 1231 2841 secundum

614 2859 848 2904 capacitatem
874 2857 1070 2898 naturalem
1086 2880 1096 2891 .

383 2956 627 3045 RElative
644 2958 685 2993 ad
705 2959 869 3017 tangelos
883 2955 1037 3005 praesens
1061 2956 1251 3015 quaesitum
1278 2957 1333 2993 di·

506 3005 654 3042 scussum
674 3009 739 3045 furt
758 3017 838 3057 1-p.
855 3021 889 3056 q.
905 3006 1041 3043 66.art.
1066 3006 1100 3042 6.
1120 3007 1224 3043 ubl&
1243 3019 1333 3044 non-

383 3063 481 3093 nulla
495 3068 691 3097 occurrunt
707 3060 750 3100 ad
767 3058 859 3095 hanc
889 3057 1122 3106 quaestionem
1150 3059 1334 3106 pertinen-

383 3118 431 3143 tia
447 3133 459 3144 .

545 3207 1036 3249 ARTlCVLVS
1102 3206 1171 3249 IV·

563 3311 696 3348 Vtrum
713 3311 869 3347 charitas
885 3308 1008 3355 augeri
1031 3308 1131 3359 possit
1147 3337 1157 3353 ,

551 3408 1058 3448 ARTlCULUS
1121 3411 1172 3452 V,

438 3511 573 3548 Vtrum
605 3511 761 3554 charitas
782 3523 958 3560 augeatur
977 3522 1039 3559 per
1059 3509 1274 3549 additionem

497 3615 650 3652 Uoniam
668 3613 712 3651 de
743 3624 940 3663 augmento
964 3613 1155 3652 habituum
1179 3624 1254 3650 tum
1277 3612 1342 3650 im,

509 3665 720 3707 communi,
744 3676 819 3702 turn
838 3666 870 3702 in
889 3664 1094 3711 particulari
1122 3664 1163 3698 de
1190 3663 1344 3698 charita-

391 3729 426 3754 te
442 3746 450 3759 ‚
479 3716 618 3753 munde
636 3715 859 3761 disputatum
889 3714 938 3750 est
960 3726 988 3748 1.
1004 3726 1038 3749 z.
1055 3725 1089 3760 q.
1106 3723 1164 3758 52.
1187 3713 1259 3750 fere
1276 3725 1338 3760 per

393 3779 509 3804 torum
525 3778 567 3802 eo
582 3768 647 3801 loci
662 3765 765 3801 diens
781 3765 867 3803 nihil
892 3765 1075 3805 censemus
1102 3763 1340 3802 addendum..

395 3832 460 3866 pro
474 3819 603 3854 horum
621 3816 799 3852 solutione
814 3816 1049 3852 articulorum
1062 3839 1071 3850 .

1553 1693 2057 1737 ARTICVLVS
2106 1698 2172 1739 Vl.

1546 1794 1679 1833 Vtrum
1692 1795 1853 1841 quolibet
1879 1797 1958 1835 aftu
1976 1799 2162 1838 charitatis
2177 1827 2193 1845 ,

1681 1844 1837 1880 charitas
1850 1860 2026 1896 augeatur
2039 1875 2050 1886 .

1399 1942 1473 2034 P
1486 1943 1548 1980 ΕΚ
1565 1947 1766 1990 quemlibet
1779 1946 1895 1983 aetum
1913 1950 2100 1986 charitatis
2113 1952 2343 1998 praeexisten·

1505 2005 1573 2031 tem
1593 1998 1717 2041 augeri
1733 1998 1950 2041 explicatum
1969 1998 2036 2036 fuit
2055 2012 2082 2036 1.
2099 2013 2134 2037 2.
2149 2015 2179 2050 q.
2198 2012 2341 2048 5z.art.

1404 2054 1436 2089 3.
1452 2043 1669 2083 declarantes
1686 2058 1752 2082 cur
1782 2048 1934 2093 idipsum
1954 2062 2023 2087 non
2050 2051 2257 2087 verificetur
2280 2055 2345 2090 in..

1400 2093 1588 2131 habitibus
1604 2096 1798 2144 acquisitis.
1816 2099 2032 2144 Opnofitum
2049 2099 2116 2137 esse
2138 2102 2346 2148 opinionem

1400 2148 1683 2183 communiorem
1698 2147 1816 2184 censet
1831 2148 2037 2187 Richardus
2057 2163 2086 2191 1.
2099 2151 2178 2199 dzst.
2195 2163 2249 2201 17.
2271 2164 2344 2191 art.

1400 2200 1538 2243 2.q.3.

1553 2294 2060 2338 ARTICULUS
2111 2300 2200 2342 Vll.

1489 2392 1624 2430 Vtrum
1640 2395 1797 2434 charitas
1811 2410 1988 2447 augeatur
2002 2399 2037 2436 in
2051 2398 2230 2438 infinitum
2242 2426 2254 2439 .

1453 2496 1587 2537 Doffor
1604 2507 1638 2542 3.
1663 2497 1749 2536 diff.
1770 2512 1826 2548 ¹3·
1841 2513 1874 2548 q.
1894 2511 1924 2536 1.
1946 2499 2134 2549 utriusque
2134 2500 2267 2549 scripti
2280 2528 2292 2541 .

1516 2546 1558 2582 S.
1590 2548 1717 2584 Thom‘.
1728 2560 1762 2587 2.
1779 2564 1813 2586 2.
1829 2563 1863 2598 q.
1880 2563 1938 2596 24·
1957 2560 2028 2587 art.
2044 2563 2080 2598 7.
2101 2553 2158 2588 De
2182 2552 2237 2590 his

1576 2600 1693 2641 ,aflum
1710 2610 1743 2653 3.
1759 2614 1794 2649 p.
1811 2614 1848 2650 q.
1863 2612 1895 2651 7.
1914 2612 1977 2665 αξξ.
1991 2614 2043 2651 9.,
2056 2603 2160 2638 &11-

1467 2711 1469 2713 ’
1493 2712 1497 2716 ·
1520 2699 1640 2735 ldetur·
1656 2702 1790 2748 praefigi
1805 2715 1875 2738 non
1888 2703 1980 2751 posse
1997 2705 2171 2741 terminus
2183 2701 2350 2740 charitati

1532 2751 1727 2797 quominus
1746 2755 1967 2798 augeaturin
1984 2753 2162 2791 infinitum
2178 2766 2189 2794 ς
2216 2756 2307 2791 Nam
2323 2754 2346 2790 fi

1404 2801 1519 2839 status
1533 2800 1664 2835 effet‘m
1686 2813 1881 2848 augmento
1903 2804 2114 2848 charitatis,
2137 2814 2234 2840 certe
2256 2805 2350 2841 ratio

1404 2850 1612 2899 accipienda
1631 2849 1720 2887 foret
1733 2854 1789 2889 vel
1806 2865 1851 2890 ex
1866 2865 1968 2902 parte
1986 2853 2105 2893 formae
2124 2855 2232 2907 ipsius
2248 2853 2280 2891 in
2297 2853 2346 2893 (ἒς

1403 2904 1521 2939 velex
1537 2911 1634 2950 parte
1646 2904 1781 2950 agentis
1797 2930 1808 2945 ,
1835 2916 1851 2938 a
1865 2916 1942 2949 quo
1968 2903 2121 2940 efficitur
2137 2918 2150 2949 3
2175 2905 2228 2941 ve!
2249 2904 2350 2940 deni·

1407 2965 1480 3001 que
1495 2962 1643 3001 propter
1656 2951 1899 3002 susceptivum
1917 2956 1950 2989 in
1962 2965 2036 3001 quo
2052 2955 2221 3003 recipitur
2235 2980 2243 2989 .
2262 2951 2351 2989 Non

1405 3005 1562 3052 primum
1583 3015 1595 3042 ς
1618 3001 1704 3048 quia
1720 3014 1837 3040 creata
1868 3002 2023 3041 charitas
2049 3003 2099 3040 est
2123 3004 2351 3052 participatio

1405 3054 1572 3100 quaedam
1586 3051 1769 3089 charitatis
1784 3054 1947 3089 increatae
1964 3067 1977 3093 3
2003 3065 2092 3101 ergo
2108 3056 2141 3088 in
2168 3052 2350 3093 infinitum

1407 3102 1523 3153 potest
1541 3101 1690 3147 augeri,
1723 3115 1763 3138 ac
1777 3104 1887 3150 magis
1899 3103 2085 3151 magisque
2097 3102 2251 3140 crescere
2267 3130 2276 3140 .
2291 3103 2352 3139 Li-

1407 3165 1464 3190 cet
1477 3155 1568 3189 enim
1585 3163 1655 3188 non
1672 3155 1855 3199 contingat
1867 3152 2058 3200 procedere
2073 3155 2106 3188 in
2124 3154 2300 3190 infinitum
2314 3153 2352 3188 in

1408 3205 1522 3240 forma
1537 3202 1671 3239 coloris
1686 3229 1697 3244 ‚
1715 3204 1800 3249 quia
1813 3204 1846 3239 in
1861 3203 2022 3250 processu
2036 3203 2254 3239 coincideret
2268 3214 2352 3238 cum

1409 3253 1479 3290 alia
1498 3253 1613 3302 specie
1629 3265 1641 3293 ;
1660 3263 1814 3289 attamen
1830 3253 2015 3288 charitatis
2031 3265 2262 3299 augmentum
2281 3265 2353 3289 non

1408 3305 1562 3340 efficeret
1579 3304 1684 3342 aliam
1703 3300 1876 3351 speciem,
1901 3314 1964 3339 nec
1982 3304 2171 3350 attingeret
2198 3303 2354 3340 charita·

1405 3366 1476 3397 tem
1493 3356 1704 3390 increatam.

1507 3407 1588 3449 Nec
1614 3403 1748 3452 praefigi
1778 3403 1893 3452 potest
1915 3405 2086 3443 terminus
2112 3405 2278 3442 charitati
2304 3416 2352 3443 ex

1406 3466 1509 3505 parte
1523 3457 1663 3500 agentis
1678 3482 1688 3497 ,
1714 3466 1792 3491 cum
1813 3467 1845 3491 ta
1856 3457 1884 3491 le
1899 3467 2005 3503 agens
2020 3455 2059 3491 fit
2074 3455 2220 3492 infinitae
2236 3458 2352 3493 virtu·

1412 3509 1457 3542 tis
1475 3505 1667 3544 intensive.
1691 3507 1829 3543 Necex
1849 3516 1949 3553 parte
1973 3502 2163 3554 susceptivi
2185 3532 2193 3542 .
2222 3509 2355 3544 Nam-

1413 3557 1570 3593 charitas
1587 3556 1730 3603 ampliat
1746 3554 1967 3604 suppositum
1983 3555 2082 3602 quod
2108 3556 2212 3594 afficit
2231 3583 2240 3597 ‚
2260 3555 2357 3603 ejus-

1414 3619 1486 3654 que
1498 3607 1727 3653 capacitatem
1742 3604 1847 3651 juxra
1865 3606 1950 3642 illud
1965 3605 2091 3642 Psalmi
2119 3607 2198 3642 118.
2225 3607 2355 3643 Latum

1412 3658 1620 3694 mandatum
1649 3667 1749 3692 tuum
1777 3660 1900 3693 nimis.
1928 3660 2019 3706 Qo
2044 3654 2160 3702 major
2185 3655 2234 3692 est
2268 3668 2355 3702 ergo

1413 3709 1593 3749 charitas,
1622 3719 1665 3742 eo
1681 3709 1792 3753 magis
1817 3707 1972 3756 disponit
2003 3704 2240 3755 susceptivum
2267 3709 2356 3743 reci-

1411 3758 1550 3810 piendae
1565 3758 1727 3800 charitati
1742 3756 1941 3801 intensiori,

1513 3808 1680 3847 Praeterea
1693 3833 1705 3849 ‚
1716 3807 1810 3844 Data
1825 3819 2043 3856 quacunque
2058 3807 2228 3848 charitate
2259 3810 2296 3847 in
2312 3806 2361 3847 ef-

2191 3858 2285 3895 feflu
2301 3883 2312 3899 ,
