2628 4011
31 1331 33 1376 !
69 1351 208 1384 Videndus
228 1357 268 1386 A.

68 1388 146 1421 μσς
189 1397 268 1435 eon.
318 1381 323 1396 ³

30 1434 33 1491 l
69 1434 228 1477 marta-,q-
239 1454 270 1485 4,

30 1495 31 1526 l

30 1549 31 1582 l

725 97 886 144 Tamus
900 97 982 141 HJ.
1011 100 1139 146 Part.
1170 101 1232 146 II.
1260 100 1566 169 QaestioLX.
1594 104 1699 151 Art.
1731 101 1818 153 HL·

306 173 349 210 ad
361 171 395 208 se
409 171 523 208 stvein
538 168 666 203 ordine
681 163 725 198 ad
737 164 862 199 alium.
876 162 944 198 Sed
955 163 1042 200 iliud
1054 167 1156 202 nobis
1173 179 1245 202 non

304 225 504 272 probatur,
530 216 597 255 effe
612 213 783 261 quasdam
813 214 969 249 virtutes
999 216 1094 252 circa
1117 228 1247 260 opera.

302 278 416 311 tiones
429 272 475 307 fic
493 295 504 312 ,
534 279 573 303 ut
590 263 745 310 ipsarum
763 274 823 307 per
839 262 871 298 se
905 273 977 296 non
1006 265 1045 300 sit
1070 266 1244 312 pastiones

301 321 477 362 moderari
491 346 502 361 ,
521 316 646 364 quales
661 312 741 348 sunt
754 314 908 349 virt-ures
920 312 963 347 ad
976 315 1240 352 alterum-Nam

295 382 524 423 quecunque
543 367 655 399 virtus
673 364 782 406 par-tis
798 364 923 400 animae
951 366 1162 411 appetitivae
1189 366 1240 403 est

297 422 520 463 effenrialiter
534 416 682 452 habitus
703 413 878 450 eiefflvus
893 440 902 455 ,
930 411 1038 459 juxta
1070 415 1240 452 determi-

296 475 478 512 nationem
502 467 605 502 reetae
628 466 773 501 rationis
788 490 799 507 ,
822 476 931 511 quam
968 466 1240 503 determinatio·

295 537 375 563 nem
389 519 532 556 rationis
547 515 652 552 rec-ize
668 514 688 551 st
718 514 910 560 ssquantur
940 516 1096 554 virtutes
1120 517 1245 552 homi-

295 587 375 613 „em
390 569 613 616 perficientes
628 568 663 601 in
681 566 806 602 ordine
820 567 862 601 ad
883 565 914 601 se
927 594 937 609 ‚
965 568 1079 614 magis
1095 568 1238 604 videtur

296 620 526 663 nece-(sirium
540 619 574 651 in
592 618 648 654 his
665 644 674 658 ,
704 629 785 662 quae
801 616 934 653 suntad
954 620 1108 656 alterum
1124 646 1134 660 ,
1156 631 1239 655 cum

295 674 434 713 facilius
451 671 484 704 in
504 671 552 706 eis
568 679 675 716 queat
690 677 789 702 error
803 666 980 713 suboriri,
1002 672 1058 707 vel
1085 670 1239 706 saltem-2

296 735 395 771 aeque
409 722 453 756 ab
470 718 683 754 omnibusid
707 717 906 764 postulatur
931 746 940 756 .
970 724 1010 757 ln
1039 720 1244 758 reddenda-s

296 785 417 815 autem
434 781 470 807 re
483 770 601 805 aliena
619 769 718 805 furto
731 769 865 806 sublata
885 771 975 806 ratio
990 773 1084 808 resta
1116 770 1244 814 dis-iat,

296 827 332 860 in
356 824 537 867 integrum
563 820 638 856 fore
666 819 815 856 'domino
838 820 1051 857 reddendam
1076 846 1085 855 .
1109 821 1177 857 Sed
1208 824 1243 856 in

296 884 518 922 quacunque
557 883 674 909 creata
712 874 899 907 voluntate
935 883 1006 906 non
1053 870 1245 908 necessario

298 924 477 963 uniuntur
489 935 658 970 appetere
671 922 900 957 commodum
918 949 928 964 ‚
952 923 984 958 3<
1014 922 1108 957 τεὲἶε
1139 934 1247 968 appe·

298 985 374 1012 tere
387 987 396 1010 ε
409 973 485 1010 fieri
500 987 587 1020 ergo
601 972 715 1021 potest
730 984 769 1008 ut
784 974 915 1020 eligens
929 972 1085 1007 debitam
1104 973 1150 1006 rei
1165 973 1249 1008 alie·

300 1037 351 1064 ηπ
368 1024 628 1062 restituvionJm
648 1035 716 1058 non
730 1023 825 1059 rec-te
847 1024 975 1066 eligat,
1000 1032 1106 1068 prout
1136 1022 1247 1057 dic-'ta-

301 1088 382 1114 men
411 1076 608 1125 pru'dentiae
622 1072 804 1114 ostenditg
836 1070 1075 1118 ergojustiriae
1099 1074 1246 1108 virtutis

301 1126 352 1163 est
367 1127 412 1163 ste
429 1128 599 1163 inclinare
614 1126 835 1159 voluntatem
855 1122 897 1156 ad
915 1123 1122 1158 efleffionem
1140 1122 1247 1166 hanc,

300 1188 342 1214 ut
359 1178 458 1213 fimul
475 1204 482 1215 ‚
515 1180 548 1215 &
562 1174 773 1223 potiflimum
791 1173 996 1209 moderetur
1012 1174 1198 1217 pastiones,
1214 1175 1247 1209 8<

301 1229 502 1276 appetitum
516 1226 661 1273 majoris
689 1224 870 1260 commodi
892 1224 1099 1269 apprehenfi
1132 1226 1166 1259 in
1191 1236 1248 1259 co.

299 1281 357 1327 pia
375 1290 492 1314 rerum
509 1305 519 1319 ‚
548 1290 629 1325 que
644 1277 777 1323 patitur
793 1274 1049 1310 detrimentum
1062 1300 1074 1317 ‚
1096 1276 1130 1311 8<
1147 1273 1250 1311 dimi-

302 1329 487 1365 nutionem
502 1332 536 1365 in
555 1328 751 1364 redditione
769 1325 868 1360 furto
895 1323 1117 1362 sublatorum
1135 1351 1144 1361 .

405 1379 544 1417 sedisti
562 1377 688 1419 aiunt,
716 1377 748 1410 in
761 1374 843 1412 casu
869 1376 918 1410 ita
932 1377 1075 1411 evenire
1092 1403 1102 1416 ‚
1128 1387 1166 1411 ut
1181 1377 1245 1411 bo-

300 1419 391 1468 num
410 1430 558 1465 virtutis
570 1426 898 1475 praedeterminetur
916 1452 926 1467 ,
951 1426 1038 1472 quia
1054 1426 1145 1461 adid
1163 1438 1247 1461 con-

304 1490 457 1518 currunt
473 1480 638 1526 operatio
651 1479 686 1513 &
710 1476 814 1522 paslio
827 1502 836 1512 .
854 1475 1034 1511 Caeterum
1062 1478 1178 1512 virtus
1203 1477 1245 1510 ad

304 1533 455 1568 alterum
475 1523 524 1565 est
543 1527 890 1575 principalitercirca
914 1527 1163 1573 operationem
1179 1554 1188 1562 .
1201 1525 1246 1563 Et

304 1582 376 1617 hoc
391 1577 504 1626 ipsum
521 1589 588 1615 nos
602 1578 756 1613 fatemur
774 1602 784 1617 ‚
811 1588 880 1610 non
908 1577 1051 1619 quidem
1082 1578 1244 1613 dicentes

305 1631 493 1681 pastionem
510 1655 522 1671 ,
548 1631 578 1664 8<
594 1627 838 1675 operationem
857 1626 1002 1661 influere
1030 1627 1064 1659 in
1089 1629 1242 1662 diminu-

306 1682 378 1718 ram
393 1672 576 1716 reialienae
600 1676 860 1712 restitutionem
876 1703 887 1717 ‚
917 1675 974 1710 sed
1002 1686 1090 1712 tunc
1115 1681 1245 1714 volun-

304 1726 411 1771 tatem
425 1742 496 1765 non
510 1729 639 1773 eligere
652 1725 757 1771 juxta
784 1727 887 1760 ream
906 1728 1050 1761 rationis
1077 1728 1241 1764 dietam}-

303 1781 347 1818 na
360 1808 372 1824 ,
404 1791 467 1816 nec
480 1777 649 1825 pastiones
663 1775 838 1810 moderari
857 1802 866 1817 ‚
897 1787 936 1810 ut
954 1777 1087 1821 pulset,
1113 1779 1240 1815 secun-

304 1832 391 1868 dum
403 1829 552 1877 justitiae
578 1827 849 1862 inclinationem
880 1850 890 1860 .
917 1826 1238 1875 Qemadtnodum

303 1894 390 1919 ereo
404 1880 545 1916 moralis
573 1879 689 1912 virtus
702 1876 745 1910 ad
764 1875 795 1911 se
825 1875 995 1921 passiones
1017 1878 1238 1921 moderatur,

303 1918 398 1970 fich&
417 1932 482 1967 illae
497 1956 508 1972 ‚
534 1941 613 1978 quae
629 1927 709 1963 sunt
727 1926 771 1961 ad
789 1928 963 1970 alterum,
989 1930 1151 1975 alioquin
1170 1942 1240 1966 non

303 1983 385 2020 sunt
400 1979 698 2024 hibitttseleffiaei
717 1990 821 2025 prout
847 1978 938 2014 τεξὶα
956 1982 1046 2017 ratio
1072 1979 1238 2017 determi-

301 2044 363 2071 nat
381 2058 391 2067 .
409 2036 534 2080 Qare
549 2029 686 2076 justitia
699 2051 710 2069 ,
739 2029 928 2076 partesque
955 2031 1062 2077 ipsius
1090 2031 1238 2069 frcsunt

302 2085 396 2119 circa
410 2082 635 2129 operationes
651 2080 766 2115 veluti
779 2081 959 2127 propriam
976 2083 1179 2124 materiam,
1197 2095 1237 2119 ut

303 2134 405 2170 fimul
421 2131 634 2178 rcsp‘cimr,
658 2141 698 2164 ec
718 2131 1237 2180 moderenturpaffiones‚alio·

301 2186 392 2231 quin
405 2196 454 2219 eae
471 2184 697 2228 operationes
714 2180 810 2217 haud
831 2183 986 2219 medium
1002 2196 1132 2221 'tenere
1157 2184 1238 2232 pos.

303 2234 400 2271 sent.
432 2233 571 2276 Rursus
590 2260 600 2275 ‚
621 2234 849 2277 operationes
881 2234 914 2269 in
947 2247 1039 2283 quas
1066 2236 1237 2271 inclinant

301 2287 455 2321 virtutes
468 2284 693 2332 perficientes
704 2283 886 2320 hominem
899 2285 932 2318 in
950 2287 1077 2322 ordine
1105 2285 1150 2319 ad
1163 2285 1238 2329 sm,

303 2347 344 2372 ut
358 2337 606 2382 temperantia,
621 2335 653 2370 8<
669 2334 844 2370 fortitudo
857 2335 945 2370 nihil
964 2338 1082 2373 minus
1097 2347 1238 2384 compa·

305 2388 372 2424 rati
384 2397 521 2434 queunt
537 2386 579 2421 ad
594 2387 746 2421 virtutes
759 2398 798 2421 ur
815 2388 960 2429 materia
975 2413 986 2428 ‚
1003 2391 1099 2423 circa
1124 2388 1236 2433 quam

304 2437 387 2473 sunt
400 2464 412 2480 ,
439 2449 480 2472 ae
492 2447 723 2485 comparetur
738 2437 902 2477 operatio
916 2464 924 2478 ‚
951 2438 996 2471 ad
1010 2451 1116 2487 quam
1133 2436 1237 2483 justi-

303 2489 354 2524 tia
367 2489 512 2524 inclinat
528 2502 540 2529 ;
556 2500 643 2534 ergo
656 2487 676 2521 fi
690 2497 874 2534 propterea
891 2486 965 2523 haec
975 2489 1023 2524 est
1039 2490 1151 2524 virtus
1170 2489 1238 2524 stne

299 2538 516 2586 pastionibus
532 2563 545 2581 ,
571 2550 634 2574 nec
646 2537 752 2584 ipsius
765 2538 814 2574 est
828 2550 887 2574 eas
900 2540 1102 2578 moderari,
1116 2552 1178 2575 net.
1191 2540 1236 2574 ad

302 2589 382 2625 illas
405 2590 491 2625 alias
515 2589 590 2625 haec
607 2589 807 2623 moderatio
832 2591 1020 2635 pertinebit
1043 2615 1052 2624 .
1077 2592 1236 2641 Qare„

301 2639 460 2674 omnium
479 2639 598 2675 eadem
615 2639 664 2672 est
678 2639 770 2673 ratio
786 2639 819 2672 in
837 2640 905 2674 hoc
918 2665 927 2674 .
955 2643 1049 2676 Nam
1063 2640 1238 2676 incl-nan-

301 2699 356 2725 tes
372 2688 414 2724 ad
430 2691 589 2736 proprias
600 2688 830 2731 operationes
845 2700 883 2724 ut
914 2690 1196 2726 determinantur
1211 2703 1231 2725 a

300 2739 397 2776 reeta
413 2740 548 2774 ratione
565 2766 575 2780 ,
603 2737 750 2773 subinde
762 2740 854 2774 circa
867 2740 1036 2786 pastiones
1051 2741 1236 2776 moderan-

302 2789 366 2826 das
397 2789 584 2825 versantur
615 2787 802 2835 praesertim
830 2802 910 2825 curn
923 2792 1091 2828 voluntas
1117 2792 1160 2828 de
1174 2791 1234 2831 fe,

297 2841 459 2876 obnoxia
475 2840 512 2876 fit
527 2839 741 2885 pastionibus
755 2838 899 2887 ipsaque
916 2841 952 2876 fit
966 2843 1126 2878 omnium
1154 2855 1233 2879 mo-

298 2891 423 2927 ralium
438 2892 615 2926 virtutum
627 2889 782 2925 existens
794 2903 855 2938 per
871 2891 902 2928 se
915 2891 1116 2938 subjeetum
1135 2917 1146 2929 .

398 2940 536 2977 Deinde
555 2967 564 2981 ,
579 2943 675 2987 prius
689 2939 736 2976 est
749 2943 970 2977 voluntatem
984 2943 1113 2987 eligere
1123 2942 1230 2990 juxta

295 2990 562 3027 inclinationem
574 2990 735 3037 justitiae,
746 3003 854 3038 quam
866 2993 963 3028 alteri
978 2993 1138 3030 debitum
1153 2995 1235 3030 red-

294 3039 589 3081 di31moisaaus
622 3041 792 3077 reddendi
820 3042 1002 3078 virtuosus
1032 3056 1232 3091 reputatur,

296 3101 479 3137 quatenus
495 3091 645 3128 refertur
659 3092 700 3127 ad
726 3091 830 3128 finem
849 3092 1036 3129 honestum
1066 3096 1231 3133 virturis=

295 3141 445 3178 sienim
472 3143 638 3179 reddatur
651 3145 698 3178 ob
712 3154 845 3178 metum
870 3145 1022 3185 mortis;
1050 3156 1111 3179 aut
1139 3149 1231 3184 alia,

299 3192 440 3229 ratione
454 3194 497 3228 ab
510 3193 566 3228 illa
581 3219 591 3235 ‚
615 3205 685 3228 non
697 3191 747 3227 est
758 3193 858 3229 aeus
873 3195 1039 3231 virtutis.
1052 3195 1162 3231 Ratio
1176 3210 1232 3234 er.

299 3253 348 3288 go
360 3242 493 3284 debiti,
516 3245 571 3279 vel
583 3243 784 3279 indebitiad
798 3247 947 3281 alterum
967 3272 976 3286 ‚
999 3256 1037 3280 ut
1053 3245 1090 3280 lit
1104 3258 1231 3294 opera-

299 3293 353 3327 tio
365 3293 458 3329 reste
472 3293 716 3329 consummata
733 3320 743 3335 ,
765 3297 819 3330 vel
840 3295 973 3332 debitis
1001 3296 1232 3334 circumstan.

299 3343 359 3379 tiis
369 3355 491 3379 ornata
504 3343 631 3390 pendet
645 3347 689 3380 ab
702 3345 875 3382 elefficne
903 3346 1100 3382 voluntatis
1129 3360 1231 3393 pera*

297 3392 355 3428 fta
369 3392 474 3438 juxta
486 3394 661 3430 diaamen
678 3395 779 3431 reeta:
796 3397 942 3431 rationis
971 3423 979 3431 .
1010 3398 1097 3432 Haec
1120 3397 1230 3436 dietae

297 3443 453 3479 medium
467 3443 533 3480 effe
545 3445 738 3481 tenendum
754 3473 764 3487 ,
787 3447 818 3481 81
834 3446 1084 3482 declinandum
1106 3449 1152 3486 ab
1167 3462 1232 3485 ex-

295 3495 431 3534 tremis,
445 3494 619 3539 inquibus
632 3495 842 3531 inordinatae
857 3495 935 3531 sunt
954 3497 1234 3547 paffiones3ergo

295 3544 411 3578 virtus
428 3544 470 3578 nd
484 3545 642 3586 alteram,
658 3557 728 3579 nou
741 3547 842 3582 aliter
860 3558 899 3581 ac
921 3548 1037 3582 virtus
1062 3549 1232 3586 ordinans

294 3591 482 3629 hominem
499 3594 542 3629 ad
556 3594 587 3629 se
604 3594 774 3643 [affiot'lcs
791 3596 998 3633 moderatur
1011 3624 1022 3639 ,
1049 3598 1082 3633 8<
1107 3601 1232 3637 circa..

293 3653 352 3679 eas
365 3642 547 3681 versatur.

398 3696 479 3731 Nos
505 3706 695 3742 propterea
724 3694 876 3733 dicimus
902 3708 972 3732 non
1004 3696 1072 3732 esse
1109 3696 1233 3734 distin·

293 3744 454 3790 guendas
466 3755 619 3829 vrrltultes
632 3755 674 3781 ex
686 3756 729 3781 co
744 3747 843 3793 quod
860 3747 989 3794 aliquae
1021 3747 1086 3783 sint
1111 3751 1231 3788 circa,

398 3796 442 3831 ‘I'u
456 3807 478 3829 f:
532 3795 546 3829 I
570 3820 577 3827 .

2108 113 2207 170 133*

1328 168 1556 213 operationes
1568 171 1696 216 aliquas
1710 183 1796 207 vero
1812 171 1906 208 cirea
1921 173 2109 220 paffiones;
2125 183 2192 215 Sed
2206 187 2275 218 mag

2311 206 2415 236 Videris
2426 207 2508 237 Mav-

1327 220 1382 261 gt‘s
1398 217 1568 262 distingui
1583 219 1625 254 ad
1640 220 1902 256 duunfflonem
1923 228 2150 270 nropriorum
2166 231 2269 277 obje-
2309 253 2405 273 rouen
2419 264 2428 274 .
2444 264 2466 271 --
2481 253 2509 272 a·

1325 266 1496 302 &oruma
1510 270 1648 316 quibus
1665 273 1845 317 accipiunt
1861 270 1929 317 effe
1952 275 1983 309 ἓ(
2002 278 2172 314 unitatem
2187 306 2198 321 ,
2226 294 2265 317 ac

1325 318 1479 354 subinde
1492 317 1691 364 specificam
1710 347 1720 361 ‚
1746 333 1808 356 aut
1834 324 2039 363 genericam
2069 328 2265 364 distinato-

1323 380 1403 403 nem
1426 394 1433 402 .
1463 371 1487 406 S
1512 369 1534 403 d
1571 369 1688 404 forsan
1705 371 1923 416 disceptatur
1937 372 1993 408 hie
2021 375 2063 410 de
2091 380 2264 415 modolo-

1317 419 1478 469 quendi,
1509 421 1544 465 ὃς
1561 432 1631 457 non
1644 420 1688 456 de
1704 425 1810 458 rebus
1828 421 2032 468 significatis
2049 438 2108 472 per
2122 441 2228 466 voces
2252 458 2261 468 .

1480 521 1990 563 ARTICULUS
2046 525 2116 570 ΙΙΙ.

1392 619 1527 658 Utrum
1543 623 1872 670 circaope-rtiones
1886 623 1924 660 fit
1939 639 2078 665 tanturn
2098 644 2169 668 una

1628 676 1748 712 virtus
1766 678 1908 712 moralis
1927 702 1937 713 .

1315 773 1450 811 Doffor
1466 773 1561 822 3-d.3
1573 786 1629 822 pn
1649 786 1700 823 ¹7.
1716 776 1913 814 S.Th0mas
1930 789 1958 814 t.
1979 791 2012 815 2.
2028 793 2062 828 q.
2078 782 2138 820 50.
2152 794 2261 831 arag.

1415 872 1612 921 ‘Espondeo
1626 902 1638 918 ,
1665 876 1722 911 hic
1734 877 1782 913 est
1795 879 1922 926 opinio
1937 882 1983 916 tal
1994 883 2021 917 is
2034 909 2043 918 .
2074 885 2260 928 Quoniam

1445 927 1596 961 virtutes
1609 955 1620 970 ,
1633 940 1713 971 quae
1731 926 1809 963 sunt
1822 931 1914 965 circa
1929 936 2156 978 operationes
2174 948 2261 973 con-

1320 974 1466 1010 veriam·-
1482 977 1516 1010 in
1532 987 1602 1021 ψει
1619 979 1686 1012 iam
1699 980 1854 1023 generali
1867 983 2003 1018 ratione
2015 983 2164 1029 justitiae
2178 999 2260 1032 quae

1318 1026 1512 1060 attenditur
1530 1025 1724 1063 secuudum
1748 1029 1909 1066 debitum
1940 1033 1981 1067 ad
1998 1036 2147 1070 alterum
2169 1063 2179 1079 ,
2202 1037 2260 1073 su-

1320 1076 1470 1111 beuntes
1486 1086 1602 1113 tamen
1632 1077 1893 1116 distinstionem
1921 1080 2115 1120 seeundum
2141 1088 2262 1124 diver-

1319 1124 1370 1163 sas
1387 1126 1550 1173 speciales
1564 1140 1577 1162 r
1590 1130 1729 1163 ‹tiones.
1746 1132 1840 1165 Nam
1857 1133 1890 1166 in
1908 1135 2180 1178 operationibus
2191 1150 2256 1173 ex.

1319 1178 1515 1213 terioribus
1542 1179 1633 1213 ordo
1646 1179 1793 1214 rationis
1819 1181 2105 1220 instituituruon
2133 1186 2260 1223 secun-

1317 1227 1405 1263 dum
1424 1230 1696 1275 proportionem
1712 1229 1754 1264 ad
1771 1229 1991 1269 affeeuonem
2008 1234 2179 1279 hominis,
2198 1237 2259 1274 sed

1319 1277 1514 1314 secundum
1531 1281 1820 1317 convenientiam
1851 1283 1897 1316 rei
1913 1284 1944 1317 in
1965 1284 2069 1331 seipsa
2086 1311 2095 1325 ‚
2118 1285 2256 1333 juxta-0

1321 1341 1431 1375 quam
1445 1331 1732 1365 convenientiam
1752 1334 1842 1366 ratio
1856 1332 1967 1368 debiti
1986 1336 2162 1381 accipitur
2176 1365 2186 1379 ‚
2212 1351 2260 1376 ex

1319 1393 1393 1426 qua
1406 1379 1640 1415 constituitur
1656 1381 1745 1416 ratio
1761 1381 1907 1428 justitiae
1926 1407 1934 1417 .
1963 1386 2059 1421 Cum
2074 1387 2186 1431 igitur
2198 1389 2261 1424 de·

1319 1432 1437 1466 bitum
1457 1442 1526 1465 non
1543 1430 1582 1465 fit
1609 1431 1717 1467 unius
1742 1435 1889 1469 rationis
1914 1435 1948 1468 in
1976 1437 2169 1480 omnibus,
2198 1438 2257 1475 sed

1321 1482 1507 1526 multiplex
1521 1507 1530 1521 ,
1550 1481 1703 1518 totidem
1731 1495 1837 1519 erunt
1863 1485 2017 1522 virtutes
2035 1513 2046 1529 ‚
2070 1492 2257 1535 quaecirca

1319 1533 1546 1579 operationes
1557 1531 1742 1569 versantur
1759 1561 1768 1570 .

1420 1585 1500 1618 Nos
1513 1582 1745 1619 concedimus
1759 1586 1862 1620 aliam
1874 1585 1942 1623 effe
1967 1591 2257 1627 convenientiam

1319 1633 1436 1676 operis
1450 1634 1637 1668 exterioris
1654 1633 1695 1668 ad
1727 1637 1898 1671 rJtionem
1919 1664 1928 1678 ,
1955 1640 2058 1673 aliam
2089 1641 2189 1676 aetus
2206 1643 2256 1676 in-

1318 1685 1486 1722 terioris3
1508 1685 1591 1727 quia
1607 1696 1675 1719 non
1693 1687 1822 1722 eaedem
1836 1686 2113 1724 circumstantie
2126 1702 2255 1726 conve.

1318 1735 1419 1767 niunt
1435 1734 1579 1778 utrique
1593 1732 1784 1769 secundum
1811 1735 1989 1781 judicium
2013 1739 2116 1775 reE'tae
2147 1743 2258 1777 ratio-

1317 1784 1508 1823 nis‚=1tlate
1522 1782 1701 1818 ostensum
1720 1785 1788 1819 fnit
1805 1798 1839 1832 q.
1857 1796 1990 1823 wart.
2003 1802 2038 1834 4.
2051 1790 2121 1826 Sed
2134 1804 2257 1828 utrum

1318 1832 1474 1866 medium
1488 1829 1636 1877 justitiae
1648 1833 1686 1867 sit
1702 1835 1750 1869 rei
1762 1835 1794 1869 iu
1813 1836 1914 1882 seipse
1931 1863 1941 1876 ‚
1963 1839 2016 1873 vel
2029 1851 2112 1875 cum
2125 1842 2253 1879 ordine

1313 1880 1357 1917 ad
1378 1886 1549 1917 rationem
1564 1882 1753 1930 disputabi
1766 1897 1806 1919 ur
1820 1887 1910 1921 infra
1922 1911 1931 1921 .

1415 1935 1518 1969 Hanc
1533 1934 1642 1978 igitur
1656 1932 1868 1972 solutionem
1881 1939 2124 1984 approbantes
2143 1969 2151 1982 ‚
2165 1943 2256 1978 dici·

1314 1995 1408 2025 mus,
1424 1995 1495 2018 non
1509 1996 1578 2019 una
1593 1995 1732 2020 rantum
1747 1987 1884 2023 virtute
1899 1990 2021 2023 morali
2041 1990 2160 2037 perfici
2178 2006 2255 2040 par·

1312 2046 1382 2070 tem
1406 2035 1532 2069 animae
1559 2036 1793 2082 appetitivam
1814 2039 1848 2072 in
1866 2038 1993 2074 ordine
2022 2041 2063 2075 ad
2086 2044 2253 2085 alterum,

1311 2085 1368 2121 sed
1389 2086 1559 2120 virtutem
1574 2089 1719 2121 nomine
1734 2088 2085 2139 genericojuslitiam
2103 2093 2249 2137 dietam,

1310 2138 1440 2171 multas
1457 2135 1521 2171 sub
1539 2135 1570 2172 se
1583 2135 1920 2187 speciescomplefiii
1935 2166 1944 2180 ,
1972 2152 2012 2175 ae
2025 2143 2173 2181 totidem
2186 2145 2250 2180 ha-

1310 2188 1448 2223 bitibus
1461 2185 1613 2222 animam
1626 2187 1720 2233 poffe
1732 2191 1851 2225 ornati
1867 2212 1878 2220 -
1896 2193 1990 2228 Nam
2007 2192 2041 2228 in
2068 2196 2193 2233 ordine
2208 2197 2252 2232 ad

1311 2239 1467 2274 alterum
1484 2237 1595 2284 potest
1606 2239 1688 2283 quis
1702 2240 1817 2286 primo
1835 2240 1928 2276 reete
1943 2241 1976 2279 se
1995 2242 2124 2282 habere
2153 2259 2252 2284 com-

1312 2288 1530 2324 municando
1543 2288 1575 2325 se
1591 2290 1642 2325 illi
1656 2301 1832 2335 quantum
1859 2294 1973 2339 potest
1993 2293 2024 2329 se
2051 2301 2253 2335 communi-

1307 2340 1731 2387 c1·re:velimpartiendo
1748 2342 1780 2377 ei
1793 2344 1930 2388 aliquid
1942 2345 2185 2384 aliudzi'irtus
2199 2350 2252 2385 in·

1308 2390 1446 2424 clinans
1458 2388 1501 2423 ad
1513 2391 1666 2435 primum
1682 2392 1839 2426 amicitia
1852 2392 1915 2434 est,
1928 2407 2000 2441 qua
2013 2397 2096 2442 quis
2108 2399 2169 2435 dat
2187 2399 2248 2434 sei-

1312 2438 1412 2485 psum
1428 2441 1596 2486 proximo
1607 2452 1785 2489 quantum
1801 2443 1915 2489 potest
1946 2444 1977 2481 se
2003 2447 2087 2483 dare
2107 2481 2112 2487 ,
2139 2462 2248 2497 atque

1308 2489 1384 2524 hec
1396 2490 1444 2525 est
1460 2490 1708 2534 perfeffiffima
1734 2494 1849 2528 virtus
1880 2498 2025 2532 moralis
2056 2524 2064 2532 .
2091 2502 2249 2538 Habitus

1309 2541 1402 2575 enim
1416 2538 1563 2586 justitiae
1577 2541 1627 2579 est
1642 2540 1835 2589 perfeetior
1847 2543 1901 2578 his
1912 2570 1921 2586 ‚
1935 2558 2015 2591 qua:
2034 2547 2167 2585 suntad
2196 2551 2249 2588 se-

1308 2589 1424 2638 ipsum
1441 2617 1450 2631 ‚
1465 2593 1497 2627 8<
1517 2591 1592 2629 hec
1607 2592 1656 2628 est
1675 2592 1912 2640 perfeetiffima
1925 2594 2064 2641 justitia
2080 2625 2090 2635 .

1414 2642 1452 2677 Si
1470 2654 1555 2677 vero
1579 2645 1838 2679 communicari
1866 2645 2086 2693 intelligatur
2112 2652 2251 2700 aliquid

1313 2690 1410 2728 aliud
1423 2705 1432 2732 ;
1446 2703 1507 2727 aut
1522 2692 1602 2729 sunt
1619 2694 1713 2729 bona
1727 2693 1924 2732 extrinseca
1941 2725 1948 2739 ‚
1962 2709 2022 2733 aut
2035 2700 2249 2739 intrinlccus

1309 2743 1499 2779 afficientia
1516 2756 1615 2783 eum,
1632 2745 1689 2779 cui
1709 2745 1982 2789 largiuntur-,De
1996 2749 2098 2787 bonis
2114 2756 2250 2789 extrin-

1309 2793 1397 2829 secis
1414 2821 1422 2835 ,
1447 2794 1699 2839 quaeindigent
1715 2794 1876 2832 homines
1888 2809 2111 2838 commutare
2129 2831 2137 2845 ‚
2163 2805 2249 2840 dici-

1309 2843 1516 2890 turjustitia
1530 2846 1789 2881 comminativa
1801 2875 1811 2882 .
1824 2847 1859 2882 Si
1875 2859 1959 2885 vero
1970 2855 2248 2891 communicatzo

1309 2895 1413 2930 cadat
1431 2893 1533 2941 super
1549 2894 1645 2930 aliud
1660 2896 1890 2933 necessarium
1920 2901 2129 2939 adinneium
2148 2931 2158 2946 ‚
2186 2917 2248 2942 aut

1307 2945 1357 2981 est
1377 2947 1532 2991 regimen
1550 2973 1558 2986 ‚
1583 2945 1615 2981 ἃ
1633 2945 1702 2982 boc
1715 2950 2097 2998 convenitpraefidenti
2114 2984 2120 2995 ‚
2135 2967 2249 3003 eaque

1301 2994 1450 3042 justitiae
1463 2995 1671 3043 speciesest,
1685 2998 1900 3035 innominata
1915 3014 1927 3041 3
1941 3003 2107 3050 appellari
2122 3007 2252 3043 nihile-

1307 3048 1424 3082 minus
1442 3046 1552 3093 poffet
1569 3046 1787 3091 praestdentia
1805 3075 1814 3089 ,
1843 3052 1900 3086 vel
1916 3052 2115 3089 dominatio
2138 3055 2247 3101 justa:

1308 3108 1369 3132 aut
1382 3096 1429 3132 est
1445 3096 1537 3143 justa
1553 3096 1730 3143 subjeciio
1743 3124 1753 3140 ‚
1779 3099 1810 3134 8<
1827 3101 1900 3136 haec
1914 3102 2169 3141 denominatur
2199 3120 2247 3142 a„

1294 3146 1433 3195 subiici
1446 3171 1457 3190 ‚
1479 3150 1677 3195 vocarique
1694 3149 1808 3194 potest
1825 3151 2025 3187 obedienti]
2049 3181 2056 3187 .
2072 3157 2111 3190 Ft
2129 3158 2247 3192 mulne

1304 3199 1378 3233 alii:
1394 3197 1528 3245 species
1540 3199 1674 3247 possent
1689 3202 1890 3237 <numerat-i
1906 3203 2050 3240 virtutis
2063 3207 2247 3249 perficien-

1303 3249 1350 3285 tis
1365 3248 1545 3284 hominem
1562 3249 1604 3283 ati
1622 3250 1789 3285 alterum.
1812 3252 1879 3286 Sed
1895 3252 1973 3286 satis
1988 3255 2035 3290 est
2048 3256 2249 3302 ostendissn,

1304 3300 1469 3348 pluribus
1482 3298 1660 3345 ejusmodi
1675 3299 1873 3339 virtutibus
1893 3303 2018 3352 perfici
2033 3319 2169 3354 partem
2186 3309 2252 3344 he-

1306 3351 1412 3386 miniS
1425 3350 1660 3397 appetitivam
1675 3373 1686 3385 .

1455 3450 1968 3495 ARTICULUS
2024 3459 2090 3495 lv.

1356 3551 1491 3588 Utrum
1507 3552 1602 3586 cirea
1621 3551 1776 3588 diversas
1793 3555 1966 3602 passiones
1979 3557 2124 3596 diversae
2140 3560 2203 3596 lint

1598 3602 1754 3641 virtutes
1770 3608 1923 3644 morans
1939 3634 1949 3642 .

1511 3799 1539 3837 B
1567 3800 1591 3836 b
2066 3811 2210 3847 ARTt-

2308 290 2510 318 37.q.·..arz·‚··

2295 1971 2495 2009 Compluribus

2294 2011 2428 2039 virtutum
2444 2013 2496 2041 ha-

2293 2048 2492 2079 biribushount'.

2291 2088 2331 2116 nis
2371 2089 2493 2118 animam

2292 2128 2385 2155 ort-‚ari
2403 2137 2489 2166 opor-

2291 2172 2350 2195 tere
2362 2184 2371 2194 ο

2291 2402 2424 2435 Amicitia
2439 2410 2491 2437 vir.

2289 2448 2382 2471 tutum
2396 2455 2491 2474 mora-

2288 2477 2356 2508 lium
2398 2485 2494 2522 pet-fc-

2288 2518 2403 2551 &affima
2415 2541 2424 2550 .
