2653 4057
20 1249 181 1279 Deleciatio
191 1255 250 1277 non

19 1288 57 1316 est
71 1287 179 1326 praecisa
209 1296 252 1315 ra-

19 1334 61 1355 tio
73 1345 84 1361 ,
103 1335 188 1368 quare
200 1325 252 1354 ali-

19 1365 84 1401 quid
143 1365 252 1405 appeti-

8 1411 95 1435 'mma

12 3476 122 3508 Miseria
136 3490 193 3511 non
205 3483 243 3512 est

11 3517 169 3548 ell'ctialirer
181 3531 243 3558 poe-

10 3563 47 3582 aa
58 3565 107 3584 nec
119 3559 222 3588 tristitia
237 3570 247 3595 ;

6 3593 54 3623 scd
78 3596 158 3634 culpa
189 3605 248 3626 tan.

13 3641 74 3663 tum
85 3637 250 3677 dimiserit,-

771 170 933 221 Tomus
965 171 1050 220 III.
1079 174 1208 221 Part.
1240 172 1278 220 Ῑ.
1306 168 1504 239 Qqestio
1537 166 1596 217 ῙῘ.
1625 173 1729 220 Art.
1757 172 1835 222 VI.

311 256 397 285 eum
421 241 584 291 respiciat
607 250 754 290 oportet
771 265 784 284 ‚
805 254 877 277 non
905 240 1014 278 modo
1038 242 1104 278 sub
1124 243 1261 277 ratione

312 296 426 334 causae
438 294 647 336 efficientis,
679 291 735 328 sed
750 293 857 328 etiarn
884 294 920 329 in
944 292 1084 329 ratione
1108 290 1259 338 objecti,

309 348 370 384 cui
386 348 461 381 unit
476 372 489 388 ‚
510 346 542 380 „Q
560 345 653 380 circa
667 342 767 390 quod
798 341 960 379 versatur
979 369 988 378 .
1012 343 1130 388 Atqui
1152 340 1260 390 paffio

307 394 494 441 objeaum
510 395 719 431 beatificum
737 405 809 429 non
835 392 1004 440 respicit,
1026 394 1087 429 nisi
1110 404 1151 428 ut
1173 405 1259 429 cau-

306 447 378 482 sam
391 445 605 485 efficientem
619 471 632 489 ,
647 444 691 481 de
703 443 781 492 ipso
794 446 944 493 quippe,
960 443 1020 480 seu
1033 445 1077 480 ab
1089 444 1165 492 ipso
1187 445 1259 481 ori-

304 506 366 532 tut
380 495 595 540 deieftatiO,
621 497 655 532 8(
671 497 842 547 perting³t
867 496 910 532 ad
935 494 1134 542 potentiam
1147 522 1159 538 ‚
1177 505 1258 540 quae

303 546 441 593 gaudio
452 547 685 597 perfunditur
699 561 712 589 3
738 547 834 593 Ergo
846 546 894 583 est
909 544 1047 592 aliquid
1058 555 1160 581 extra
1173 547 1258 581 bea·

301 598 477 636 titudinis
495 598 678 636 essentiam
698 625 706 635 .
734 597 929 644 Denique,
958 598 1073 632 viator
1101 607 1164 643 per
1189 597 1257 631 ali-

301 648 391 694 quid
419 648 579 696 ejusdem
604 648 755 686 rationis
780 659 950 686 movetur
966 672 979 691 ‚
1002 643 1255 693 conjungitur,

301 699 337 735 8(
356 701 506 746 quiescit
518 704 554 737 in
567 698 715 745 objesto
738 700 909 737 beatifico
924 701 960 736 in
973 700 1028 734 via
1046 698 1153 734 modo
1178 696 1256 733 val-

300 749 346 785 de
359 751 568 800 impet-feelo
585 763 596 791 3
619 750 718 797 Ergo
730 750 890 788 similiter
906 753 940 787 in
958 751 1072 799 patria
1101 760 1163 797 per
1189 748 1254 785 ali-

300 801 390 847 qnid
408 801 567 848 ejusdem
583 803 732 841 rationis
744 804 921 844 ultimate,
934 804 968 839 &
994 799 1150 848 perteue
1169 798 1256 839 uni-

299 853 521 901 turobjesto
532 854 702 892 beatifico
716 879 725 889 .
746 852 865 901 Atqui
882 853 994 890 stante
1006 852 1071 887 viae
1086 850 1177 888 statu
1192 864 1256 887 ne-

297 912 361 942 mo
376 903 579 952 illiobjeeto
607 915 671 953 per
697 905 884 952 passionem
910 903 1168 951 conjungitur,
1194 901 1253 937 sed

297 956 412 1002 magis
439 956 554 992 media
588 956 802 1002 operatione
816 982 830 999 ,
856 968 938 1003 quae
977 953 1122 990 dileetio
1157 952 1207 990 est
1238 965 1251 993 ;

297 1007 396 1052 Ergo
408 1008 522 1043 necin
545 1007 662 1056 patria
691 1033 700 1043 .
723 1007 823 1043 Cum
845 1006 970 1054 itaque
1000 1004 1189 1042 beatitudo
1210 1003 1250 1039 fit

294 1057 464 1094 ultimate
490 1058 741 1105 conjungens,
764 1058 836 1106 ipsi
863 1059 992 1106 utique
1017 1056 1124 1104 passio
1148 1066 1251 1091 non.»

296 1108 389 1145 erit:
418 1108 609 1146 deleaatio
623 1120 743 1145 autem
762 1109 870 1155 paffio
907 1108 1137 1145 essentialiter
1167 1107 1217 1143 est
1234 1132 1249 1153 ‚

294 1157 576 1207 spefiareigitur
592 1161 719 1208 nequit
731 1160 774 1195 ad
791 1160 1028 1197 beatitudinis
1053 1157 1250 1195 essentiam·

296 1209 423 1256 Atque
437 1211 511 1247 haec
523 1209 649 1247 eadem
661 1209 730 1248 effe
744 1212 888 1247 videtur
904 1211 1059 1248 intentio
1083 1209 1250 1245 Philoso-

295 1260 359 1309 phi
377 1261 427 1299 X.
442 1261 563 1299 Ethic.
575 1269 650 1310 cap.
665 1273 700 1308 3.
725 1263 787 1299 ubi
812 1263 891 1298 vult
909 1289 919 1306 ,
941 1262 1017 1297 fore
1031 1288 1042 1303 ‚
1064 1271 1104 1295 ut
1133 1262 1247 1297 multa

295 1322 546 1360 appeteremus
562 1340 573 1355 ‚
602 1312 739 1350 etiarnsi
763 1313 845 1349 inde
874 1311 1152 1349 deleEiationem
1173 1325 1246 1349 non

295 1375 533 1411 caperemus,
560 1361 765 1410 cujusmodi
797 1363 877 1400 sunt
908 1363 1021 1406 scire,
1049 1363 1246 1406 recordari,

295 1415 330 1450 8(
348 1413 502 1452 virtutes
524 1429 535 1457 3
561 1413 618 1452 Ex
633 1427 710 1464 qno
725 1415 854 1452 ibidem
868 1414 1052 1451 concludit
1069 1440 1081 1456 ,
1111 1427 1182 1451 non
1195 1414 1248 1452 es-

292 1464 329 1501 se
342 1467 592 1513 operationem
612 1477 759 1514 propter
769 1467 1043 1502 detestationem
1059 1492 1070 1507 ,
1096 1465 1156 1502 sed
1173 1479 1246 1502 ma-

292 1518 350 1562 gis
365 1529 382 1552 e
394 1516 593 1555 converso:
611 1530 682 1554 non
694 1520 785 1555 enim
802 1519 1010 1554 laboramus
1027 1527 1066 1552 ut
1081 1518 1246 1562 quiesca-

293 1577 376 1602 mus
388 1592 400 1608 ,
428 1567 486 1604 sed
500 1570 613 1614 magis
627 1570 847 1616 quiescimus
861 1595 870 1612 ‚
897 1581 935 1604 ut
959 1569 1168 1605 laboremus
1182 1596 1193 1606 .

399 1615 459 1651 Ad
474 1627 685 1660 argumenta
707 1644 717 1653 .
746 1618 803 1653 Ad
834 1620 990 1660 primurn
1017 1618 1244 1665 respondeo,

293 1665 529 1702 concedendo
544 1665 706 1704 absolute
724 1678 788 1713 per
805 1667 874 1703 Dei
888 1668 1084 1709 potentiam
1098 1673 1244 1707 evenire

292 1714 390 1763 posse
404 1741 414 1756 ,
440 1725 482 1749 ut
499 1714 587 1749 visio
600 1716 639 1751 sit
652 1716 725 1751 fine
740 1711 982 1753 delectatione
998 1744 1009 1760 ,
1025 1719 1059 1754 8(
1080 1721 1215 1763 gaudio
1232 1746 1242 1755 .

290 1767 335 1802 Et
348 1776 430 1800 curn
448 1765 644 1811 arguitur;
666 1766 779 1812 igitur
792 1765 944 1807 videret,
957 1767 990 1800 8(
1018 1779 1089 1800 non
1107 1771 1245 1812 gaude-

289 1826 345 1851 ret
362 1841 373 1856 ,
401 1815 710 1853 concedoillatum
727 1843 737 1860 ‚
765 1813 821 1851 sed
837 1816 871 1851 id
889 1828 960 1851 non
974 1814 1059 1851 esset
1084 1814 1244 1863 ΐρεέὶειῑει

288 1866 447 1903 videntis
470 1865 647 1912 potestate
662 1893 672 1909 ,
696 1865 755 1904 sed
768 1865 870 1902 fieret
887 1868 1025 1903 vivum
1051 1863 1123 1903 Dei
1154 1878 1243 1903 con-

287 1916 465 1953 servantis
480 1916 654 1954 visionem
669 1945 679 1961 ,
708 1919 742 1954 8(
760 1929 831 1952 non
843 1918 1015 1963 gaudium
1030 1941 1040 1951 .

389 1966 450 2007 Ad
463 1966 658 2006 secundum
672 1967 864 2004 dicendum
884 1995 894 2009 ‚
909 1970 1040 2016 utique
1058 1967 1242 2013 futurum,

286 2028 328 2055 ut
352 2018 543 2055 beatitudo
564 2019 1073 2067 perfeftiorffiintelligeretur,
1097 2018 1117 2053 si
1148 2031 1244 2065 gau<

285 2069 385 2105 dium
401 2067 573 2117 speaaret
588 2070 632 2106 ad
656 2065 836 2106 essentiam
870 2069 981 2115 ipsius
1001 2093 1012 2105 .
1039 2069 1178 2105 Verum
1206 2070 1241 2106 id

285 2119 480 2156 statuinon
507 2119 605 2167 posse
631 2148 640 2156 .
660 2119 984 2169 Qemadmodnm
1015 2119 1036 2154 Γι
1068 2118 1241 2168 sapientia

284 2171 537 2216 ingrederetur
551 2170 737 2208 essentiam
766 2172 921 2207 hominis
939 2198 948 2212 ‚
972 2169 1081 2218 ipfius
1111 2184 1240 2209 natura

284 2220 371 2258 esset
387 2221 580 2269 perfthior
596 2250 607 2266 ‚
627 2234 668 2258 ac
684 2222 793 2259 modo
810 2222 870 2257 s1t.
885 2223 936 2260 At
949 2220 1057 2270 pasiio
1081 2222 1241 2269 spectare

282 2275 412 2322 nequit
427 2273 471 2308 ad
483 2271 663 2311 essentiam
676 2272 912 2310 beatitudinis
928 2299 938 2314 ‚
967 2274 1054 2320 quia
1067 2272 1111 2308 de
1128 2273 1241 2311 essen-

281 2324 333 2359 tia
350 2322 458 2366 ipsius
474 2322 524 2359 est
537 2324 638 2371 quod
653 2323 855 2369 conjungat
867 2323 1016 2371 objeffto
1047 2324 1234 2369 beatifico,

282 2374 387 2423 quod
400 2374 509 2422 paffio
521 2376 662 2413 efficere
680 2387 750 2411 non
768 2374 883 2421 potest
900 2400 909 2410 .

385 2426 446 2465 Ad
460 2428 608 2464 tertium
624 2454 634 2469 ‚
659 2424 828 2472 cujusvis
853 2424 920 2460 stat
946 2425 982 2460 in
1015 2426 1111 2467 hoc,
1138 2438 1242 2472 poena

281 2477 333 2517 est
346 2477 489 2514 tristitia
502 2477 735 2515 essentialiter
753 2502 762 2517 ‚
789 2476 903 2521 igitur
921 2478 1107 2523 praemium
1125 2478 1174 2512 est
1187 2476 1237 2513 es-

282 2530 481 2567 sentialiter
504 2529 679 2577 gaudium
711 2554 723 2565 .
752 2525 970 2574 Respondeo
1010 2555 1020 2570 ,
1068 2528 1239 2574 negando

281 2579 578 2629 consequentiam
595 2608 603 2622 ‚
622 2580 657 2616 8(
671 2580 862 2626 paritatem
893 2590 906 2619 ς
941 2580 1039 2616 Nam
1071 2578 1155 2614 nihil
1189 2578 1240 2616 est

281 2643 390 2679 poena
408 2658 419 2672 ,
433 2631 495 2667 nisi
514 2631 554 2666 sit
567 2631 856 2667 involuntarium
878 2654 886 2663 .
903 2629 1095 2665 Ptaemium
1117 2641 1239 2666 autem

282 2692 359 2717 non
375 2680 426 2717 est
444 2681 507 2717 nisi
529 2682 774 2717 voluntarium
794 2693 806 2721 3
832 2692 935 2728 poena
952 2682 1062 2725 igitur
1081 2680 1148 2717 esse
1175 2694 1240 2717 ne-

282 2733 363 2779 quit
382 2729 484 2766 astus
501 2731 700 2766 voluntatis
713 2742 725 2771 3
737 2742 817 2768 nam
832 2731 1046 2777 quicunque
1061 2731 1164 2767 astus
1178 2744 1245 2777 vo.⁴

282 2782 431 2820 luntatis
444 2782 517 2818 sive
535 2780 682 2817 volendi
701 2807 713 2824 ,
742 2780 811 2818 sive
830 2781 975 2818 nolendi
993 2782 1043 2818 est
1073 2782 1237 2831 simplici-

282 2843 338 2870 ter
366 2833 599 2869 voluntarius
616 2845 628 2875 ;
652 2834 839 2880 praemium
869 2843 992 2870 autem
1020 2833 1159 2880 semper
1186 2832 1236 2869 est

282 2884 385 2921 acius
402 2884 603 2920 voluntatis
628 2909 638 2919 .
663 2883 793 2930 Atque
807 2883 900 2918 itain
915 2883 999 2920 ac'tu
1028 2883 1109 2925 est3
1136 2896 1237 2920 nom.

279 2935 396 2980 igitur
410 2933 460 2970 est
478 2933 585 2980 paffio
599 2962 610 2978 ‚
635 2946 703 2971 nec
731 2935 766 2969 in
783 2933 934 2981 passione
949 2934 1076 2971 situm:
1105 2945 1234 2970 contra

280 2986 496 3022 veroornnis
512 2996 616 3034 poena
641 2983 750 3033 paffio
776 2983 827 3021 est
841 3011 854 3028 ‚
877 2986 964 3033 quia
985 2984 1129 3021 tristitia
1143 3011 1156 3028 ‚
1179 2985 1234 3021 vel

280 3048 366 3073 cum
378 3035 522 3072 tristitia
537 3062 547 3072 .

378 3086 451 3124 Sed
466 3099 538 3124 non
570 3086 715 3125 videtur
741 3097 957 3132 argumento
985 3086 1233 3126 satisfactum:

279 3139 379 3175 Nam
397 3136 561 3182 miseria,
581 3142 639 3175 vei
663 3149 768 3185 poena
783 3136 1015 3174 essentialiter
1033 3140 1234 3187 opponitur

277 3188 523 3227 beatitudini:
538 3187 603 3225 Sed
620 3188 757 3226 miseria
768 3185 996 3225 essentialiter
1008 3200 1079 3224 non
1106 3189 1156 3225 est
1182 3191 1234 3224 ni.

279 3238 304 3274 fi
321 3239 459 3276 tristitia
475 3253 489 3281 ;
517 3241 630 3286 igitur
645 3242 831 3288 praemium
845 3266 856 3282 ,
881 3240 938 3275 vel
968 3239 1155 3275 beatitudo
1181 3239 1233 3276 est

277 3287 692 3337 essentialitergaudium
712 3316 721 3326 .
740 3289 958 3338 Respondeo
983 3289 1150 3335 negando
1171 3303 1233 3326 an·

277 3339 448 3378 teeedens
465 3367 476 3384 ,
507 3344 593 3389 quia
610 3341 749 3377 miseria
766 3352 837 3377 non
853 3339 902 3376 est
915 3340 1141 3377 essentialiter
1156 3353 1231 3389 poe·

277 3403 323 3428 na
339 3418 352 3435 ‚
378 3392 589 3430 veltristitia
604 3418 614 3434 ,
643 3391 701 3428 sed
715 3390 765 3428 est
783 3391 1010 3428 essentialiter
1025 3392 1131 3439 culpa
1149 3419 1160 3434 ‚
1191 3394 1226 3429 8(

277 3441 350 3481 sola
362 3444 470 3492 culpa
484 3443 566 3480 facit
583 3441 767 3480 hominem
781 3441 948 3479 miserum
963 3455 974 3483 ;
991 3453 1093 3489 poena
1110 3454 1231 3479 autem

278 3492 424 3530 ordinat
436 3496 581 3543 culpam
599 3519 611 3536 ,
640 3506 723 3541 quae
738 3492 789 3531 est
815 3492 952 3530 miseria
973 3492 1205 3533 essentialiter
1218 3519 1228 3529 .

280 3545 323 3580 Et
337 3543 360 3583 fi
374 3544 475 3581 dicas
492 3572 503 3588 ‚
520 3541 659 3581 miseria
671 3544 721 3581 est
732 3543 961 3581 essentialiter
976 3542 1118 3583 tristitia
1134 3571 1142 3580 .
1159 3547 1230 3583 Re-

281 3593 440 3643 sponsio:
454 3595 522 3633 esse
533 3597 639 3633 talem
655 3597 793 3633 ratione
809 3596 921 3643 culpae
939 3607 951 3636 ;
973 3594 1044 3631 Sed
1058 3596 1164 3644 culpa
1181 3596 1232 3633 est

282 3648 372 3683 male
392 3648 507 3690 velle,
533 3646 577 3683 sie
601 3657 662 3694 per
697 3647 906 3694 oppositum
945 3648 1132 3694 praemium
1166 3648 1233 3683 erit

281 3697 374 3733 bene
386 3698 477 3735 velle
504 3698 540 3735 in
566 3700 803 3746 operatione,
830 3698 864 3732 8(
895 3697 944 3731 ita
970 3697 1105 3733 bonum
1129 3708 1233 3732 com-

280 3747 381 3782 modi
394 3747 462 3784 esse
476 3748 592 3796 potest
608 3750 853 3786 voluntarium
865 3774 877 3790 ‚
904 3747 937 3783 8(
955 3750 1141 3794 praemium
1156 3759 1232 3783 ma·

283 3799 423 3835 >timum
439 3801 561 3842 beati,
594 3800 629 3837 8(
649 3801 845 3835 maximum
863 3797 1040 3843 gaudium
1067 3799 1129 3834 sibi
1144 3823 1153 3833 .

383 3846 444 3885 Ad
457 3861 630 3897 quartum
654 3849 855 3902 respondeo
869 3876 883 3895 ,
909 3846 1000 3888 Non
1018 3862 1125 3889 omne
1148 3850 1234 3894 ulti·

1337 251 1435 274 mum
1450 264 1462 281 ,
1490 238 1547 275 sed
1560 243 1740 287 optimum
1753 242 1886 278 habere
1900 243 2071 278 rationem
2087 241 2167 280 sinis
2182 259 2192 281 :
2208 244 2278 280 tale

1333 300 1457 325 autem
1469 291 1651 336 optimum
1667 315 1677 331 ‚
1697 300 1738 325 ut
1755 291 1835 327 finis
1853 292 2064 329 intrinsecus
2082 318 2093 334 ,
2115 295 2277 341 operatio

1332 339 1576 376 estzattamen
1598 339 1791 376 deleftatio
1802 341 1850 377 est
1879 342 1966 388 quid
1989 341 2116 378 ordine
2143 341 2279 380 naturae

1332 388 1514 437 posterius
1539 418 1552 434 ,
1577 402 1657 439 quae
1672 391 1910 428 nihilominus
1928 393 2008 429 talis
2033 405 2104 428 non
2131 393 2205 436 est,
2236 404 2278 429 ut

1330 442 1498 486 operatio
1509 441 1553 477 ad
1565 440 1675 490 ipsam
1690 443 1802 478 veluti
1815 441 1859 478 ad
1871 437 1977 478 finem
1989 442 2175 480 ordinetur
2187 467 2200 488 ,
2211 453 2277 480 nec

1330 490 1381 527 est
1393 492 1604 540 operatione
1620 491 1816 540 perfeGiior
1830 519 1841 529 .

1431 542 1573 578 Contra
1588 570 1599 586 ,
1630 542 1832 580 Posteriora
1845 542 2073 587 generatione
2088 543 2167 580 sunt
2183 544 2280 593 prio·

1329 591 1430 627 ribus
1445 592 1657 641 perfeetiora
1680 606 1691 634 3
1725 595 1822 640 Ergo
1838 592 1862 629 fi
1877 591 2069 630 delectatio
2085 593 2133 629 est
2149 606 2281 643 opera-

1326 642 1427 678 tione
1439 643 1613 691 posterior
1624 672 1637 688 ,
1661 643 1738 679 haec
1752 645 1795 680 ad
1810 645 1906 680 illam
1919 671 1931 687 ‚
1948 653 1989 678 ut
2004 642 2048 678 ad
2064 643 2154 691 quid
2166 645 2282 691 perfe-

1325 691 1420 729 &ius
1431 694 1619 733 ordinatur
1645 722 1655 732 .
1686 694 1903 744 Respondeo
1920 692 2282 742 Philosophidistum

1323 743 1459 781 habere
1471 748 1665 784 veritatem
1679 758 1761 783 cum
1775 747 1940 795 pluribus
1950 743 2111 791 ejusdem
2124 746 2282 791 generis,

1326 796 1533 841 applicatur
1554 811 1564 835 ι
1592 799 1688 835 unde
1720 797 1873 837 admissis
1901 798 1938 832 in
1961 794 2090 832 eodem
2115 795 2282 843 subjesto

1326 847 1495 893 pluribus
1510 849 1636 887 formiS
1650 875 1661 891 ‚
1685 849 1811 885 ultima
1827 848 1876 885 est
1903 848 2044 883 caeteris
2070 846 2280 896 perfefiion

1324 899 1359 933 8(
1375 899 1408 933 in
1420 911 1551 946 genere
1564 899 1821 949 operationum
1835 900 1966 936 volitio
1989 896 2040 934 est
2065 897 2282 934 intelleciio-

1323 960 1368 983 ne
1408 949 1602 995 perfefflor
1629 964 1642 993 3
1674 950 1847 999 quamvis
1875 963 1948 987 una
1975 949 2016 985 sit
2043 949 2080 985 in
2116 959 2280 994 genere.»

1320 999 1564 1044 cognoscitivi
1578 1029 1587 1044 ,
1615 1003 1725 1039 altera
1748 1003 1783 1038 in
1813 1013 1944 1048 genere
1970 1000 2165 1048 appetitivi
2188 1024 2198 1034 .
2228 1000 2281 1037 At

1320 1049 1494 1096 passiones
1520 1064 1592 1089 non
1619 1053 1780 1102 spe6'wnt
1810 1053 1854 1088 ad
1870 1063 1985 1099 genus
2010 1050 2281 1098 operationum,

1320 1100 1402 1136 ideo
1414 1100 1472 1138 hic
1484 1103 1650 1141 instantia
1668 1116 1740 1140 non
1757 1104 1939 1140 concludit
1957 1114 1966 1137 ε
1993 1101 2188 1149 Siquidem
2204 1098 2281 1148 pas-

1320 1149 1437 1188 fiones
1453 1164 1523 1187 non
1543 1155 1695 1191 tendunt
1712 1156 1748 1190 in
1765 1153 1966 1200 objefium³
1978 1163 2018 1188 ut
2032 1151 2279 1200 operationes,

1320 1200 1379 1237 sed
1396 1203 1544 1249 praecise
1557 1206 1602 1240 ab
1622 1205 1771 1253 objecto
1796 1205 1876 1242 sunt
1901 1233 1908 1242 .
1932 1207 2061 1254 Qzare
2087 1203 2279 1251 potentia..

1319 1253 1484 1290 ultimate
1497 1256 1622 1291 unitur
1638 1255 1785 1303 objeflo
1797 1268 1858 1304 per
1873 1256 2119 1304 operationem
2137 1280 2148 1296 ,
2176 1264 2280 1290 non.-

1319 1315 1380 1349 per
1392 1303 1672 1344 deleaationem
1684 1334 1696 1350 ,
1725 1305 1782 1343 sed
1796 1318 1939 1343 tantum
1954 1305 2030 1341 haec
2044 1304 2280 1342 unitultirna-

1317 1364 1351 1390 te
1367 1355 1593 1393 voluntatem
1606 1359 1641 1394 in
1653 1358 1780 1395 ordine
1794 1358 1987 1406 pastionum
2003 1382 2015 1399 ,
2036 1366 2129 1403 quas
2146 1355 2277 1390 volun-

1317 1415 1373 1441 tas
1390 1407 1520 1453 recipit
1533 1433 1546 1450 ,
1581 1409 1614 1444 8(
1633 1411 1669 1445 in
1686 1420 1864 1457 quantum
1877 1407 1927 1444 est
1940 1408 2121 1456 receptiva
2152 1404 2278 1452 passio-

1316 1467 1404 1492 num
1421 1481 1434 1499 ν
1454 1469 1526 1493 non
1542 1462 1797 1506 operationum
1816 1473 1828 1501 ;
1853 1471 1888 1495 at
1907 1470 1970 1504 per
1994 1457 2277 1506 operationem..-

1316 1507 1489 1544 voluntas
1506 1510 1634 1546 unitur
1647 1511 1813 1547 ultimato
1831 1507 2036 1556 simpliciter
2048 1506 2197 1553 offic-&io
2211 1533 2224 1550 ‚
2239 1507 2276 1544 8<

1313 1569 1507 1606 propterea
1520 1561 1556 1595 in
1569 1573 1609 1596 ea
1625 1572 1766 1598 tantum
1782 1561 1841 1597 sita
1853 1560 1902 1597 est
1922 1558 2107 1595 beatitudo
2124 1584 2134 1594 .

1419 1609 1479 1645 Ad
1494 1611 1664 1648 ultimum
1678 1612 1867 1648 dicendum
1882 1638 1892 1654 ,
1917 1610 2010 1654 illas,
2023 1611 2056 1646 8(
2069 1607 2270 1645 consimiles

1314 1659 1551 1696 auctoritates
1575 1663 1643 1698 esse
1666 1662 1917 1708 intelligendas
1941 1661 1977 1697 in
2000 1659 2101 1696 sensu
2126 1658 2275 1702 causali,

1314 1721 1444 1756 nempe
1457 1709 1737 1747 delectationem
1754 1713 1892 1747 causari
1910 1714 1955 1746 ab
1970 1709 2120 1756 objec'to
2136 1709 2275 1746 beatifi-

1316 1770 1360 1794 co
1374 1785 1386 1800 ,
1414 1759 1450 1794 &
1470 1761 1582 1806 recipi
1597 1761 1631 1796 in
1644 1762 1810 1810 appetitu
1825 1761 2003 1797 mediante
2013 1761 2273 1808 operationts,

1314 1819 1378 1851 pet·
1389 1819 1499 1852 quam
1511 1808 1699 1852 objectum
1711 1812 1749 1846 fit
1763 1813 1930 1856 potentia:
1940 1811 2109 1857 proxime
2137 1821 2274 1847 conve-

1314 1854 1417 1891 niens
1430 1883 1442 1898 ,
1468 1868 1588 1900 eoque
1603 1860 1718 1905 polito
1731 1887 1743 1903 ,
1757 1862 1874 1896 veluti
1886 1862 2012 1896 ultima
2029 1861 2273 1908 dispositione,

1313 1917 1402 1942 mox
1415 1908 1460 1942 ab
1473 1905 1624 1953 objeeio
1635 1910 1670 1945 in
1683 1912 1880 1956 potentiam
1896 1910 2096 1948 redundare
2117 1911 2273 1949 deleeta·

1310 1957 1446 1995 tionem
1459 1981 1474 2003 ,
1496 1959 1532 1996 8(
1545 1959 1719 2005 gaudium
1733 1960 1913 1999 ineffabile
1928 1985 1938 1996 .

1462 2058 1984 2101 ARTICULUS
2036 2061 2127 2101 Vll.

1413 2160 1556 2200 Utrum
1572 2164 1767 2201 beatitudo
1778 2164 1933 2201 hominis
1945 2163 2043 2202 confi
2051 2166 2116 2203 stat
2130 2164 2166 2201 in

1603 2215 1727 2263 aliquo
1742 2217 1844 2253 bono
1857 2216 1986 2253 animae

1412 2311 1548 2353 ‚Dos-‘lor
1557 2314 1641 2353 Iocis
1650 2318 1688 2354 in
1704 2319 1865 2364 margine
1878 2317 2060 2355 citatis.S.
2082 2315 2173 2354 Tho«

1580 2381 1654 2406 mas
1677 2380 1706 2405 ι.
1725 2380 1810 2416 2.q.
1829 2378 1863 2405 2.
1880 2376 1954 2405 art.
1968 2378 2003 2417 7.

1428 2465 1552 2504 ldetur
1566 2468 1724 2507 hominis
1739 2469 1929 2507 beatitudo
1950 2469 2139 2507 consistere
2155 2472 2191 2508 in
2203 2470 2269 2507 ali·
2321 2490 2329 2500 ·
2363 2490 2372 2500 ·

1439 2529 1515 2565 quo
1530 2521 1654 2557 animae
1671 2523 1771 2557 bono
1793 2549 1802 2558 .
1834 2521 1975 2558 Etenim
1991 2520 2180 2558 beatitudo
2194 2533 2269 2559 ma·
2315 2529 2323 2540 ⁸

1311 2572 1408 2605 xima
1423 2568 1598 2618 perfefflo
1617 2572 1771 2609 hominis
1783 2571 1832 2608 est
1851 2598 1860 2607 .
1883 2569 2070 2620 Siquidem
2102 2585 2142 2608 ea
2165 2585 2268 2611 non...

1308 2621 1438 2666 adepta
1451 2619 1500 2656 est
1529 2623 1686 2660 maxime
1703 2622 1809 2660 miser
1840 2649 1849 2658 .
1882 2622 1999 2671 Atqui
2030 2624 2200 2670 perfeffio
2214 2625 2263 2662 est

1308 2671 1390 2719 ejus
1407 2698 1417 2714 ,
1448 2671 1492 2707 de
1507 2684 1584 2718 quo
1601 2685 1663 2719 per
1675 2673 1932 2721 persefiionem
1961 2683 2105 2710 arcetur
2134 2674 2268 2723 imper-

1310 2720 1416 2761 faeno
1437 2735 1449 2763 ς
1477 2723 1571 2768 Ergo
1583 2725 1770 2760 beatitudo
1785 2725 1833 2760 est
1845 2723 1981 2771 aliquid
2003 2723 2184 2766 hominis3
2206 2725 2267 2763 sed

1308 2785 1380 2811 non
1394 2773 1444 2809 est
1456 2774 1593 2820 aliquid
1612 2774 1774 2821 spetf’tans
1785 2775 1828 2811 ad
1848 2786 1981 2823 corpus
1996 2802 2006 2817 ,
2035 2787 2100 2811 nec
2116 2787 2265 2825 compu-

1307 2825 1413 2863 tanda
1443 2824 1534 2859 inter
1552 2826 1671 2868 bona,
1699 2839 1781 2874 quae
1805 2826 1986 2862 hominem
2015 2826 2266 2872 circumstant,

1306 2878 1363 2915 uti
1386 2873 1462 2909 sunt
1476 2874 1631 2911 honores
1654 2901 1664 2917 ‚
1687 2879 1800 2914 eloria
1816 2876 1979 2919 ‚divitiae
1998 2903 2008 2919 ‚
2021 2877 2179 2924 potestas
2197 2902 2209 2922 ,
2224 2890 2265 2915 ut

1306 2943 1352 2967 ex
1366 2926 2038 2976 antecedentibussolutionibuspatet3
2068 2930 2163 2974 Ergo
2193 2941 2265 2965 non

1305 2983 1341 3017 in
1371 2983 1442 3017 alio
1469 2980 1519 3017 est
1549 2977 1734 3016 statuenda
1752 3007 1765 3023 ‚
1791 2991 1903 3028 quam
1926 2978 1962 3015 in
1992 2981 2115 3026 aliquo
2139 2981 2267 3017 animae

1271 3072 1277 3079 ,
1304 3035 1405 3070 bono
1419 3058 1428 3068 .

1412 3082 1738 3124 Praeterea,()tnnis
1751 3093 1850 3118 amor
1862 3080 2163 3128 concupiscentiae
2176 3092 2263 3128 prae·

1305 3135 1477 3184 supponit
1501 3143 1660 3168 amorem
1686 3132 1876 3175 amicitiae;
1907 3133 1994 3169 illud
2019 3143 2133 3177 erge,
2161 3130 2261 3179 quod

1306 3198 1450 3223 amatur
1481 3195 1602 3219 amore
1623 3184 1789 3220 amicitia:
1807 3211 1818 3227 ‚
1841 3183 1890 3220 est
1905 3183 2054 3220 ulterior
2083 3181 2185 3225 finis,
2216 3181 2260 3215 ad

1305 3251 1416 3286 quem
1437 3235 1676 3275 ordinantur,
1693 3247 1774 3281 quae
1799 3247 1920 3271 amore
1960 3233 2258 3279 concupiscentia

1306 3288 1581 3337 prosequuntur
1607 3311 1617 3320 .
1648 3284 1814 3334 Qisque
1825 3285 2129 3330 autemsibioptat
2147 3283 2259 3319 felici-

1305 3351 1415 3377 tatem
1431 3352 1442 3380 ς
1473 3341 1570 3383 Ergo
1582 3334 1726 3380 ipsemet
1738 3336 1787 3371 est
1800 3335 1880 3372 finis
1895 3364 1906 3380 ,
1920 3337 1977 3371 cni
1992 3334 2262 3381 concupiscitur

1308 3389 1513 3428 beatitudo,
1531 3385 1716 3433 magisque
1733 3388 1885 3432 proinde
1898 3398 2049 3422 amatur.
2063 3385 2162 3420 Cum
2175 3397 2264 3430 ergo

1308 3440 1499 3478 beatitudo
1518 3437 1556 3474 sit
1573 3439 1725 3473 ultimus
1742 3437 1844 3479 finis,
1869 3436 1976 3482 cnjus
2004 3436 2116 3484 gratia
2134 3445 2262 3471 caetera

1308 3501 1534 3540 appetuntur
1548 3516 1558 3532 ‚
1587 3490 1622 3523 in
1637 3488 1740 3525 bonis
1758 3486 1864 3535 ipsius
1878 3491 2001 3524 anima:
2017 3484 2064 3522 cst
2080 3485 2181 3531 plane
2197 3485 2265 3522 sta-

1307 3541 1441 3579 tuenda
1459 3553 1470 3582 ;
1498 3540 1559 3587 ipsi
1577 3540 1669 3574 enim
1683 3541 1809 3575 anima:
1824 3549 1949 3576 coetera
1968 3540 2060 3573 bona
2075 3546 2266 3583 optantur,

1311 3594 1346 3629 8(
1361 3592 1608 3629 desiderantur
1624 3588 1923 3636 concupiscentia:
1935 3585 2129 3624 desiderio.

1416 3642 1558 3678 Contra
1577 3666 1587 3682 ,
1614 3640 1844 3688 Augustinus
1861 3668 1872 3684 ‚
1899 3654 1927 3677 ι.
1941 3640 1984 3674 de
2007 3634 2124 3672 dofir.
2142 3635 2265 3671 christ.

1310 3708 1390 3742 cap.
1417 3692 1620 3730 6.Summa
1642 3703 1769 3728 merces
1796 3689 1900 3737 estut
1925 3689 1995 3739 ἱρῇ)
2022 3686 2268 3737 perfruamur,

1313 3749 1395 3783 Deo
1407 3743 1576 3780 nimirum
1600 3769 1609 3778 .
1623 3743 1770 3779 Summa
1789 3753 1908 3777 autem
1925 3751 2059 3778 merces
2075 3736 2268 3775 secundum

1313 3796 1430 3845 ipsum
1444 3794 1637 3832 beatitudo
1650 3793 1699 3828 cst
1715 3809 1729 3834 ,-
1750 3793 1863 3837 igitur
1896 3791 2053 3827 hominis
2082 3786 2271 3824 beatitudo

1313 3859 1386 3883 non
1400 3846 1438 3881 in
1458 3847 1580 3893 aliquo
1594 3845 1720 3882 animae
1736 3845 1834 3881 bono
1856 3842 2019 3882 consistit
2034 3867 2046 3884 ‚
2071 3837 2127 3873 sed
2152 3839 2185 3872 in
2199 3837 2272 3874 Dei

1312 3896 1487 3935 fruitione
1506 3922 1514 3931 .
2060 3884 2225 3937 Respon-

2295 3093 2456 3135 Ptolom-q.
2468 3099 2493 3127 ς.
2505 3095 2532 3125 ο.

2297 3135 2342 3161 Ad
2375 3141 2530 3172 prunum-³

2291 3172 2389 3211 prima·
2411 3168 2531 3206 quastio-

2296 3211 2340 3238 m'1
2356 3232 2362 3237 .
2378 3212 2412 3240 V.
2426 3209 2530 3237 Setun-

2294 3249 2382 3286 dolic-

2301 3649 2335 3677 4.
2345 3638 2461 3676 dist.49.
2475 3645 2535 3676 qa.

2301 3680 2376 3713 §.Aa
2384 3678 2537 3718 oppfitum.

2633 3567 2644 3607 'a‘
2625 3527 2628 3535 β
2626 3507 2628 3510 —
2641 3448 2645 3452 μ
