2628 4011
60 1959 91 1979 2·
121 1948 182 1979 dist·
205 1955 255 1985 ⁴20

52 1989 188 2028 qu4.§·Ad
195 1989 256 2027 pri-

53 2037 132 2057 mum
157 2027 189 2055 de
216 2029 254 2055 A-

47 2067 153 2107 postulo
178 2085 187 2095 .
219 2067 254 2096 de

51 2104 148 2173 {ligi
192 2106 254 2146 ιγ’

49 2581 92 2609 Ex
109 2580 202 2610 Alenfi
225 2591 253 2611 2.

46 2627 104 2657 p.q.
118 2629 151 2648 10
161 2629 252 2652 7.art.

53 2663 80 2691 ς.
92 2667 131 2686 m.
152 2666 182 2695 3.

735 134 894 183 Tonans
907 137 991 182 ΙΙΙ.
1008 139 1135 185 Part.
1157 135 1210 187 II,
1224 137 1417 212 Qaestio
1440 139 1750 190 LXXXVIII.
1763 145 1862 189 Art.
1878 143 1959 189 IV.

307 204 586 242 ordinationiilli
602 231 615 248 2
631 215 702 250 que
714 205 811 239 utilis
828 205 876 240 cst
893 216 1030 242 aeternae
1048 205 1265 242 beatitudini

307 256 557 303 consequende
586 268 597 295 ς
632 256 813 288 intantum
844 266 881 289 ut
899 254 1087 289 venialiter
1110 267 1263 301 peccans

308 304 402 342 hanc
423 307 547 341 utilem
570 305 838 339 ordinationem
867 304 1078 351 posthabeat
1093 330 1102 340 .
1131 307 1261 342 Evenit

307 367 428 392 autem
441 367 481 391 ut
498 366 543 390 ex
572 353 721 389 alituum
736 355 1035 401 multiplicatione
1061 357 1264 403 promptior

306 405 479 442 reddatur
495 406 657 452 potentia
671 404 714 440 ad
728 405 929 440 consimiles
943 405 1045 441 aetus
1056 406 1242 452 ponendos
1254 431 1265 448 ,

307 456 343 496 &
370 457 483 501 magis
511 454 694 502 magifque
722 454 968 492 deleetabilius
994 468 1164 504 operetur
1194 457 1267 492 cir-

262 529 271 538 .
305 517 348 543 ea
365 505 514 543 eandem
526 507 736 542 materiam.
765 508 988 555 Qanquam
1012 518 1135 544 autem
1159 509 1267 542 innu-

307 570 403 597 mera
421 556 572 591 venialia
587 568 660 592 non
686 568 827 604 aequent
845 570 956 594 unum
980 559 1130 594 mortale
1155 560 1193 597 in
1210 569 1267 593 ra-

306 605 561 643 tioneoffensae
574 606 655 642 Deo
671 609 780 643 illatoe
793 634 805 650 ,
821 609 906 654 quia
932 607 1107 645 stantibus
1119 611 1189 647 illis
1205 620 1268 645 ve-

307 658 460 695 nialibus
482 684 495 700 ‚
522 656 610 694 stare
635 656 750 706 potest
776 659 982 705 {impliciter
1007 662 1196 697 converfio
1222 657 1266 693 ad

306 707 597 747 ultimumfinem
615 735 624 749 ‚
651 720 763 755 quam
776 711 920 757 penitus
951 722 1062 746 unum
1086 711 1263 747 mortale.)

304 760 489 805 abrumpit
524 760 558 795 8(
605 759 751 795 destruit
773 785 786 803 ,
829 760 1071 796 nihilominus
1113 762 1267 798 facilitas

308 808 571 857 stupet-induerat
596 811 767 857 potentiae
793 810 836 846 ad
863 811 1085 859 operandum
1114 822 1267 850 contra-s

306 859 342 893 id
359 886 369 901 ,
397 860 497 906 quod
525 860 615 899 utile
631 860 679 896 est
691 861 822 898 divinae
840 863 908 908 legi
925 861 1104 898 servandae
1121 890 1133 906 ‚
1148 864 1267 901 mino-

305 915 382 946 rem
397 910 587 958 experitur
606 913 885 959 repugnantiam
900 939 910 954 ‚
927 913 1038 960 ipsam
1065 915 1133 949 Dei
1152 915 1267 961 legem

301 960 583 1007 transgrediendi
595 963 857 999 committendo
868 975 990 999 contra
1005 963 1269 1005 ordinationem

301 1011 528 1047 necessariam
540 1011 669 1059 conseq
678 1014 820 1049 uutioni
833 1014 950 1050 ultimi
962 1013 1186 1061 finis.Quare
1199 1031 1272 1056 non

302 1061 354 1099 est
365 1062 547 1110 dispositio
563 1063 604 1097 ad
627 1065 743 1101 actum
757 1065 812 1099 vel
840 1064 1005 1100 habitum
1029 1064 1188 1112 ejusdem
1207 1081 1270 1114 ge-

302 1114 403 1149 neris
415 1112 502 1156 ‚zsed
514 1112 695 1160 disponit,
709 1115 763 1149 vel
779 1114 917 1150 facilem
935 1118 1269 1166 promptioremque

302 1163 420 1201 reddit
436 1164 631 1211 potentiam
645 1165 686 1200 ad
699 1164 905 1200 exeundum
927 1166 960 1200 in
976 1165 1094 1201 auum
1117 1170 1269 1206 alterius

298 1217 442 1260 generis
469 1216 503 1251 8(
533 1215 683 1252 rationis
708 1241 717 1256 ,
750 1228 876 1261 nempe
907 1216 941 1250 in
970 1217 1096 1252 ordine
1124 1218 1267 1256 offensae

296 1266 460 1307 divinar,
490 1264 567 1301 esto
586 1267 620 1300 in
646 1278 775 1312 genere
805 1268 912 1301 moris
947 1264 989 1300 ad
1022 1268 1181 1305 eamdem
1210 1283 1266 1307 re-

296 1317 423 1363 gulam
439 1344 450 1360 ,
471 1317 505 1355 8(
534 1317 707 1353 virtutem
730 1317 927 1362 regulatatn
953 1316 1075 1354 dicant
1100 1320 1264 1358 ordinem

297 1367 613 1415 &oppositionem
638 1392 646 1401 .
683 1370 764 1403 Hoc
795 1366 908 1411 ig'tur
935 1367 1068 1413 pacto,
1095 1373 1263 1409 veniale...

299 1428 490 1464 peccatum
513 1418 558 1463 ad
583 1419 735 1454 mortale
761 1416 972 1465 patrandum
993 1417 1259 1474 dispositionem

299 1466 369 1505 effe
382 1469 580 1516 probatur.

450 1569 961 1610 ARTICULUS
1028 1574 1100 1613 lv.

304 1687 308 1691 ·
323 1669 462 1706 Utrum
477 1681 666 1718 peccatum
691 1670 829 1707 veniale
841 1672 942 1719 poffit
961 1673 1038 1710 fieri
1052 1676 1201 1711 mortale
1217 1702 1226 1713 .
1255 1708 1257 1711 .

346 1770 478 1807 Doffor
490 1770 573 1809 locis
593 1776 631 1809 in
642 1774 818 1818 margine.
842 1774 903 1807 cit.
919 1772 961 1808 S.
981 1774 1077 1810 Tam.
1106 1785 1136 1812 t.
1162 1783 1194 1809 2.

643 1835 677 1871 q.
695 1824 756 1858 88.
773 1831 844 1857 art.
861 1833 900 1868 4.

414 1923 537 1960 ldctur
551 1923 690 1960 veniale
710 1933 897 1969 peccatum
927 1923 1004 1960 fieri
1028 1927 1126 1973 posse
1152 1939 1250 1963 mor-

420 1975 511 2011 tale.
532 1974 671 2011 Etenim
686 1974 965 2017 delcetationes,
985 1988 1065 2021 quae
1085 1978 1165 2014 sunt
1183 1978 1248 2015 in„

294 2030 480 2062 voluntate
495 2036 667 2073 tanquam
685 2026 787 2072 primi
807 2036 950 2068 motus,
981 2028 1136 2064 venialia
1164 2041 1250 2077 pec-

291 2089 369 2113 cata
391 2087 604 2121 reputantur
618 2102 629 2117 ,
658 2073 714 2111 sed
732 2076 924 2111 accedente
940 2077 1050 2124 pleno
1077 2081 1248 2114 volunta-

288 2129 335 2165 tis
361 2126 558 2169 consensu,
585 2138 671 2162 mox
697 2127 859 2163 mortalia
889 2138 1035 2171 peccata
1067 2131 1244 2172 evadunt3

288 2191 373 2227 ergo
392 2177 734 2226 venialepeccaturn
758 2177 800 2213 de
829 2177 924 2213 facili
947 2179 1103 2216 evadere
1128 2182 1246 2228 potest

286 2229 439 2268 mortale
452 2254 463 2263 .

390 2281 593 2321 Praeterea,
618 2280 739 2316 Aetus
763 2279 923 2316 crebroa
948 2281 1107 2326 potentia
1134 2280 1247 2316 eliciti

286 2332 464 2367 inducunt
474 2328 725 2377 dispositiones
743 2356 755 2372 ,
767 2331 801 2366 &
818 2340 860 2362 ex
875 2330 926 2365 eis
940 2330 1085 2366 tandem
1097 2331 1244 2366 habitus

285 2393 479 2427 generatur
494 2381 529 2415 in
546 2379 617 2428 ipsa
634 2395 646 2424 3
661 2381 717 2418 sed
731 2380 868 2415 dmum
881 2391 996 2427 nuper
1007 2381 1056 2417 est
1071 2409 1080 2423 ,
1093 2383 1244 2417 venialia

286 2432 355 2469 effe
381 2432 627 2482 dispositiones
660 2430 825 2479 respetff'tu
844 2433 1051 2467 mortalium
1077 2444 1244 2479 peccato-

286 2495 366 2519 rum
383 2497 394 2525 ς
417 2495 507 2530 ergo
520 2482 592 2531 ipsa
611 2484 764 2520 venialia
780 2481 1006 2527 frequentius
1022 2485 1190 2531 replicata
1208 2485 1242 2519 in

286 2537 436 2571 mortale
452 2534 619 2570 videntur
632 2533 846 2571 commutari
864 2544 1053 2578 peccatum
1070 2560 1079 2569 .

389 2586 567 2621 Praeterca
581 2611 591 2626 ,
621 2585 722 2632 Aug,
752 2583 890 2632 Mhi!
908 2583 992 2619 adeo
1006 2585 1145 2621 veniale
1169 2583 1241 2630 cst,

288 2637 380 2684 quod
389 2633 654 2684 nonpoffitfieri
675 2635 845 2683 mortale,
865 2634 947 2671 dum
959 2634 1074 2683 placet
1087 2662 1096 2670 .
1126 2637 1241 2684 Qod

288 2688 397 2732 igitur
420 2687 487 2724 fuit
512 2687 651 2721 veniale
681 2714 692 2730 ‚
731 2686 883 2721 evadere
913 2685 1029 2731 potest
1066 2688 1239 2723 mortale.

291 2738 388 2774 idem
409 2737 472 2775 lib.
489 2737 533 2772 de
544 2735 782 2778 Pmaitencia,
811 2738 964 2783 loquens
979 2736 1021 2772 de
1038 2738 1240 2774 venialibus

289 2790 421 2827 Omnia
438 2789 509 2824 haec
525 2813 536 2828 ,
562 2789 680 2834 inquit
699 2811 712 2830 ,
728 2787 1039 2833 fimulaggregata
1056 2811 1067 2831 ‚
1080 2787 1238 2836 quopla-

291 2852 332 2876 ra
338 2838 429 2886 sunt
446 2867 457 2883 ,
479 2837 723 2886 velutscabs'es
735 2846 885 2879 necant,
913 2848 980 2874 out
1003 2837 1161 2875 decorem
1175 2838 1238 2884 sa-

286 2892 352 2927 ciei
363 2890 488 2927 nofffrae
502 2893 741 2927 exterminant
764 2914 773 2923 .
802 2889 960 2926 Videtur
992 2901 1078 2935 crgo
1102 2889 1181 2926 serffi
1191 2890 1236 2927 {se

286 2942 430 2978 evenire
444 2940 538 2989 poffe
567 2952 605 2975 ut
629 2943 777 2977 venialia
809 2938 909 2975 simul
939 2951 1133 2986 aggregata
1161 2940 1236 2976 effi-

286 2994 504 3028 ciantunum
535 2992 692 3027 mortale
708 3018 716 3027 .
745 2991 880 3025 Totius
905 3003 1026 3027 autern
1046 2993 1232 3038 aggregati

286 3045 321 3079 8<
347 3043 504 3089 partium
541 3053 821 3088 aggregatarnm
862 3053 933 3076 non
963 3042 1103 3078 diversa
1132 3067 1144 3085 ‚
1173 3042 1231 3077 sed

284 3092 407 3129 eadem
424 3092 617 3129 substantia
635 3092 683 3128 est
700 3107 712 3134 ‚-
743 3104 828 3136 ergo
845 3093 984 3128 veniale
1015 3093 1047 3128 8(
1077 3095 1233 3130 mortale

284 3144 406 3179 eadem
423 3145 491 3180 effe
508 3143 651 3191 possunt
666 3145 699 3178 in
718 3143 916 3180 substantia
932 3168 940 3177 .

384 3195 522 3231 Contra
539 3221 550 3237 ,
573 3196 608 3232 Si
624 3196 762 3230 veniale
777 3194 867 3232 effici
895 3194 1005 3238 posset
1023 3196 1233 3237 mortale23

284 3241 394 3288 igitur
409 3257 469 3281 aut
486 3247 519 3280 id
532 3257 656 3282 verum
676 3247 759 3282 esset
783 3245 825 3280 de
852 3244 1020 3290 aauquo
1048 3257 1233 3294 peccatur,

285 3304 347 3327 aut
363 3295 403 3329 de
417 3298 551 3332 macula
565 3296 733 3332 derelicta
755 3298 787 3331 in
817 3297 910 3330 anim
926 3308 943 3329 a
963 3308 1024 3341 per
1052 3296 1204 3332 actum-³
1219 3325 1232 3335 .

283 3345 372 3379 Non
386 3345 562 3390 primum3
581 3348 669 3394 quia
693 3348 793 3382 aestus
817 3345 880 3380 iste
902 3347 1053 3382 venialis
1072 3347 1142 3382 fuit
1162 3372 1173 3388 ‚
1194 3348 1229 3383 ἃ

284 3392 402 3427 fiendo
417 3396 561 3431 transit:
594 3397 650 3432 sed
682 3397 870 3443 postquam
891 3397 1029 3431 transiit
1049 3424 1060 3439 ,
1084 3409 1150 3432 nec
1167 3399 1233 3432 ite-

281 3453 360 3477 rum
387 3442 427 3478 fit
454 3446 630 3487 venialis,
654 3459 718 3482 nec
747 3448 927 3487 mortalis,
961 3459 1042 3481 cum
1075 3448 1230 3494 amplius

282 3504 353 3528 non
369 3493 431 3534 stt;
448 3494 480 3529 §Q
497 3496 543 3529 ita
556 3498 689 3542 paritor
703 3497 746 3532 de
765 3497 930 3543 quolibet
949 3496 1030 3532 netu
1050 3497 1204 3534 venialis
1222 3524 1231 3535 .

282 3545 365 3579 Nec
385 3543 577 3580 secundnm
603 3558 613 3581 τ
643 3548 843 3582 Probatur.
874 3550 973 3584 Nam
1000 3550 1142 3584 macula
1171 3548 1233 3584 de-

281 3593 440 3628 formans
457 3595 572 3630 anima
582 3609 611 3629 m
629 3607 698 3630 non
715 3597 984 3643 derelinquitur
1012 3598 1073 3633 nist
1090 3611 1133 3634 cx
1147 3599 1231 3634 auu

285 3645 421 3690 peccati
436 3646 592 3680 mortalis
613 3658 625 3686 ;
651 3658 736 3693 crgo
749 3659 988 3693 quaecumque
1020 3647 1084 3683 smt
1109 3650 1231 3684 venia-

278 3694 327 3729 lia
348 3721 358 3735 ‚
385 3693 581 3731 dnmmodo
613 3707 683 3732 non
707 3697 913 3744 praecell'crit
932 3700 1080 3733 mortale
1098 3726 1108 3740 ,
1132 3711 1235 3735 notu.

278 3745 497 3790 relinquitur
510 3746 648 3782 macula
666 3748 818 3783 animam
833 3747 1039 3781 dcl‘rirmans
1055 3775 1063 3783 .

383 3795 599 3842 Respondeo
627 3795 817 3833 dicentium
840 3824 848 3838 ‚
879 3798 1014 3831 wnialc
1043 3809 1230 3846 peccatum

389 3845 482 3880 Tem.
503 3845 570 3880 ῙΙῙ.

2119 162 2140 203 3
2158 164 2181 192 2
2198 165 2214 195 1

1336 205 1413 242 fieri
1431 217 1500 240 non
1519 206 1615 252 poffe
1631 209 1806 244 mortale.
1838 211 2046 245 Dec-larario
2062 225 2070 247 ε
2089 215 2285 256 veniale„

1337 258 1370 290 &
1389 257 1540 290 mortale
1555 256 1632 291 sunt
1658 258 2030 303 improportionabilia
2055 265 2088 297 in
2117 266 2287 304 ratione„

1337 304 1484 341 malitiae
1508 307 1564 341 vel
1596 305 1738 342 offensae
1766 309 1918 343 dia-inae.
1940 310 2042 346 'Nam
2060 313 2198 348 infinita
2225 328 2286 350 ve-

1337 356 1474 391 nialiafi
1494 356 1603 392 essent
1622 383 1633 398 ,
1659 369 1731 392 non
1745 365 1972 405 aequarentur
1994 362 2056 395 uni
2088 367 2228 399 mortali
2251 366 2285 404 in

1336 408 1475 442 ratione
1490 405 1632 443 offensae
1652 435 1660 442 .
1689 410 1832 444 Etenim
1848 410 2017 445 omnibus
2035 411 2132 447 simul
2148 409 2286 450 intelle-

1335 454 1403 491 ἕὶίε
1414 458 1618 493 venialibus
1633 483 1645 499 ‚
1672 457 1739 493 stat
1756 459 1960 506 {impliciter
1974 462 2160 497 conversio
2177 465 2219 498 ad
2234 465 2286 500 ul.

1335 506 1462 547 timum
1476 506 1582 543 finem
1609 520 1671 554 per
1692 509 1904 544 charitatem
1922 536 1932 551 ‚
1961 522 2072 556 quam
2099 524 2285 558 quaecum-

1333 568 1406 602 que
1420 558 1825 596 venialiademeritorie
1853 560 1897 595 ab
1923 562 2038 595 anima
2061 574 2132 598 non
2157 565 2284 599 exclu-

1334 606 1427 644 dunt
1445 633 1453 642 .
1484 609 1612 645 Unum
1629 621 1748 648 autem
1765 612 1914 647 mortale
1928 608 2126 657 fimpliciter
2153 615 2283 650 avertit

1334 658 1380 692 ab
1391 658 1521 701 ultimo
1535 658 1606 697 fine
1620 688 1631 703 ‚
1653 660 1823 708 pellitque
1834 663 1882 697 ab
1895 662 2010 697 anima
2024 662 2282 706 charitatem-2,

1333 709 1433 747 &ita
1446 721 1568 750 revera
1580 713 1802 758 „cuicumque
1818 713 1961 748 mortali
1981 714 2187 760 rependitur
2209 726 2283 760 poe-

1333 771 1378 794 na
1394 759 1515 798 damni
1530 763 1931 810 ,ultraproportionem
1949 763 2128 800 excedens
2143 776 2282 808 poenam

1335 813 1538 852 venialibus
1551 814 1719 850 omnibus
1731 813 1890 850 debitam
1909 841 1914 847 .
1948 815 2034 850 Haec
2053 817 2188 862 quippe
2204 813 2284 850 fini-

1335 872 1372 898 ta
1388 862 1468 905 est3
1493 864 1552 900 illa
1564 864 1817 901 extenditurin
1833 863 2013 901 infinitum
2034 891 2043 899 .
2060 867 2152 910 Ergo
2166 876 2284 901 atten-

1337 923 1374 947 ta
1386 914 1521 950 ratione
1538 916 1680 960 malitlae
1695 914 1883 961 utriusque
1901 939 1915 958 ‚
1940 916 2035 950 nulla
2049 915 2098 951 est
2111 917 2203 951 inter
2213 928 2284 952 ea.»

1335 965 1550 1010 proportio;
1567 975 1667 1010 *ergo
1678 964 1752 1002 fieri
1767 976 1839 1003 non
1869 965 1983 1012 potest
1999 976 2036 1000 ut
2050 978 2160 1002 unum
2185 965 2284 1002 aliud

1337 1012 1492 1056 evadat,
1527 1025 1568 1050 ut
1604 1015 1743 1051 veniale
1777 1016 1812 1051 in
1840 1017 1985 1051 mortale
2006 1028 2169 1065 erumpat
2189 1043 2202 1061 ‚
2244 1017 2280 1053 8(

1336 1064 1454 1100 multo
1471 1065 1620 1102 minuse
1632 1065 1807 1102 converso
1825 1093 1834 1102 .

1341 1154 1343 1156 ,
1439 1114 1600 1159 Rursus,
1625 1116 1767 1159 Aous,
1795 1128 1871 1164 quo
1886 1120 2069 1155 venialiter
2094 1129 2281 1165 peccatur,

1334 1164 1772 1214 phyficelpraeterlabitur
1790 1194 1801 1210 ,
1831 1180 1994 1204 manente
2008 1170 2151 1204 interim
2166 1181 2282 1205 mora-

1334 1216 1414 1252 liter
1441 1217 1475 1253 8(
1491 1220 1697 1257 virtualiter
1713 1246 1721 1259 ,
1743 1219 1799 1254 vel
1827 1219 1935 1255 etiam
1965 1220 2282 1267 interpretativa,

1332 1266 1529 1315 quousque
1542 1282 1613 1304 non
1629 1269 1793 1306 deleatur
1808 1269 1841 1304 8(
1857 1268 2072 1306 τεετειέὶεῑυι·
2090 1295 2097 1305 .
2111 1270 2282 1317 Obliqui-

1331 1323 1384 1352 tas
1408 1329 1526 1356 autem
1549 1322 1707 1356 mortalis
1733 1321 1868 1367 peccati
1891 1331 1972 1355 nata
1989 1320 2038 1357 est
2060 1320 2197 1356 efficere
2221 1333 2283 1369 per

1330 1367 1410 1404 se&
1428 1370 1544 1416 primo
1572 1370 1690 1407 acium
1709 1371 1816 1406 libere
1844 1371 2002 1406 elicitum
2030 1384 2048 1406 a
2079 1372 2281 1413 voluntate,

1328 1420 1476 1455 nolente
1506 1422 1757 1468 obtemperare
1784 1421 1961 1457 mandatis
1994 1421 2185 1469 superioris
2215 1434 2284 1457 vo·

1330 1470 1480 1506 luntatis
1495 1496 1504 1506 .
1522 1472 1575 1507 Ut
1589 1471 1761 1518 igiturilli
1775 1471 1871 1507 aaut
1884 1483 1964 1507 nata
1984 1472 2034 1509 est
2054 1471 2159 1509 inesse
2176 1474 2282 1508 recti·

1325 1520 1418 1555 tudo
1435 1522 1468 1557 8(
1489 1522 1697 1565 bonitas,ita
1711 1521 1821 1558 eidem
1839 1524 1970 1568 pariter
1987 1525 2019 1559 8<
2034 1524 2282 1569 obliquitas&

1326 1571 1464 1606 malitia
1482 1597 1491 1606 .
1520 1570 1640 1619 Atqui
1655 1573 1755 1608 aetus
1775 1598 1785 1614 ,
1799 1584 1875 1617 quo
1885 1575 1967 1620 quis
1984 1574 2147 1621 peccavit
2160 1577 2283 1611 venia-

1327 1621 1435 1663 liter,
1464 1634 1536 1658 non
1553 1623 1771 1669 estamplius
1798 1622 1902 1669 supra
1921 1651 1932 1665 ,
1965 1624 2021 1660 sed
2044 1626 2113 1659 alio
2132 1626 2282 1661 omnino

1324 1670 1409 1708 aaa
1421 1684 1592 1720 peccatur
1607 1674 1828 1714 mortaliter3
1852 1686 1938 1720 ergo
1954 1687 2025 1710 non
2041 1676 2088 1715 est
2103 1674 2203 1711 afius
2229 1677 2282 1715 af-

1326 1722 1442 1758 fetfflxs
1466 1724 1713 1770 obliquititate
1737 1726 1851 1770 culpae
1889 1726 2038 1761 venialis
2068 1726 2124 1760 ille
2153 1752 2162 1765 ‚
2203 1737 2279 1772 quo

1323 1784 1423 1809 nunc
1439 1784 1610 1821 peccatur
1623 1775 1824 1810 mortaliter
1842 1775 1922 1815 3sed
1949 1778 2044 1811 alius
2071 1778 2217 1811 omnino
2233 1779 2279 1813 ab

1322 1824 1412 1859 illo:
1444 1835 1510 1859 nec
1526 1826 1755 1861 reatusillins
1779 1827 1914 1862 transiit
1944 1826 1978 1862 in
2001 1837 2136 1862 reatum
2161 1829 2278 1874 culpae

1321 1875 1486 1910 mortalis
1502 1901 1512 1913 ,
1534 1876 1617 1922 quia
1638 1887 1675 1910 ut
1691 1874 1888 1912 deductum
1919 1876 1969 1912 est
2002 1878 2100 1924 prius
2116 1900 2130 1919 ‚
2158 1880 2280 1913 omnia

1319 1924 1477 1960 venialia
1493 1925 1593 1960 fimul
1624 1925 1842 1963 considerata
1858 1954 1870 1970 ,
1898 1939 1969 1964 non
1997 1937 2139 1975 aequant
2151 1940 2280 1975 pecca-

1319 1985 1398 2011 tum
1413 1987 1525 2012 unum
1545 1978 1696 2013 mortale
1714 2003 1722 2013 .

1423 2025 1610 2075 Denique,
1630 2027 1749 2063 Acius
1765 2027 1972 2075 frequenter
1985 2029 2279 2077 alicitigenerant

1321 2076 1487 2114 habitum
1506 2079 1541 2116 in
1557 2079 1718 2126 potentia
1736 2079 1953 2115 habituabili
1968 2107 1979 2122 ,
2002 2093 2047 2116 ex
2059 2093 2135 2126 quo
2150 2081 2277 2117 habitu

1321 2129 1382 2165 ille
1395 2130 1551 2175 acquirit
1567 2129 1776 2165 facilitatem
1789 2131 1950 2166 exeundi
1972 2132 2006 2165 in
2032 2131 2133 2167 aelus
2146 2132 2218 2166 limi
2231 2133 2278 2168 les

1320 2181 1471 2216 illorum
1484 2207 1496 2222 ,
1523 2188 1569 2217 ex
1584 2181 1721 2226 quibus
1741 2182 1885 2227 genitus
1898 2181 1968 2216 fuit
1987 2194 1999 2221 3
2021 2182 2130 2227 idque
2145 2182 2275 2218 nedum

1320 2231 1371 2268 est
1388 2243 1514 2266 verum
1530 2232 1574 2266 de
1592 2231 1734 2267 aeribus
1751 2232 1852 2267 bonis
1869 2258 1879 2273 ‚
1903 2233 1936 2268 8(
1954 2233 2052 2267 malis
2068 2259 2077 2274 ‚
2096 2232 2152 2275 sed
2167 2234 2274 2269 etiam

1320 2279 1611 2316 indifferentibus
1631 2306 1640 2315 .
1668 2280 1787 2317 Aaus
1817 2294 1904 2327 ergo
1925 2283 2063 2328 quibus
2089 2285 2274 2321 venialiter

1320 2341 1590 2378 peccunt-,cum
1609 2330 1900 2377 frequentiantur
1914 2333 1947 2367 &
1965 2334 2182 2379 replicantur
2194 2362 2204 2377 ,
2220 2337 2272 2380 gi-

1322 2392 1437 2427 gnunt
1463 2381 1610 2427 quidem
1637 2381 1803 2417 habitum
1830 2383 1863 2418 in
1889 2382 2075 2430 potentia,
2101 2397 2181 2421 cum
2206 2387 2269 2422 lint

1322 2430 1437 2468 causae
1450 2434 1643 2474 naturaleS‚
1655 2445 1731 2478 quo
1746 2434 1901 2479 porentia
1918 2435 2109 2470 inclinatur
2123 2437 2165 2471 ad
2180 2438 2268 2473 alios

1321 2484 1424 2518 astus
1438 2483 1620 2530 ponendos
1636 2496 1647 2523 3
1671 2482 1729 2519 sed
1745 2484 1808 2529 qui
1823 2483 1886 2519 {int
1901 2484 2027 2519 similes
2053 2487 2120 2521 illis
2133 2513 2143 2527 ‚
2171 2487 2266 2523 unde

1319 2533 1384 2580 effe
1400 2535 1536 2580 accepit
1554 2547 1566 2575 ;
1588 2545 1773 2580 nequeunt
1789 2545 1873 2579 ergo
1888 2535 2057 2571 inducere
2073 2537 2114 2570 ad
2143 2550 2269 2583 pecca-

1320 2596 1398 2621 tum
1420 2585 1597 2628 mortale,
1623 2585 1867 2620 autinclinare
1884 2585 2025 2620 adillud
2043 2613 2052 2627 ,
2081 2599 2163 2622 cum
2190 2589 2268 2624 haec

1318 2647 1466 2684 peccata
1482 2647 1668 2683 tantopere
1683 2636 1773 2671 inter
1786 2634 1818 2669 se
1832 2636 1863 2671 se
1873 2635 2054 2671 diflideant
2068 2663 2076 2672 .

1422 2686 1479 2722 Ad
1501 2696 1713 2731 argumenta
1727 2710 1739 2718 .
1769 2687 1829 2723 Ad
1860 2688 2016 2733 primum
2040 2713 2050 2727 ‚
2082 2698 2180 2734 patet
2219 2701 2267 2725 ex

1317 2735 1420 2771 dietis
1434 2763 1442 2776 ,
1472 2740 1568 2775 Nam
1584 2738 1753 2783 quamvis
1765 2738 1863 2782 quod
1877 2748 1950 2772 erat
1968 2738 2104 2773 veniale
2121 2751 2165 2773 ex
2192 2739 2266 2775 sur-

1317 2787 1483 2834 reptione
1502 2812 1514 2831 ‚
1542 2799 1603 2823 aut
1635 2798 1781 2834 propter
1808 2800 1879 2823 non
1907 2788 2047 2834 plenam
2076 2789 2265 2826 adverten-

1315 2838 1401 2880 tiam
1419 2839 1570 2874 rationis
1584 2866 1594 2880 ,
1611 2837 1676 2873 fiat
1693 2840 1840 2874 mortale
1854 2840 2042 2873 accedente
2061 2841 2164 2884 pleno
2179 2852 2264 2875 con-

1315 2888 1415 2924 sensu
1431 2889 1628 2928 voluntatis
1648 2915 1659 2930 ‚
1685 2889 1719 2924 8(
1738 2888 1931 2924 deliberata
1945 2889 2081 2924 ratione
2095 2891 2189 2926 ref-,ie
2204 2904 2264 2938 ap-

1314 2939 1765 2988 prehendentemalitiam3
1790 2940 1824 2975 id
1839 2949 1958 2974 tamen
1986 2951 2054 2973 non
2079 2941 2126 2975 est
2142 2968 2151 2982 ‚
2174 2943 2260 2987 quia

1314 2991 1453 3026 veniale
1467 2991 1619 3026 evaserit
1633 2991 1782 3026 mortale
1801 3018 1809 3031 ,
1838 2989 1892 3024 scd
1906 2990 1992 3036 quia
2020 3002 2259 3035 praetereunte

1313 3042 1443 3077 veniali
1462 3039 1758 3084 succeffitaffiis,
1788 3039 1894 3086 cujus
1915 3040 2045 3074 malitia
2063 3043 2260 3076 contrarii-

1313 3091 1595 3133 rurlegidivinae
1612 3119 1621 3133 ‚
1645 3093 1677 3126 8(
1708 3091 1931 3127 ordinationi
1961 3091 2158 3127 necessariae
2183 3092 2259 3127 adi·

1312 3141 1487 3189 piscenda:
1504 3153 1643 3178 aeternae
1664 3140 1789 3177 saluti.

1411 3192 1471 3227 Ad
1486 3192 1679 3228 secundum
1694 3191 1884 3227 dicendum
1900 3218 1911 3234 ‚
1944 3193 2086 3237 Utique
2105 3204 2164 3237 per
2197 3206 2257 3229 ve-

1310 3243 1421 3279 nialia
1445 3241 1582 3290 disponi
1613 3243 1808 3289 potentiam
1830 3243 1872 3278 ad
1906 3244 2164 3290 prolabeutlum
2193 3245 2257 3280 irt„

1312 3294 1463 3330 mortale
1478 3305 1666 3342 peccatum
1686 3306 1696 3334 3
1723 3304 1793 3327 non
1810 3295 1893 3340 quia
1908 3305 1953 3328 ex
1970 3294 2021 3328 eis
2041 3295 2190 3329 mortale
2207 3295 2257 3330 sc-

1310 3354 1446 3392 quatur
1458 3356 1668 3391 peccatum,
1695 3343 1792 3389 quafi
1810 3343 1995 3386 effeftive,
2019 3355 2056 3378 ut
2078 3344 2178 3379 aetus
2204 3345 2258 3379 di.

1309 3406 1444 3431 cuntur
1462 3395 1626 3430 habitum
1645 3394 1783 3430 efficere
1799 3418 1812 3437 ‚
1836 3397 1869 3431 8(
1885 3397 1911 3430 is
1943 3394 2064 3430 rursus
2092 3396 2124 3429 in
2154 3395 2256 3432 aetus

1308 3446 1485 3481 influere:
1502 3445 1557 3482 sed
1578 3440 1775 3493 disponunt
1790 3471 1800 3486 ‚
1818 3446 1851 3481 8(
1871 3445 2045 3481 facilitant
2058 3447 2257 3492 potentiam

1309 3496 1498 3532 scuverius
1516 3524 1524 3538 ,
1550 3495 1630 3531 sunt
1658 3497 1833 3543 proxima:
1861 3497 2065 3532 occasiones
2095 3497 2144 3530 illi
2175 3507 2257 3542 pro-

1307 3546 1658 3591 grediendiulterius
1679 3573 1690 3589 ‚
1717 3546 1752 3581 8(
1781 3546 1973 3582 labendiin
1994 3547 2151 3581 facinora
2176 3557 2256 3593 gra-

1309 3598 1407 3631 viora
1426 3623 1436 3637 ‚
1459 3599 1491 3633 ἃ
1512 3596 1668 3633 laetltalia
1683 3623 1694 3637 ,
1719 3597 1826 3632 vitam
1841 3598 1965 3633 anima:
1977 3597 2169 3631 auferentia
2191 3609 2200 3636 3
2218 3608 2257 3631 ut

1310 3648 1358 3684 cst
1375 3647 1523 3683 evidens
1537 3649 1572 3682 in
1588 3647 1734 3684 materia
1746 3646 1834 3683 furti
1851 3674 1862 3689 ,
1889 3648 1922 3683 8(
1938 3648 2011 3681 aliis
2025 3646 2180 3692 objcfiis
2197 3672 2206 3680 .

2324 255 2357 280 4.
2367 245 2428 276 dina
2440 256 2470 273 ιι
2480 265 2487 273 .
2497 256 2527 283 q.

2332 294 2341 311 1
2351 302 2358 311 .
2369 288 2394 312 6.
2408 286 2524 313 smali-

2327 324 2414 350 udm.
2427 332 2458 358 4.

2319 2047 2347 2067 2.
2358 2040 2418 2068 dist.
2433 2048 2510 2078 4¹·⁶·

2315 2079 2358 2105 Ad
2382 2081 2411 2106 ul
2415 2088 2424 2107 t
2429 2081 2514 2110 imum

2311 2117 2467 2157 principale
2478 2140 2487 2148 .

2312 2314 2338 2340 3·
2352 2306 2412 2335 dist.
2427 2316 2463 2342 ³9
2474 2313 2511 2341 -ε,

2310 2345 2362 2373 Sed
2384 2346 2426 2375 hic
2442 2349 2510 2385 sunt

2308 2385 2360 2411 duo
2392 2386 2476 2414 dubia
2498 2406 2509 2416 ·

2309 2423 2344 2449 V·
2355 2425 2508 2461 Confirua-

2305 2467 2354 2491 lu?
2366 2481 2376 2491 0

2309 3655 2411 3684 Εκέὶᾶι
2435 3657 2484 3686 de-

1409 3697 1468 3735 Ad
1497 3699 1641 3733 tertium
1667 3722 1680 3739 ‚
1726 3697 1822 3734 Cum
1853 3698 1900 3733 ait
1940 3697 2096 3744 August.
2125 3698 2261 3746 thl
2294 3695 2412 3723 clarano
2429 3699 2486 3724 Λιι-

1313 3748 1398 3783 adeo
1411 3748 1465 3782 cfl
1477 3747 1616 3783 veniale
1630 3775 1640 3789 ‚
1663 3747 1757 3795 qnod
1771 3747 1915 3791 mmfiat
1929 3747 2073 3782 mortale
2085 3747 2168 3781 dum
2181 3749 2257 3794 pla·

2289 3734 2454 3763 rimi-iratum

2291 3772 2488 3802 indm-“inritum

1311 3808 1365 3833 cet
1383 3823 1390 3830 .
1420 3800 1571 3834 Evcnirc
1592 3797 1705 3845 potest
1724 3810 1954 3844 peramorcm
1969 3799 2016 3833 rei
2030 3809 2157 3833 cre-ata:
2173 3811 2256 3844 pcc-
2287 3813 2486 3850 emugnlhuo.

1659 3850 1682 3881 S
1711 3860 1725 3880 s
2147 3859 2203 3881 ca·—
