2628 4011
79 3289 188 3325 vidzd,
199 3294 279 3338 glos.

76 3328 280 3404 mat„

681 168 842 216 Tamus
861 167 940 217 III.
962 168 1068 221 Par.
1085 165 1142 214 II.
1160 162 1351 239 Qaestio
1369 165 1589 216 LXXXI.
1599 168 1701 216 Art.
1721 166 1757 214 Ῑ.

2070 173 2174 225 '285

262 246 335 278 ‘Per
348 243 527 285 peecatum
539 266 550 281 ‚
561 238 676 291 inquit
688 235 804 281 :quod
817 233 991 280 originale
1006 236 1232 276 dicinaliuff
1292 246 1394 283 paena
1409 232 1583 281 pleGiendi
1603 235 1721 273 forent
1739 260 1748 269 .
1762 234 1884 273 Minoi·
1907 247 2027 274 autem
2053 236 2244 286 perspicua

264 291 464 339 intelligere
479 300 608 335 nequeo
623 299 661 329 m
674 286 749 333 ipsis
761 286 963 332 infantibus
979 310 988 324 ,
1005 286 1206 332 m'fisaflam

260 352 329 393 per
344 341 619 381 inobedientiam
635 337 707 372 Ad
712 350 733 370 ι’
746 339 896 385 iustitiae
911 336 1038 380 debitat
1066 337 1215 373 nudita-

267 403 364 435 tem3
381 401 442 437 per
457 402 560 437 quam
576 387 781 434 omne-ssime
796 387 874 431 filii
886 390 950 430 irae
964 412 973 422 .
988 390 1067 427 Hac
1081 386 1216 435 suppo-

271 445 337 483 fita
359 436 474 488 culpae
498 439 686 485 originalis
708 439 955 482 notificatione
981 462 994 480 ‚
1019 437 1217 474 declaratio

270 488 691 537 Theologicafialutionis
704 490 752 526 est
775 491 838 527 ista
853 516 862 525 .
879 489 1120 540 Qicumque
1150 490 1220 524 ho-

273 546 409 586 minum
433 541 616 583 communi
645 543 699 577 via
729 552 1008 591 propagatorum
1048 538 1220 588 prescfert

269 591 613 644 justitiaeoriginalis
628 592 756 629 debitae
782 592 1003 633 carentiam3
1028 602 1113 638 ergo
1139 592 1222 640 qui.

269 654 429 693 eumque
443 654 488 678 ex
505 641 556 678 eis
569 641 725 689 nascitur
739 644 924 689 obnoxius
938 644 1048 691 culpae
1062 641 1222 689 origi'na0.

269 697 296 735 li
311 709 320 734 ς
336 692 449 743 Qod
465 703 585 729 autem
600 692 768 739 homines
782 694 824 730 de
842 694 984 732 Adamo
1003 704 1091 739 prov
1101 695 1222 739 enien-

270 756 325 789 tes
351 744 488 791 justitia
521 754 664 780 careant
699 746 868 791 originali
892 772 904 787 ,
938 743 1127 787 evidenter
1143 771 1154 786 ,
1184 744 1220 780 &

270 794 462 833 necessario
478 794 632 839 infertur
645 806 691 831 ex
705 796 864 842 e0,quod
879 794 1019 841 justitiae
1035 794 1223 840 originalis

270 844 459 888 effectibus
502 844 667 889 destituti
696 858 821 884 omnes
851 846 1107 887 inveniantur3
1135 856 1223 887 ergo

273 899 310 934 in
324 897 383 933 his
400 898 570 935 omnibus
597 896 694 939 abest
717 898 820 933 causa
846 897 1111 942 contrariorum
1139 893 1223 932 effe·

272 948 580 992 &uuinA-livero
595 946 811 995 potisiimum
839 958 937 983 erant
963 955 1033 994 pax
1072 948 1103 983 81
1128 957 1227 981 tran-

275 1000 440 1046 quillitas
457 1011 584 1044 magna
599 999 689 1033 inter
705 1011 842 1046 partem
856 999 1062 1038 rationalem
1087 998 1120 1033 S<
1150 996 1229 1033 sen-

276 1048 414 1091 sitivam
434 1076 446 1091 ,
472 1049 617 1093 scientia
644 1059 763 1085 rerum
787 1050 1002 1093 naturalium
1018 1074 1029 1094 2
1057 1049 1140 1090 irem
1162 1049 1229 1083 im„

277 1102 417 1148 perium
435 1100 540 1147 super
569 1100 688 1137 omnia
712 1101 904 1137 animantia
931 1109 1057 1143 terrae,
1083 1099 1230 1134 immor-

279 1151 401 1189 talitas
419 1152 551 1188 &c.De
562 1163 633 1196 qua
652 1161 687 1187 re
702 1149 821 1191 aQum
846 1147 1140 1198 t,p.,q.94.95.&
1164 1147 1228 1192 96.

281 1201 379 1239 Hinc
411 1201 532 1238 scribit
556 1198 751 1238 Ani'eimus
780 1199 850 1236 loco
872 1203 933 1236 cit.
960 1200 1053 1236 Non
1090 1196 1231 1243 accusat

271 1249 469 1299 spontanea
483 1262 589 1301 quam
596 1249 846 1297 ficitjtqsti'tiae
861 1250 1011 1297 desertio
1023 1275 1033 1290 ,
1046 1261 1107 1284 nec
1115 1247 1233 1296 persh-

282 1312 344 1339 ηας
359 1303 504 1347 excufiit
521 1300 975 1350 recuperandiimpotentia
996 1325 1005 1340 ‚
1026 1309 1063 1335 ut
1078 1299 1233 1335 declarat

282 1363 360 1400 cap-
380 1364 414 1389 2.
433 1345 613 1408 Quium
634 1351 776 1400 ipsefibi
789 1352 1032 1401 impotentiam
1057 1349 1143 1390 fecit·
1172 1348 1234 1386 Δεο.

277 1401 612 1455 serendojustitiam
628 1406 665 1439 in
677 1403 803 1452 primis
812 1398 1019 1451 parentibus
1034 1428 1041 1439 ‚
1056 1412 1095 1443 m
1108 1400 1236 1446 quibus

286 1462 360 1490 tota
376 1463 509 1493 natura
521 1462 601 1493 erat
617 1482 628 1498 ‚
654 1453 838 1500 &semper
851 1452 1013 1489 debitrix
1037 1450 1085 1499 est
1105 1449 1238 1485 hahere

282 1504 494 1554 poteflatera
506 1535 517 1550 ,
552 1517 656 1553 quam
670 1505 719 1541 ad
729 1498 1239 1550 observandamfhmperjttsti-.

288 1556 379 1593 tiam
391 1559 526 1607 accesit
542 1583 552 1599 ,
1065 1554 1069 1558 ’
1132 1554 1137 1557 “

396 1609 449 1645 Ex
462 1610 595 1655 quibus
608 1605 838 1643 concluditur
852 1606 1017 1643 debitum
1045 1605 1080 1638 in
1104 1615 1240 1651 parvu-

290 1657 331 1694 lis
347 1656 505 1694 habendi
532 1658 705 1705 justitiam
734 1657 944 1702 originalem
966 1682 976 1697 ,
1017 1666 1240 1702 propterea„

293 1707 393 1754 quod
411 1708 529 1747 Adam
543 1708 681 1755 accepit
698 1719 764 1755 pro
781 1707 813 1743 se
840 1710 873 1744 Sc
899 1721 964 1747 rto
991 1717 1068 1742 tota
1095 1716 1240 1747 natura,

287 1769 371 1805 qux,
384 1768 470 1796 tunc
487 1760 614 1796 eratin
632 1771 675 1795 eo
690 1785 700 1799 ,
727 1757 975 1803 ideoquejure
1005 1759 1106 1792 Deus
1126 1757 1241 1802 exigit

290 1821 310 1845 Β
325 1818 400 1844 ῑΟἶᾶ
415 1820 542 1846 natura
561 1811 597 1846 in
614 1820 853 1857 quocumque
869 1810 1044 1855 reperitur
1057 1819 1119 1853 pel·
1133 1815 1257 1850 gene-*⁸

291 1858 468 1900 rationem
494 1861 655 1897 derivata
671 1887 682 1902 ‚
703 1857 877 1906 justitiam
896 1885 907 1902 ‚
935 1871 1043 1906 quam
1076 1859 1242 1893 humanae

290 1920 429 1946 naturae
445 1911 612 1948 existenti
632 1911 666 1946 in
681 1909 823 1948 Adamo
845 1937 854 1951 ‚
879 1911 1052 1954 elargitus
1065 1907 1244 1950 effiadeo-

295 1970 336 1996 ut
351 1958 459 2007 juxta
476 1964 628 1998 eundem
650 1960 856 1997 Anselmum
871 1969 941 2005 rap.
963 1971 996 2006 7.
1025 1959 1140 1995 Adam
1161 1970 1244 2006 pec-

294 2022 378 2046 cato
391 2010 454 2047 suo
471 2013 650 2060 personali
667 2011 819 2047 nudavit
837 2023 1000 2046 naturam
1018 2008 1154 2054 justitia
1183 2010 1244 2044 de-

293 2063 399 2104 bita;
431 2074 518 2107 ergo
544 2065 580 2100 in
601 2073 837 2109 quocumque
859 2062 943 2097 fecit
969 2072 1134 2097 naturam
1175 2073 1244 2096 nu-

295 2111 375 2148 dam
392 2140 404 2156 ‚
430 2113 538 2157 efficit
562 2113 707 2151 eandem
734 2113 943 2157 debiti-Iceni
970 2111 1118 2159 justitiae
1139 2123 1244 2154 acce-

294 2173 368 2212 ptae
382 2164 417 2205 in
437 2163 580 2208 Adamo
597 2191 607 2200 .
972 2162 981 2167 “

397 2216 532 2261 Neque
548 2217 708 2252 debitum
725 2214 849 2256 hocin
880 2213 1031 2264 posteris
1059 2216 1146 2253 Adae
1178 2229 1245 2253 ex«

296 2263 479 2307 cluditur,
506 2267 528 2303 fi
546 2267 694 2303 dicatur
709 2293 719 2306 ‚
746 2276 910 2303 naturam
928 2266 963 2301 in
980 2265 1129 2314 posteris
1156 2267 1244 2303 Adae

299 2313 611 2364 extitissequidern
629 2316 664 2352 in
692 2317 755 2353 illo
785 2316 995 2355 causaliter,
1019 2315 1077 2352 sed
1102 2327 1243 2352 tantum

301 2364 501 2403 secundum
516 2379 659 2403 carnem
679 2381 690 2409 3
716 2377 751 2401 ar
769 2365 890 2412 quoad
907 2366 1131 2404 voluntatem
1148 2393 1159 2408 ,
1183 2378 1249 2401 cu-

300 2413 363 2460 jus
381 2415 487 2453 solius
500 2416 547 2453 est
563 2418 723 2462 recipere
736 2414 904 2462 justitiam
922 2443 935 2459 ‚
956 2417 988 2453 8<
1005 2415 1157 2453 fundare
1183 2416 1248 2451 de-

301 2464 415 2502 bitum
433 2465 585 2506 habendi
598 2468 692 2504 illam
711 2495 721 2511 ,
748 2466 815 2503 esse
835 2467 972 2513 nequiit
991 2467 1026 2503 in
1042 2468 1159 2513 primo
1179 2467 1247 2502 bo·

301 2515 397 2552 mine
411 2520 500 2554 utin
513 2517 643 2560 causa;
669 2531 738 2554 non
751 2518 959 2554 excluditur
975 2543 985 2558 ‚
1008 2517 1173 2565 inquam,
1186 2517 1247 2552 de.

305 2565 422 2602 bitum
453 2569 523 2608 hoc
558 2568 730 2616 responso
760 2594 770 2609 ‚
800 2579 865 2604 nec
893 2566 1054 2607 Anselmi
1083 2567 1247 2605 doetrina

300 2614 541 2662 infringitur;
564 2619 675 2665 idque
688 2618 837 2654 ostendo
852 2617 898 2652 sic
920 2643 932 2660 ,
961 2619 1082 2654 Omne
1110 2619 1247 2655 donum

300 2664 350 2701 est
363 2664 526 2704 debitum
543 2669 642 2714 quod
665 2671 764 2705 Deus
780 2668 933 2714 largitur
947 2670 1137 2706 voluntate
1154 2683 1250 2706 aute·-

300 2716 449 2752 cedente
464 2744 474 2760 ,
499 2717 584 2754 idest
602 2729 779 2765 quantum
797 2719 845 2760 est
858 2731 903 2755 ex
915 2729 1015 2759 parte
1030 2722 1097 2756 Dei
1113 2721 1251 2757 donan-

304 2766 352 2801 tis
380 2766 449 2803 fine
474 2766 615 2815 speciali
639 2768 802 2820 gratia&
821 2770 970 2812 merito,
994 2773 1161 2816 quamvis
1177 2784 1248 2808 non

299 2817 493 2854 voluntate
516 2819 758 2866 consequente
785 2846 797 2862 ‚
829 2820 879 2856 ob
918 2820 1250 2866 impedimentum..

299 2869 473 2904 obortum
489 2881 536 2910 ex
555 2881 657 2917 parte
676 2871 882 2916 recipientis
897 2881 908 2910 ε
923 2870 992 2907 <ed
1016 2871 1161 2909 Adamo
1190 2885 1251 2908 ac-

299 2918 457 2963 cipiente
471 2917 644 2965 justitiam
658 2948 670 2964 ‚
685 2919 834 2969 filiisque
850 2921 930 2968 ejus
941 2924 1111 2963 omnibus
1125 2923 1251 2963 datum

301 2967 351 3004 est
367 2969 462 3005 idem
476 2969 611 3010 donum
627 2971 816 3012 voluntate
830 2975 895 3014 Dei
910 2973 1143 3010 antecedente
1157 3002 1169 3016 ,
1185 2974 1250 3010 sci-

300 3019 384 3055 licet
398 3047 409 3062 ‚
434 3031 616 3068 quantum
635 3031 710 3058 erat
724 3033 768 3057 ex
795 3035 895 3069 parte
921 3025 1131 3071 largientis;
1165 3026 1251 3073 quia

298 3071 388 3105 citra
402 3075 509 3107 om'ne
525 3074 691 3108 meritum
704 3070 901 3114 collaturus
912 3087 985 3117 erat
1002 3074 1255 3127 justitiam,ni-

301 3120 466 3158 siadesset
492 3123 818 3170 impedimentum;
845 3137 932 3170 ergo
954 3138 1001 3162 ex
1031 3127 1250 3165 collatione>

303 3170 396 3208 faeta
425 3172 540 3219 primo
563 3174 727 3218 parenti,
752 3173 817 3210 filii
843 3175 925 3211 inde
952 3177 1133 3223 progeniti
1157 3177 1257 3217 debi,

305 3232 402 3258 tores
415 3221 508 3269 juste
526 3222 731 3260 asseruntur
746 3222 895 3268 justitiae
913 3226 958 3262 lic
972 3226 1064 3266 datae
1079 3252 1089 3266 ,

414 3273 586 3308 Probatio
610 3272 784 3319 majoris:
804 3278 897 3312 Nam
921 3278 1100 3323 accipiens
1124 3279 1256 3313 volun.

310 3331 416 3359 tatem
433 3324 466 3359 &
485 3324 635 3369 gratiam
655 3351 664 3366 ‚
687 3324 769 3360 licet
786 3326 816 3360 ei
834 3338 903 3365 non
922 3327 1026 3365 detur
1037 3340 1128 3374 opus
1152 3329 1257 3363 meri-

314 3373 447 3409 torium
461 3374 496 3408 in
512 3373 544 3409 se
560 3399 573 3417 ‚
602 3375 661 3412 seu
678 3377 865 3412 voluntate
885 3377 1255 3427 consequente,datut

315 3423 508 3460 sibitamen
526 3425 712 3462 voluntate
737 3426 970 3463 antecedente
1007 3430 1041 3465 81
1075 3430 1108 3467 iu
1134 3428 1254 3470 causa,

315 3485 396 3520 quae
409 3472 458 3507 est
472 3473 637 3510 voluntas
652 3477 763 3520 gratia
779 3487 904 3512 ornata
923 3489 936 3518 ⁶,
957 3490 996 3513 ac
1013 3478 1165 3519 subinde
1177 3490 1257 3524 gra·

315 3526 400 3559 tiam
414 3524 588 3569 recipiens
603 3526 744 3561 debitor
756 3526 804 3562 est
815 3539 965 3573 operum
978 3528 1258 3575 bonorumqiii.

314 3575 385 3610 bus
399 3572 588 3608 servantur
599 3574 719 3610 divina
736 3577 900 3614 mandata
913 3604 922 3618 ‚
948 3579 981 3614 3<
997 3580 1033 3614 in
1051 3590 1131 3624 quar
1142 3578 1258 3625 potest

314 3624 430 3659 homo
468 3623 581 3671 gratia
611 3626 676 3661 Dei
708 3637 921 3671 cooperante
948 3628 1066 3667 secum
1086 3655 1096 3670 ,
1128 3628 1259 3665 adeout

315 3674 484 3710 amittens
510 3674 659 3719 gratiam
686 3676 720 3710 8<
747 3676 954 3724 frequenter
982 3690 1160 3725 peccans,
1187 3691 1257 3714 non

315 3723 424 3761 modo
440 3736 502 3769 pro
532 3727 655 3770 gratie
682 3727 862 3764 amissione
892 3729 1066 3775 punitur,
1093 3741 1260 3764 verume-

315 3777 402 3811 tiam
424 3785 488 3820 pro
511 3775 782 3821 transgressione
811 3779 1060 3816 mandatorum
1078 3780 1262 3819 nehauo-

315 3826 406 3873 quin
420 3826 484 3871 qui
507 3824 712 3872 frequenter
725 3827 758 3862 8<
774 3829 836 3873 qui
853 3840 933 3864 raro
964 3828 1160 3876 peccassent
1183 3830 1261 3878 pari

1303 285 1352 321 est
1368 285 1575 330 .Siquidem
1602 286 1679 330 lege
1701 286 1823 321 divina
1848 287 2021 325 statutum
2059 298 2157 334 erat,
2179 294 2244 338 ‘per

1300 337 1443 372 Patrem
1460 333 1667 372 transfundi
1682 336 1891 381 originalem
1905 335 2076 383 justitiam
2090 339 2124 373 in
2138 333 2245 381 filios,

1302 386 1363 424 nili
1382 395 1622 434 apponeretur
1634 387 1728 422 obex
1744 399 1805 433 per
1822 399 2007 435 peccatum
2035 403 2045 424 ι
2069 400 2140 424 non
2163 391 2246 435 qui-

1299 437 1380 472 dem
1393 436 1480 485 quia
1494 447 1602 485 opera
1618 437 1773 483 parentis
1789 435 1959 483 justititia
1983 438 2053 486 ipsa
2066 438 2246 475 derivare-

1298 498 1359 524 tur
1372 489 1407 522 in
1423 485 1516 527 filios
1531 510 1544 530 ‚
1568 498 1650 522 cum
1665 486 1703 522 fit
1719 486 1853 524 donum
1873 487 2155 536 supernaturale3
2173 489 2246 525 Sed

1302 539 1388 586 quia
1403 536 1508 585 Deus
1525 536 1598 584 ipse
1610 548 1824 584 cooperatur
1846 539 1880 578 in
1904 539 2107 575 universum
2126 539 2245 581 dando

1300 588 1480 637 justitiam
1499 589 1718 635 propagatim
1732 588 2037 635 quemadmodum
2051 588 2157 623 modo
2169 589 2246 624 ani-

1298 640 1392 680 'marn
1407 636 1663 676 intellectivam
1680 650 1774 675 creat
1789 639 1822 674 8<
1837 641 1980 689 corpori
2009 638 2162 690 perfecie
2185 651 2247 675 ot-

1297 692 1474 738 ganizato
1488 689 1645 726 infundit
1658 718 1666 735 ‚
1906 695 1909 697 '

1302 742 1305 746 ’
1407 738 1522 787 Posset
1541 739 1746 789 responderi
1763 769 1775 786 ,
1800 740 1973 790 disparem
1987 739 2054 775 else
2068 739 2245 776 rationem

1297 791 1342 829 de
1359 793 1484 831 debito
1511 790 1679 838 sequente
1703 794 1854 839 gratiam
1888 792 2053 827 collatam
2083 789 2247 837 respeC-tu

1298 854 1454 890 operum
1469 842 1644 878 bonorum
1657 869 1670 889 ,
1687 846 1719 880 8<
1735 844 1778 880 de
1789 842 1926 890 justitia
1940 841 2084 880 Adamo
2096 840 2245 888 desuper

1300 893 1417 935 infusa
1434 919 1446 933 .
1472 894 1639 930 Gratiam
1659 890 1844 942 quippe're
1861 892 1931 942 ipsa
1947 893 2057 928 homo
2081 892 2214 938 recepit
2229 918 2243 933 ,

1300 943 1334 978 8<
1352 955 1423 978 una
1441 943 1658 989 sequebatur
1669 945 1830 983 debitum
1846 943 2062 991 cooperandi
2091 942 2216 987 gratiae
2231 967 2242 978 .

1300 992 1352 1034 At
1366 993 1457 1029 Adae
1473 992 1605 1040 posteri
1623 1006 1806 1042 nunquam
1821 993 1955 1041 justitia
1969 994 2135 1039 originali
2154 1004 2243 1039 prae.

1297 1042 1364 1079 diti
1381 1043 1670 1084 nascuntur;non
1688 1045 1765 1086 sunt
1781 1057 1868 1094 ergo
1881 1046 2060 1083 debitores
2088 1043 2243 1086 habendi

1298 1094 1408 1132 illam.
1425 1097 1506 1134 Nos
1520 1093 1672 1136 dicimus
1686 1096 1753 1131 liae
1771 1097 1899 1143 replica
1919 1108 1989 1132 non
2007 1094 2151 1140 infringi
2170 1095 2246 1130 vim

1298 1143 1456 1185 inducia:
1474 1145 1621 1188 rationis
1635 1173 1642 1181 .
1674 1151 1770 1185 Nam
1787 1148 1848 1183 ern
1883 1148 1971 1184 Ade
1987 1144 2118 1193 posteri
2132 1155 2250 1180 >noti-

1302 1196 1499 1239 receperint
1527 1196 1726 1242 aliquando
1758 1195 1930 1241 iustitiam
1956 1197 2250 1243 originalem‚ut

1300 1247 1508 1282 ammittens
1521 1247 1674 1293 gratiam
1696 1247 1805 1299 reipsa
1821 1250 1986 1296 oportuit
2003 1257 2080 1283 eam
2103 1245 2253 1292 recipis-

1304 1296 1338 1333 se
1352 1324 1360 1333 .
1391 1299 1563 1342 Attamen
1577 1297 1677 1340 sicuti
1691 1301 1878 1337 voluntate
1893 1296 2127 1339 antecedente
2151 1298 2251 1332 Deus

1302 1349 1455 1394 largiens
1470 1349 1736 1396 gratiam‚dedii
1756 1350 1901 1387 babenti
1918 1360 2026 1396 opera
2052 1347 2249 1388 meritoria,

1302 1399 1484 1436 {vadando
1514 1401 1632 1447 primo
1655 1399 1793 1438 homini
1809 1401 1981 1447 justitiam
1997 1427 2008 1442 ‚
2036 1398 2159 1435 eadem
2188 1408 2254 1432 vo-

1305 1450 1443 1494 luntate
1459 1450 1696 1487 antecedente
1711 1452 1808 1488 dedit
1822 1454 1856 1488 8<
1874 1451 2023 1500 posteris
2040 1447 2120 1494 ejus
2147 1446 2254 1493 justi-

1302 1502 1390 1540 tiam
1410 1528 1419 1542 ‚
1444 1501 1597 1537 daturus
1614 1504 1719 1537 etiam
1735 1504 1920 1539 voluntate
1934 1499 2186 1549 consequenti,
2200 1498 2255 1533 Πῑ·

1306 1551 1329 1596 si
1343 1551 1641 1603 impedimentum
1658 1553 1843 1592 invenisset
1856 1579 1866 1595 2
1905 1554 1986 1590 Stat
2003 1563 2088 1599 ergo
2114 1549 2255 1585 utrobi·

1306 1615 1378 1648 que
1389 1602 1511 1638 eadem
1528 1603 1619 1644 ratio
1635 1602 1748 1643 debiti
1767 1629 1775 1638 .
1792 1603 1916 1650 Atque
1935 1602 2112 1651 supposita
2128 1598 2255 1640 catho-

1307 1654 1370 1694 lica
1389 1654 1539 1687 veritate
1552 1678 1563 1694 ,
1592 1653 1623 1688 8<
1640 1653 1855 1690 Sannorum
1870 1653 2155 1691 authoritatibus
2168 1673 2181 1693 ‚
2207 1650 2256 1684 ita

1308 1715 1373 1740 nos
1388 1702 1642 1738 declarandum
1662 1712 1830 1748 putamus
1847 1706 1880 1740 in
1897 1704 1987 1749 Adae
2003 1702 2149 1750 posteris
2174 1711 2257 1746 pec-

1310 1766 1431 1789 catum
1448 1753 1621 1799 originale
1637 1778 1648 1792 ‚
1662 1754 1732 1790 five
1743 1757 1935 1792 carentiam
1952 1752 2096 1800 justiti„
2124 1751 2255 1787 debitce

1309 1804 1515 1840 transfundi
1534 1829 1544 1844 ,
1565 1802 1651 1850 quia
1669 1807 1868 1851 acceptaein
1882 1816 2028 1851 parente
2049 1804 2165 1851 primo
2182 1827 2194 1842 ‚
2219 1801 2256 1837 &

1313 1855 1461 1901 posteris
1478 1851 1558 1900 ‘jus
1571 1855 1739 1890 omnibus
1753 1855 1842 1892 datae
1861 1866 1878 1890 a
1898 1854 1979 1897 Deo
1994 1855 2182 1891 voluntate
2196 1863 2260 1886 an-

1311 1906 1500 1947 tecedente
1518 1930 1527 1947 ,

1417 1958 1569 2002 Propter
1585 1954 1801 1998 solutionem
1818 1967 2133 2003 argumentorum,
2153 1955 2263 1992 scien-

1311 2006 1398 2041 dum
1414 2007 1610 2052 dupliciter
1625 2008 1777 2055 intelligi
1791 2008 1884 2056 posse
1901 2008 2075 2056 justitiam
2100 2007 2264 2043 debitam

1312 2056 1381 2098 effe
1396 2083 1405 2093 -
1425 2058 1512 2093 Uno
1534 2056 1640 2092 trodo
1657 2084 1668 2100 ,
1693 2059 1780 2105 quia
1797 2060 1830 2095 in
1849 2059 1883 2095 se
1899 2070 2070 2107 accepta,
2101 2060 2136 2095 8(
2152 2057 2265 2093 afflo-

1313 2121 1356 2146 ne
1369 2108 1584 2149 accipientis
1596 2108 1711 2147 amissa
1733 2135 1740 2144 .
1761 2110 1927 2147 Secundo
1942 2110 2030 2157 quia
2055 2119 2203 2156 accepta
2229 2107 2267 2141 in

1314 2159 1409 2202 alio,
1438 2159 1471 2193 8<
1487 2160 1696 2204 operatione
1709 2161 1798 2196 mala
1813 2161 1956 2197 alterius
1981 2160 2168 2209 deperdita
2182 2158 2269 2206 ,Ju-

1316 2221 1380 2246 xta
1397 2210 1551 2251 priorem
1585 2209 1806 2246 inteileehim
1830 2221 2016 2257 peccatum
2045 2212 2185 2248 aEitiale
2212 2210 2265 2244 in-

1315 2260 1417 2307 justit
1437 2273 1455 2294 a
1478 2260 1527 2295 est
1560 2262 1793 2307 carentiaqiie
1818 2259 1966 2307 justitiae
1983 2290 1993 2297 .
2012 2262 2081 2299 Sed
2095 2260 2263 2310 posterio-

1320 2311 1349 2349 ri
1368 2310 1467 2345 sensu
1484 2311 1659 2353 originale
1682 2310 1730 2346 est
1763 2313 1920 2347 carentia
1950 2310 2095 2357 justitia>
2123 2312 2268 2348 debitae.

1315 2363 1442 2405 Quare
1455 2362 1559 2407 culpa
1575 2360 1649 2395 haec
1667 2362 1779 2406 magis
1795 2361 2001 2398 assimilatur
2013 2372 2268 2410 peccato,qua-

1317 2411 1339 2449 si
1359 2409 1556 2458 quiescenti
1588 2410 1622 2445 in
1651 2413 1765 2446 anima
1784 2439 1793 2453 ‚
1819 2411 1897 2459 post
1924 2412 2042 2449 :ic-“tum
2080 2412 2266 2451 transcun-

1317 2472 1390 2497 tem
1406 2487 1416 2502 ,
1435 2472 1543 2506 quam
1559 2460 1848 2504 peccatoae'tuali
1874 2488 1883 2502 ,
1920 2462 2019 2509 quod
2045 2464 2193 2513 ponitur
2220 2462 2265 2497 ab

1318 2511 1391 2561 ipsa
1405 2512 1593 2547 voluntate
1607 2524 1779 2559 pecc-ante
1796 2538 1804 2547 .
1820 2513 1888 2548 His
1905 2514 2110 2560 praenotatis
2140 2540 2146 2546 .

1421 2563 1477 2599 Ad
1492 2574 1703 2610 argumenta
1719 2590 1727 2598 .
1744 2564 1801 2599 Ad
1818 2564 1970 2609 primum
1995 2562 2184 2601 dicendum
2200 2574 2267 2598 no·

1319 2612 1628 2655 minevolumarii
1645 2614 1793 2660 intelligi
1826 2612 1918 2658 posse
1942 2626 2049 2650 omne
2074 2614 2108 2650 id
2128 2642 2136 2656 ‚
2164 2612 2266 2660 quod

1320 2664 1420 2702 estin
1443 2666 1652 2705 voliintate3
1681 2665 1736 2699 vel
1763 2674 1867 2713 prout
1896 2665 2137 2700 communiter
2161 2663 2269 2699 sumi-

1319 2728 1378 2751 tur
1395 2743 1405 2757 ,
1428 2716 1460 2750 &
1477 2717 1588 2762 magis
1606 2716 1747 2761 proprie
1760 2741 1771 2758 ‚
1795 2725 1916 2762 proco
1931 2740 1941 2755 ,
1969 2715 2067 2762 quod
2081 2715 2175 2752 cadit
2205 2713 2270 2749 sub

1318 2767 1518 2803 voluntatis
1533 2765 1743 2812 potestatem
1762 2789 1774 2809 ,
1798 2764 2040 2813 quatenusest
2059 2767 2112 2801 vis
2140 2765 2272 2802 acliva.

1324 2818 1447 2855 Primo
1461 2818 1570 2853 modo
1584 2817 1687 2862 culpa
1704 2817 1886 2860 originalis
1900 2815 1969 2851 dici
1997 2816 2110 2863 poiest
2142 2817 2272 2851 volun-

1323 2869 1439 2908 taria3
1467 2866 1516 2904 est
1529 2867 1671 2902 enimin
1687 2867 1878 2902 voluntate
1891 2889 1904 2907 ‚
1936 2866 2081 2914 perinde
2094 2879 2134 2901 ac
2154 2866 2273 2910 quod-

1325 2920 1409 2958 libet
1424 2917 1520 2955 aliud
1536 2928 1722 2964 peccatum
1738 2929 1749 2957 ;
1767 2919 1826 2953 ubi
1845 2915 1958 2953 solum
1977 2918 2152 2964 reperitur
2166 2915 2271 2964 justi·

1325 2972 1373 3008 tia
1388 2996 1398 3011 ‚
1426 2970 1513 3007 sicut
1528 2969 1560 3003 8<
1574 2966 1708 3016 justitia
1726 2968 1773 3005 illi
1785 2965 1947 3015 opposita
1965 2994 1974 3008 ,

1421 3022 1536 3070 Juxta
1553 3017 1782 3065 posteriorem
1796 3020 2040 3063 acceptionem
2054 3043 2063 3057 ,
2086 3028 2270 3065 peccatum

1326 3071 1396 3108 lioc
1409 3083 1480 3105 non
1492 3080 1635 3116 oportet
1653 3068 1719 3105 esse
1736 3070 1981 3104 voluntarium
2017 3068 2078 3114 ipsi
2110 3068 2131 3102 h
2146 3069 2270 3109 ibenti,

1329 3120 1383 3157 sed
1399 3121 1461 3161 sibi
1475 3148 1483 3161 ‚
1512 3121 1568 3161 vel
1587 3120 1645 3160 alii
1658 3147 1667 3160 ,
1693 3119 1828 3155 scilicet
1844 3131 1862 3157 a
1878 3129 1953 3164 quo
1966 3118 2206 3153 committitur
2221 3129 2271 3154 ta-

1327 3174 1359 3208 le
1381 3183 1568 3219 peccatum
1587 3194 1600 3212 ‚
1633 3172 1663 3205 δ’(
1694 3181 1879 3216 utrunque
1907 3169 2032 3205 sufficit
2067 3168 2271 3214 Augustino

1327 3235 1454 3259 contra
1473 3221 1695 3257 Manichaeos
1713 3247 1724 3261 ,
1747 3222 1809 3266 qui
1825 3220 2020 3264 posuerunt
2053 3229 2274 3265 peccatum„

1328 3272 1396 3308 else
1415 3274 1460 3308 ab
1475 3273 1589 3307 anima
1608 3273 1696 3307 mala
1716 3297 1726 3312 ‚
1753 3283 1794 3306 ac
1810 3270 1957 3306 subinde
1977 3269 2184 3316 {impliciter
2219 3281 2277 3303 ne.

1328 3323 1515 3359 cessarium
1533 3349 1542 3363 ‚
1567 3333 1714 3368 propter
1735 3322 1828 3357 illam
1859 3323 2013 3357 animam
2043 3320 2174 3356 malam
2199 3345 2211 3362 ,
2241 3320 2276 3354 Sc

1327 3374 1617 3417 involuntarium
1633 3373 1851 3419 cuicumque
1868 3397 1877 3410 .

1429 3423 1488 3465 Ad
1518 3422 1710 3466 secundum
1746 3421 1943 3469 respondeo
1971 3420 2019 3456 Tc)
2038 3429 2183 3469 peccare
2207 3418 2277 3453 dici

1328 3474 1424 3521 posse
1439 3475 1468 3510 St
1487 3475 1531 3511 de
1545 3486 1587 3509 eo
1607 3502 1615 3515 ,
1639 3473 1702 3519 qui
1717 3477 1834 3509 aetum
1850 3473 2018 3516 peccandi
2037 3473 2130 3506 elicit
2150 3497 2159 3512 ‚
2185 3470 2215 3505 S<
2233 3469 2277 3503 de

1329 3527 1394 3563 illo
1410 3554 1417 3565 .
1430 3527 1494 3572 qul
1512 3523 1676 3560 subditur
1690 3536 1837 3571 peccato
1854 3552 1864 3568 ,
1878 3526 1916 3559 Et
1938 3522 2054 3569 primo
2069 3522 2176 3558 modo
2188 3531 2276 3555 con-

1330 3576 1485 3612 cedenda
1499 3577 1547 3615 est
1572 3573 1715 3609 induc-ta
1742 3574 1944 3610 authoritas
1962 3600 1972 3615 ,
2000 3573 2171 3618 liquidem
2196 3582 2277 3616 par-

1330 3627 1405 3668 vuli
1424 3626 1519 3661 haud
1533 3626 1659 3663 elicere
1672 3637 1814 3674 qiicunt
1830 3626 1948 3666 aetum
1977 3623 2169 3670 peccandi,
2194 3632 2277 3655 cum

1334 3677 1586 3724 peccatum,de
1601 3687 1677 3724 quo
1695 3677 1877 3735 loquimur
1894 3687 1962 3710 non
1986 3674 2025 3709 sit
2042 3675 2179 3712 affluale
2196 3698 2204 3711 ‚
2223 3670 2282 3706 scd

1336 3729 1449 3765 solum
1466 3727 1511 3765 de
1521 3727 1729 3774 parentibus
1744 3740 1778 3763 in
1795 3726 1887 3773 ipsos
1903 3727 2102 3761 derivatum
2133 3751 2141 3760 .
2172 3725 2218 3761 Ar
2235 3723 2283 3759 sc-

1336 3776 1494 3814 cundum
1514 3778 1746 3819 posteriorem
1763 3778 2008 3824 acceptionem
2023 3775 2216 3821 propositio
2234 3775 2285 3810 est

1337 3826 1420 3865 falsa
1436 3854 1447 3870 ,
1469 3827 1532 3863 nisi
1550 3827 1779 3873 intelligatur
1797 3826 1991 3863 universim
2008 3826 2105 3861 sic:in
2124 3837 2166 3861 co
2181 3826 2281 3870 quod

2163 3887 2229 3911 nec

2302 2236 2395 2275 Culpa
2417 2239 2506 2278 origi.

2303 2277 2374 2304 nalis
2417 2279 2506 2317 magis

2302 2313 2465 2344 affiinilatur

2302 2354 2388 2390 culpae
2423 2356 2505 2392 quie-

2301 2391 2383 2419 sce-iti
2408 2393 2433 2420 in
2447 2395 2508 2422 ani-

2304 2440 2350 2457 nia
2395 2439 2506 2467 quatu-s

2301 2477 2417 2507 peccato
2475 2480 2506 2498 a-

2300 2507 2402 2537 duali·

2312 3002 2356 3032 Ad
2372 3005 2514 3032 rationem

2312 3050 2418 3080 pcccati
2431 3061 2439 3074 ,
2453 3052 2511 3069 nou

2313 3090 2459 3117 requiritur
2471 3087 2513 3108 cl-

2313 3122 2366 3146 lein
2381 3121 2513 3155 pote-laic.

2313 3156 2436 3187 habentis
2452 3175 2461 3185 .
