2653 4057
117 446 209 474 Minus
230 444 333 474 nobilis

50 483 51 514 i
97 484 135 512 est
158 484 229 511 ratio
244 504 253 517 ‚
278 495 294 521 q

50 519 51 532 ¹
97 522 223 550 Dcusest
243 522 330 551 beati-

96 560 211 588 ficabilis
224 569 328 598 ‚quam

48 634 49 641 ἵ
96 598 297 628 beatificativus
318 617 328 626 .

157 1349 317 1389 Qomodo

34 1399 35 1406 ¹
74 1392 176 1417 ‘amans
187 1391 243 1418 exit
252 1398 268 1417 a
278 1389 318 1423 se,

33 1439 35 1444 ⁴
82 1428 127 1458 vel
137 1428 167 1458 fit
179 1437 316 1458 amatum.

87 2297 188 2334 Qali's
199 2297 308 2337 illapsus

75 2336 130 2366 Dei
143 2337 170 2366 in
187 2342 283 2368 beatos
296 2342 308 2368 ἓ

92 2615 190 2643 Mutua
203 2614 305 2645 redun-

72 2652 169 2681 dantia
180 2654 306 2688 essentiae‚

16 2714 17 2732 ἶ
72 2691 100 2718 8(
111 2693 242 2728 potentia
254 2703 306 2724 ex·

70 2729 189 2769 plicatur
200 2751 210 2759 .

853 211 1015 263 Tamus
1043 212 1268 265 HLPart.
1285 210 1530 284 LQaestio
1559 215 1646 264 III.
1677 222 1779 271 Art:
1797 220 1857 274 ΙΙ,

357 287 392 320 ὃ(
406 281 624 325 bbni‚adhuc
636 293 708 319 non
723 279 771 316 est
787 280 904 328 major
916 284 1087 320 nobilitas
1100 283 1220 333 hinc‚q
1228 297 1310 321 uam

359 335 441 371 inde
465 347 475 369 ε
504 333 572 368 Sed
586 331 754 380 ponendo
766 334 872 368 tertio
888 333 998 369 modo
1016 361 1026 376 ‚
1053 334 1192 370 ratione
1204 335 1314 372 effen-

357 390 414 425 tiae
427 382 632 422 beatificare
644 382 842 430 objeffive,
854 394 927 419 non
941 384 1087 431 quidem
1101 383 1310 422 fundamen·

357 438 474 473 taliter
486 432 543 468 sed
558 434 753 472 formaliter
767 448 780 476 ;
808 433 1040 470 beatificatur
1054 445 1172 471 autem
1188 437 1312 472 imme.

357 489 452 524 diate
467 485 659 522 secundum
677 486 853 522 rationem
870 484 1076 521 intellectus
1088 511 1100 528 ‚
1129 487 1163 522 8<
1177 487 1309 522 volun-

353 541 437 574 tatis
450 565 459 580 ‚
486 547 628 585 oportet
643 539 793 572 omnino
803 532 948 571 asserere
961 534 1070 581 juxta
1098 536 1309 572 rationem..

353 590 566 626 nobiliorem
585 587 790 624 immediate
814 583 1020 622 beatificare
1037 614 1047 629 ‚
1077 585 1308 623 secundum-2

353 642 473 677 minus
489 639 644 674 nobilem
661 649 746 674 vero
761 635 966 673 immediate
980 635 1049 674 esse
1064 638 1225 674 beatum:
1241 647 1307 672 nec

351 691 403 728 est
419 690 680 725 inconveniens
694 715 704 730 ,
732 686 870 736 aliquid
884 685 1078 724 secundum
1096 687 1308 724 rationeim

351 744 470 778 minus
483 741 638 776 nobilem
650 740 809 786 recipere
821 737 1079 785 perfeffionem
1095 737 1306 780 secundam,

352 803 394 830 ac
408 794 447 832 sit
458 791 656 839 perfeetum
669 790 888 838 perfeftione
899 790 1012 836 prima
1027 816 1037 826 .

448 838 641 888 Superest,
666 851 706 877 tit
735 839 974 876 dissolvantur
990 842 1127 878 motiva
1153 842 1305 889 opinan-

348 896 395 931 tis
419 920 430 930 .
458 892 517 931 Ad
536 892 682 929 modum
698 893 824 939 itaque
852 890 1008 938 ponendi
1035 892 1136 939 quod
1161 892 1304 933 attinet,

347 944 496 980 videtur
506 943 706 980 concedere
717 941 881 990 illapsum
897 943 995 978 illum
1010 940 1087 978 fieri
1113 944 1228 989 primo
1242 943 1307 978 in..

348 995 528 1034 essentiam
543 1023 555 1039 ‚
579 994 676 1030 unde
702 995 751 1030 ibi
771 992 820 1029 est
835 993 1085 1041 principaliter
1113 993 1305 1030 beatitudo

349 1045 539 1083 statuenda
558 1073 569 1082 .
597 1046 740 1082 Dicitur
753 1044 848 1081 enim
862 1070 875 1087 ‚
904 1055 967 1092 per
981 1055 1139 1080 amorem
1152 1072 1162 1087 ,
1176 1043 1306 1092 quiesi:

349 1098 405 1134 vis
421 1096 731 1140 transformativa‚
746 1106 927 1132 amantem
939 1094 1093 1142 incipere
1109 1097 1209 1132 exire
1222 1109 1241 1132 a
1255 1093 1305 1136 se,

347 1150 383 1186 8(
399 1147 468 1185 eli‘e
484 1148 518 1184 id
534 1147 634 1195 quod
652 1150 748 1183 amat
766 1173 777 1188 ,
803 1146 903 1193 quod
918 1148 1064 1182 evenire
1090 1159 1163 1183 non
1188 1145 1306 1194 potest

347 1201 409 1236 nisi
422 1213 484 1248 per
495 1197 875 1238 circuminceffionem3
894 1199 989 1243 Ergo
1002 1208 1065 1245 per
1089 1210 1242 1235 amorem
1257 1198 1297 1234 fit

347 1252 407 1288 illa
419 1250 700 1287 circuminceffio
717 1276 730 1293 ,
762 1249 818 1285 vel
831 1247 976 1295 illapsus
991 1251 1143 1286 amantis
1157 1250 1191 1285 in
1205 1262 1303 1284 ama-

345 1312 424 1337 tum
443 1315 455 1343 ;
484 1302 621 1339 constat
637 1311 760 1336 autem
779 1326 788 1340 ‚
806 1299 1301 1342 amorem‚·x'eldile6'tionem;

346 1353 390 1388 de
406 1354 541 1399 quibus
556 1353 718 1400 loquitur
732 1351 844 1395 Hugo
862 1378 871 1392 2
903 1363 965 1393 per
996 1349 1029 1386 se
1057 1352 1237 1397 pertinere
1258 1351 1301 1386 ad

347 1405 459 1450 ipsam
475 1404 697 1438 voluntatem
710 1429 719 1437 .
733 1400 830 1437 lstud
844 1403 951 1438 etiarn
965 1400 1100 1438 dietum
1114 1399 1181 1447 ase
1206 1407 1309 1440 exire

345 1455 396 1491 est
411 1453 703 1500 metaphoricum
716 1479 727 1495 ‚
752 1451 861 1499 cujus
876 1451 1094 1499 metaphorae
1119 1455 1210 1488 ratio
1240 1455 1305 1498 est,

347 1503 483 1554 quiain
499 1504 711 1551 attingendo
724 1529 735 1545 ,
761 1505 816 1539 vel
832 1503 1078 1552 acceptando,
1104 1506 1161 1540 vel
1179 1518 1306 1552 appre-

350 1555 475 1592 tiando
485 1556 605 1593 verius
622 1555 671 1591 est
687 1565 808 1590 amans
833 1567 991 1601 amatum
1007 1581 1019 1597 ,
1044 1567 1154 1602 quam
1168 1556 1304 1601 ipsum-

349 1616 422 1643 met
436 1629 446 1639 .
461 1606 513 1639 Ex
525 1617 568 1639 eo
583 1616 671 1647 ergo
686 1616 808 1638 amans
821 1609 895 1641 exit
909 1617 1010 1640 extra
1028 1605 1060 1641 se
1082 1618 1094 1646 ;
1109 1619 1185 1653 quo
1200 1607 1303 1644 fuum

350 1654 655 1703 ffparvipendit
669 1655 704 1688 in
720 1655 988 1690 comparatione
1011 1658 1142 1692 amati:
1168 1657 1304 1694 adeout

349 1706 466 1750 magis
481 1713 626 1750 appetat
639 1703 775 1738 destrui
789 1702 853 1748 ‘ffi'
865 1703 967 1738 suum
982 1731 992 1746 ‚
1005 1716 1113 1750 quam
1132 1709 1304 1744 amathi-:t

349 1755 449 1790 hunc
462 1751 680 1789 intellectum
694 1753 794 1800 plane
806 1754 976 1795 exprimit
991 1757 1103 1798 Hugo
1115 1759 1176 1791 ubi
1190 1759 1304 1802 prius.

349 1803 559 1855 Qfolum
573 1830 583 1845 ,
612 1803 781 1849 inquiens
795 1828 806 1843 ‚
833 1805 970 1846 appetit
985 1804 1078 1849 quod
1087 1814 1187 1839 amat
1203 1830 1213 1843 ‚
1228 1808 1305 1849 fi’i-

342 1855 445 1905 psaera
460 1853 608 1900 despicit
620 1856 658 1890 in
669 1855 926 1899 comparatione
935 1851 1036 1888 illius
1055 1879 1065 1895 ‚
1082 1853 1177 1901 quod
1191 1864 1302 1891 amat.

345 1905 460 1958 Qod
489 1905 522 1941 3<
557 1905 701 1942 dixerat
721 1902 950 1948 Augustinus
963 1915 1000 1949 4.
1014 1903 1058 1938 de
1088 1904 1205 1939 Civit.
1220 1916 1302 1953 cap.

345 1960 415 1994 ult.
429 1954 632 1992 Civitatem
648 1955 721 1993 Dee·
735 1953 825 1996 fecit
837 1965 936 1989 amor
955 1955 1030 1990 Dei
1042 1954 1152 2002 usque
1167 1954 1217 1991 ad
1227 1967 1303 1992 con-

345 2005 582 2054 temptumfici
595 2032 605 2042 .
628 2006 796 2043 Amantis
811 2005 1000 2041 nimirum.
1034 2002 1088 2041 Ex
1102 2006 1171 2041 hoc
1182 2018 1302 2044 tamen

345 2070 417 2094 non
431 2057 594 2105 sequitur
604 2058 728 2106 aliqua
755 2054 1038 2093 circuminceffio
1060 2056 1118 2093 vel
1139 2058 1300 2109 illapsuS,

343 2108 432 2146 ficut
450 2109 508 2145 ille
521 2110 640 2155 arguit
651 2135 661 2145 .

443 2160 559 2196 Prima
574 2172 663 2207 ergo
675 2161 767 2196 ratio
782 2159 980 2208 procedens
995 2172 1041 2198 ex
1052 2164 1189 2199 ratione
1222 2163 1300 2199 illa-

338 2210 422 2258 psus
434 2210 538 2246 istius
552 2223 623 2248 non
640 2211 826 2248 concludit
839 2210 1074 2259 propositum.
1092 2212 1173 2249 Esto
1188 2215 1298 2250 etiam

338 2262 439 2309 quod
454 2262 489 2298 in
504 2263 729 2299 beatitudine
743 2262 780 2297 sit
796 2261 943 2309 quidam
958 2260 1119 2310 specialis
1133 2264 1298 2311 illapsus,

337 2313 542 2360 profestois
559 2325 629 2349 non
647 2313 696 2349 est
710 2312 863 2350 essentiae
880 2313 1012 2348 divinae
1031 2315 1066 2350 in
1081 2314 1298 2352 hanceffen-

336 2366 422 2399 tiam
436 2375 474 2400 tit
491 2363 637 2400 essentia
654 2391 664 2408 ,
687 2363 746 2401 sed
759 2365 874 2412 magis
891 2362 1046 2400 essentia:
1061 2364 1194 2401 divinae
1212 2393 1223 2408 ‚
1253 2378 1296 2402 ut

334 2413 472 2460 objeffl
488 2415 647 2452 beatifici
664 2417 697 2450 in
714 2416 808 2451 hanc
822 2443 834 2458 ‚
863 2426 904 2450 ut
915 2415 1154 2461 attingentem
1182 2416 1294 2462 ipsam

333 2464 571 2511 utobjeftum
594 2479 606 2503 z
630 2466 777 2512 attingit
791 2477 910 2503 autem
926 2466 1213 2515 principalius,&
1228 2468 1294 2502 im-

332 2516 523 2553 mediatius
539 2529 602 2566 per
612 2519 814 2566 potentiam
828 2544 838 2557 .

435 2570 551 2620 Qd
563 2570 731 2617 tangitur
748 2569 792 2605 de
804 2566 1041 2605 redundantia
1055 2593 1068 2612 ‚
1093 2581 1175 2617 quae
1204 2568 1244 2604 fit
1272 2582 1291 2605 a

332 2620 446 2665 priori
461 2621 496 2654 in
513 2619 691 2665 posterius
710 2647 718 2662 ‚
732 2632 804 2656 nori
832 2618 933 2663 cogit
949 2645 959 2655 .
990 2624 1085 2658 Nam
1102 2620 1188 2655 nihil
1208 2631 1291 2665 prov

334 2669 433 2707 hibet
450 2693 463 2710 ‚
474 2669 614 2715 aliquid
626 2670 789 2715 respthu
802 2667 961 2716 ejusdem
978 2668 1046 2706 effe
1059 2671 1209 2716 ptum&
1227 2683 1292 2717 ΡΟ-

333 2718 462 2756 sterius
473 2718 544 2754 alio
561 2746 572 2758 .
587 2720 620 2755 &
646 2720 717 2756 alio
740 2721 870 2756 modo.
898 2722 986 2767 Qua
1013 2733 1100 2767 ergo
1126 2723 1292 2765 ratione>

338 2768 475 2818 aliquid
488 2770 591 2816 prius
607 2768 657 2806 est
674 2797 685 2812 ‚
697 2770 814 2818 potest
831 2771 865 2806 id
877 2793 890 2811 ‚
912 2770 1013 2817 quod
1043 2771 1094 2808 est
1121 2772 1183 2807 sibi
1204 2785 1290 2820 pro-

333 2823 452 2869 prium
472 2819 670 2857 redundare
681 2822 727 2858 ab
740 2820 818 2869 ipso
832 2822 867 2857 in
880 2821 978 2857 aliud
992 2849 1001 2861 ‚
1017 2822 1118 2867 quod
1134 2825 1194 2859 tali
1212 2837 1287 2860 mo-

333 2870 441 2908 doest
455 2871 652 2919 posterius=
668 2872 758 2909 sicut
774 2872 856 2909 licet
879 2870 944 2920 effi,²
968 2872 1144 2909 redundet
1168 2876 1202 2910 in
1229 2888 1289 2910 ca-

332 2924 444 2959 lorem
466 2934 486 2957 a
515 2920 712 2960 substantia
729 2951 741 2966 ‚
775 2935 795 2959 e
818 2923 999 2960 converso
1020 2934 1141 2960 tamen
1172 2924 1289 2962 calere

330 2972 420 3010 inest
436 2971 644 3011 substantiae
657 2986 718 3019 per
735 2974 891 3010 calorem
905 3000 914 3010 .
929 2976 962 3009 Si
975 2987 1061 3022 ergo
1073 2974 1176 3011 staret
1194 2979 1289 3023 prio·

330 3026 416 3061 ritas
430 3023 586 3061 essentiae
601 3023 766 3071 respectu
788 3026 957 3070 potentiae
971 3051 980 3065 ‚
996 3025 1030 3062 8<
1056 3024 1129 3061 iiaec
1156 3026 1289 3062 redun-

329 3074 452 3111 dantia
466 3075 568 3111 aetus
587 3075 689 3122 primi
706 3075 925 3122 perficientis
937 3075 1119 3112 essentiam
1138 3090 1149 3118 3
1167 3076 1189 3112 si
1204 3080 1287 3125 quis

331 3124 414 3160 esset
432 3151 442 3167 ‚
456 3125 558 3162 fieret
574 3126 611 3162 in
626 3127 788 3173 potentia
805 3137 950 3164 :tamen
964 3127 1067 3163 aetus
1091 3126 1287 3173 secundus,

329 3177 391 3222 qui
404 3177 522 3223 primo
536 3177 708 3213 convenit
721 3178 891 3223 potentiae
903 3205 914 3221 ‚
937 3177 1155 3214 redundabit
1168 3181 1214 3216 ab
1231 3181 1285 3228 ip-

329 3226 364 3262 sa
382 3226 417 3261 in
429 3226 615 3264 essentiam
631 3253 640 3264 .
671 3227 789 3265 Potest
801 3239 888 3274 ergo
900 3240 945 3264 ex
957 3228 1027 3263 hoc
1052 3230 1157 3274 argui
1169 3243 1284 3278 oppo-

329 3277 434 3313 situm
449 3276 494 3313 sic
512 3277 631 3316 :Illud
647 3276 697 3314 est
711 3279 948 3325 principalius
965 3306 976 3322 ‚
1006 3291 1023 3313 a
1041 3291 1118 3325 quo
1145 3281 1285 3328 aliquid

327 3327 505 3364 redundat
522 3329 557 3364 in
574 3328 671 3365 aliud
691 3341 703 3370 ;
729 3328 786 3365 sed
810 3330 998 3365 beatitudo
1017 3330 1193 3366 redundat
1221 3334 1285 3370 in„

301 3399 305 3402 »
326 3377 510 3415 essentiam
525 3405 538 3422 ,
558 3390 598 3416 ut
616 3378 759 3415 essentia
776 3407 786 3423 ‚
801 3381 846 3414 ab
859 3380 1008 3427 ipsamet
1025 3392 1062 3416 ut
1086 3380 1137 3416 cst
1156 3393 1284 3430 poten·

325 3430 375 3464 tia
396 3455 404 3469 ‚
418 3429 506 3465 sieut
524 3431 558 3466 8<
576 3431 754 3476 attingere
770 3429 959 3472 objeeium
987 3430 1195 3468 beatificum
1220 3435 1284 3470 tali

326 3478 454 3516 ordine
469 3481 641 3528 competit
658 3480 813 3517 effentiae
826 3508 836 3524 ,
861 3482 895 3517 &
915 3484 1084 3529 potentia:
1096 3508 1107 3518 .

431 3529 597 3567 Secunda
613 3532 705 3566 ratio
718 3543 789 3568 non
802 3533 916 3578 cogit:
931 3534 1115 3580 Siquidem
1132 3535 1189 3580 loq
1197 3547 1286 3570 uen-

326 3581 376 3616 do
393 3580 436 3618 de
451 3581 622 3626 perficere
638 3581 835 3619 formaliter
847 3611 855 3625 ‚
874 3583 950 3618 haec
966 3583 1016 3619 est
1034 3584 1114 3620 falsa
1133 3597 1141 3620 ι
1164 3585 1268 3633 Effen

329 3635 383 3668 tia
398 3632 530 3668 divina
540 3631 775 3681 principalius
791 3632 932 3682 perficit
954 3631 1134 3680 effemiam
1147 3662 1156 3676 ,
1180 3648 1286 3683 quam

324 3685 546 3730 potentiam,
563 3685 651 3730 quia
675 3686 773 3720 Deus
795 3697 833 3721 ut
858 3686 1006 3721 illabens
1030 3685 1183 3721 essentia:
1212 3699 1284 3722 non

329 3733 471 3779 perficit
487 3747 563 3770 eam
579 3734 774 3770 formaliter
789 3761 798 3776 ‚
811 3735 868 3771 sed
885 3747 1027 3772 tantum
1050 3736 1139 3772 ficut
1163 3737 1286 3784 aliqua

333 3781 439 3816 causa
457 3784 659 3820 extrinseca
677 3811 687 3825 ‚
701 3797 741 3821 ut
755 3785 939 3833 objeRum
959 3814 967 3829 ,
985 3787 1135 3823 illabens
1163 3799 1285 3823 autern

336 3835 507 3879 potentiae
524 3835 663 3880 perficit
688 3848 764 3871 eam
781 3848 952 3883 tanquam
979 3838 1084 3873 causa
1110 3838 1285 3874 extrinse-

343 3892 386 3918 ca
398 3907 412 3926 ,
426 3893 466 3920 ut
477 3882 663 3930 objectum
680 3912 693 3930 ,
706 3887 742 3924 &
757 3887 898 3936 perficit
913 3900 990 3925 earn
1003 3886 1215 3932 formaliter,
1230 3901 1292 3939 per

0 4027 1283 4057 ξ

1391 292 1440 344 '102
1455 298 1545 321 mam
1562 286 1742 342 catilinam
1757 318 1766 333 ,
1795 304 1874 337 quae
1891 294 1939 331 est
1967 295 2131 336 operatio
2160 298 2339 340 attingens

1390 336 1499 381 ipsam
1513 336 1749 381 utobjeaum
1765 369 1773 377 .
1806 347 1841 381 Si
1860 357 1975 381 autem
1988 345 2102 381 sermo
2117 345 2156 380 sit
2171 346 2213 381 de
2228 349 2337 391 pwfi-

1389 396 1468 420 cere
1480 386 1579 432 quali
1597 399 1782 438 ercunque
1797 395 2025 432 informando
2040 421 2050 436 ,
2065 397 2120 431 vel
2131 396 2246 436 aliter,
2258 407 2334 442 quo

1389 446 1514 471 verum
1532 437 1570 472 fit
1586 464 1597 479 ‚
1613 450 1674 484 pel·
1686 441 1850 491 illapsum
1867 446 1986 480 verius
1998 445 2119 491 perfici
2134 446 2332 489 essentiam,

1387 496 1496 532 quam
1514 489 1708 534 potentiam
1725 506 1735 530 t
1754 506 1797 530 ex
1810 508 1853 531 eo
1868 495 2052 530 {melleetu
2084 509 2155 532 non
2173 497 2335 542 sequitur

1388 537 1610 584 Pfopofitum
1639 552 1652 580 3
1681 546 1765 589 quia
1790 545 1884 581 istud
1912 546 2083 592 perficere
2117 548 2269 586 pertinet
2294 547 2337 582 ad

1386 585 1509 623 at‘stutn
1523 590 1677 637 primurn
1695 606 1707 634 3
1730 606 1802 631 non
1819 596 1867 633 est
1885 609 1970 643 ergo
1998 596 2168 646 perficere
2196 597 2338 633 beatifi-

1388 647 1471 673 cum
1488 664 1498 674 .

1453 739 1460 748 ἱ
1489 691 1607 727 Potest
1626 694 1735 733 etiam
1766 699 1915 743 negari,
1943 700 2062 734 Deum
2090 708 2152 743 per
2174 696 2338 744 illapsum

1384 750 1508 797 yerius
1520 743 1690 788 perficere
1708 746 2017 793 esi‘entiam,quam
2035 748 2336 795 potentiam‚quia

1383 789 1532 837 'Hapsus
1550 794 1583 829 in
1597 793 1778 835 essentiam
1794 826 1804 841 ‚
1829 809 1869 834 ut
1891 799 2035 835 essentia
2054 824 2065 840 ,
2092 798 2140 834 est
2160 798 2337 845 quodam-

1384 841 1495 877 modo
1519 849 1722 885 communis
1745 852 1915 888 omnibus
1942 850 2115 886 creaturis
2143 849 2225 886 licet
2254 850 2332 885 uni-

1383 893 1518 939 cuique
1543 896 1712 934 illabatur
1747 898 1942 936 secundum
1978 899 2132 946 gradum
2167 901 2329 935 entitatis

1383 940 1454 978 suae
1470 955 1480 976 ἑ
1497 945 1566 982 Sed
1585 949 1663 990 ille,
1680 950 1746 995 qui
1771 950 1818 986 est
1844 951 1995 988 effentiae
2010 978 2020 994 ,
2049 961 2088 985 ut
2115 950 2252 996 objecti
2271 951 2336 985 in..

1381 996 1580 1040 potentiam
1596 1024 1607 1039 ,
1622 998 1673 1035 est
1688 999 1849 1046 specialis
1863 1015 1996 1039 natur-ie
2013 1001 2257 1038 nobiliffimae:
2284 1000 2335 1036 est

1378 1057 1469 1091 ergo
1481 1047 1613 1095 aliquis
1627 1049 1769 1098 illapsus
1784 1054 1817 1086 in
1836 1053 2032 1100 potentiam
2062 1053 2217 1089 nobilior
2243 1052 2305 1087 illo
2322 1077 2334 1092 ,

1377 1098 1444 1143 qui
1458 1096 1506 1134 est
1523 1100 1557 1133 'in
1575 1099 1757 1137 essentiam
1773 1115 1784 1141 ς
1801 1103 1880 1138 licet
1895 1105 1925 1139 is
1943 1102 2087 1150 illapsus
2103 1130 2113 1145 ‚
2139 1105 2203 1150 qui
2223 1102 2271 1137 est
2298 1103 2334 1138 in

1380 1147 1564 1184 effentiam
1583 1151 1625 1186 ad
1637 1151 1717 1199 effi,
1731 1152 1772 1187 sit
1788 1154 2023 1201 principalius
2041 1153 2210 1195 essentiae,
2223 1162 2329 1197 quam

1378 1201 1572 1245 potentiae,
1595 1204 1648 1237 uti
1666 1204 1699 1238 ¹3.-
1728 1202 1813 1249 effie.
1844 1206 1885 1241 Et
1910 1207 2081 1252 quamvis
2109 1203 2253 1251 illapsus
2279 1202 2321 1238 es

1376 1249 1549 1286 semiaeut
1561 1251 1695 1298 objeffl
1714 1254 1966 1302 pt-esupponat
1981 1254 2145 1301 iilapsum
2173 1254 2325 1291 effenriae

1375 1311 1415 1336 ut
1431 1301 1632 1338 intimantis
1648 1303 1681 1340 se
1697 1302 1849 1341 effentiae
1864 1333 1873 1347 ‚
1889 1306 2121 1343 nihilominus
2137 1319 2177 1343 ea
2195 1317 2266 1341 non
2278 1305 2326 1340 est

1373 1353 1439 1387 alia
1456 1350 1754 1401 pra-suppositio,
1780 1357 1812 1392 8<
1844 1358 2008 1405 prioritas
2037 1360 2146 1393 unius
2167 1357 2212 1392 ad
2238 1356 2325 1391 aite-

1375 1415 1477 1443 rum,
1503 1415 1612 1448 quam
1645 1409 1918 1451 generationis3
1944 1421 2015 1444 non
2038 1421 2145 1444 omne
2173 1419 2326 1444 autem...

1374 1455 1477 1502 prius
1488 1458 1742 1501 generatione,
1761 1459 1811 1493 est
1838 1460 1871 1495 8<
1899 1459 2120 1507 perfeetione
2148 1461 2249 1506 prius
2265 1484 2274 1499 ‚
2289 1469 2324 1498 4·

1373 1504 1526 1550 metaph.
1541 1514 1616 1543 tex.
1632 1519 1714 1542 com.
1728 1521 1737 1543 i
1749 1521 1780 1545 r:
1796 1522 1866 1545 non
1882 1512 1976 1547 enim
1994 1511 2091 1547 nrior
2111 1507 2258 1555 illapsus
2276 1507 2327 1545 est

1373 1555 1563 1592 necess-iria
1580 1557 1685 1593 causa
1698 1559 1907 1607 posterioris
1924 1589 1932 1602 ‚
1948 1563 2034 1606 quia
2050 1561 2105 1597 ille
2118 1560 2166 1596 est
2184 1587 2194 1602 ‚
2212 1572 2326 1604 quan-

1372 1606 1420 1642 do
1435 1606 1612 1643 secundus
1629 1609 1752 1645 haberi
1771 1623 1841 1646 non
1859 1612 1973 1656 porest
1988 1641 1995 1653 ‚
2012 1612 2102 1647 utin
2125 1613 2196 1646 via.
2217 1611 2325 1646 Unde

1371 1657 1517 1704 illapsus
1530 1658 1733 1705 simpliciter
1746 1662 1937 1707 perfectior
1952 1676 2021 1698 non
2043 1660 2093 1698 est
2108 1660 2298 1699 beatificus
2314 1673 2327 1700 3

1372 1708 1466 1743 alius
1481 1708 1686 1754 simpliciter
1704 1717 1822 1748 minus
1837 1713 2019 1758 perfeeius
2035 1713 2083 1749 est
2111 1710 2301 1748 beatificus
2314 1736 2324 1746 .

1473 1759 1596 1793 Tertia
1611 1759 1704 1795 ratio
1728 1760 1876 1797 ducitur
1890 1763 1933 1798 ad
1964 1763 2169 1810 oppositum
2188 1788 2200 1804 ‚
2222 1762 2323 1809 Qia

1371 1809 1486 1849 gratia
1501 1809 1707 1843 immediate
1721 1811 1861 1855 perficit
1876 1816 2071 1853 potentiam
2088 1840 2096 1848 .
2123 1826 2194 1848 non
2211 1811 2321 1846 effen-

1370 1855 1453 1888 tiam
1467 1878 1477 1892 ‚
1493 1864 1530 1889 ut
1547 1854 1689 1892 dicetur
1702 1859 1798 1903 infra
1811 1876 1831 1907 q
1854 1873 1867 1897 ι
1885 1876 1924 1899 to
1952 1873 2066 1911 art.4.
2082 1863 2197 1899 forma
2226 1862 2321 1897 enim

1371 1903 1561 1951 perfidem
1574 1905 1707 1952 passum
1726 1935 1737 1949 2
1752 1921 1792 1944 ut
1815 1913 2033 1950 illimitatum
2050 1942 2060 1956 ,
2093 1915 2150 1950 vel
2179 1909 2322 1949 indiffe-

1369 1967 1450 1991 rens
1462 1955 1505 1991 ad
1521 1958 1622 2004 plura
1638 1983 1650 2000 ,
1668 1957 1912 1999 indifferenter
1926 1966 2062 2009 perficit
2080 1963 2192 2010 ipsum
2215 1965 2248 1998 in
2264 1975 2325 1998 or-

1370 2006 1450 2043 dine
1467 2007 1510 2042 ad
1528 2009 1585 2043 illa
1604 2009 1706 2055 plura
1719 2034 1730 2054 ,
1746 2010 1834 2048 sicut
1850 2014 1869 2048 fi
1892 2016 1936 2050 al'i
1949 2028 2009 2060 31¹³·
2028 2015 2142 2050 forma
2170 2012 2320 2062 perfice-

1369 2069 1420 2093 ret
1433 2058 1541 2095 solem
1554 2085 1565 2102 ,
1589 2059 1624 2094 in
1639 2071 1817 2106 quantum
1830 2063 1880 2100 est
1897 2066 2071 2101 illimitate
2089 2065 2230 2102 affivus
2252 2064 2318 2099 res-

1367 2109 1472 2156 peftu
1487 2111 1652 2146 omnium
1669 2111 1882 2150 inferiorum
1898 2145 1909 2159 ‚
1933 2111 2190 2153 indifferenter»
2204 2114 2318 2162 ipsum

1366 2159 1555 2208 perficeret
1571 2163 1608 2196 in
1623 2161 1749 2200 ordine
1761 2165 1804 2201 ad
1823 2170 1930 2203 unam
1944 2169 2134 2209 astionem,
2148 2167 2179 2202 3<
2200 2167 2321 2206 aliam:

1365 2216 1478 2257 gratia
1497 2223 1701 2249 autemnon
1731 2215 1870 2261 perficit
1897 2219 2050 2255 animam
2079 2216 2321 2254 indifferenter

1365 2263 1400 2297 in
1415 2263 1541 2300 ordine
1557 2262 1600 2298 ad
1618 2263 1896 2304 inteliefflonem
1914 2296 1922 2309 ,
1941 2271 1973 2305 531
2004 2269 2216 2305 volitionem
2232 2294 2244 2311 ‚
2261 2267 2321 2304 sed

1363 2312 1591 2350 solummodo
1607 2316 1642 2350 in
1657 2315 1783 2352 ordine
1797 2317 1840 2352 ad
1858 2320 2072 2356 volitioncm
2088 2345 2097 2355 .
2119 2321 2217 2357 N1m
2242 2317 2320 2367 ipsa

1361 2362 1411 2400 est
1427 2367 1541 2413 primo
1553 2375 1652 2412 grata
1672 2392 1682 2407 ‚
1700 2367 1732 2402 8<
1753 2369 1847 2404 nulla
1861 2371 1926 2404 alia
1944 2396 1954 2411 ‚
1969 2371 2030 2406 nisi
2058 2371 2103 2405 ab
2119 2368 2192 2418 ipsa
2206 2395 2216 2404 .

1461 2419 1606 2466 Qarta
1620 2416 1714 2451 ratio
1729 2418 1835 2453 etiam
1851 2422 1995 2456 ducitur
2021 2420 2063 2455 ad
2086 2421 2288 2466 oppositum
2302 2446 2316 2463 ,

1360 2467 1458 2504 Nam
1472 2468 1532 2502 cui
1546 2467 1698 2502 debetur
1717 2467 1835 2513 majus
1864 2472 1996 2506 bonum
2011 2498 2021 2514 ,
2046 2473 2077 2507 ei
2095 2471 2314 2506 reddendum

1358 2516 1407 2552 est
1419 2530 1462 2553 eo
1480 2519 1589 2553 modo
1602 2545 1612 2560 ‚
1629 2530 1705 2565 quo
1720 2519 1833 2566 tnagis
1848 2521 1957 2567 poiest
1979 2522 2038 2557 sibi
2066 2519 2134 2556 effe
2151 2523 2285 2557 bonum
2303 2534 2315 2558 ε

1357 2566 1424 2604 Sed
1443 2569 1567 2604 animae
1581 2570 1694 2616 magis
1708 2569 1820 2612 porest
1835 2570 1902 2607 csi'e
1916 2573 2053 2608 bonum
2081 2572 2269 2608 beatitudo
2287 2571 2311 2607 fi

1359 2620 1398 2655 sit
1411 2620 1447 2656 in
1464 2621 1622 2667 potentia
1639 2647 1648 2661 ‚
1662 2631 1773 2665 quam
1790 2618 1811 2655 fi
1840 2621 1923 2658 effer
1953 2624 1989 2658 in
2021 2621 2165 2659 essentia
2186 2623 2311 2657 imme·

1357 2672 1453 2707 diate
1478 2697 1487 2712 ‚
1513 2671 1599 2706 sicut
1630 2667 1742 2716 majus
1769 2674 1905 2709 bonum
1939 2673 1989 2710 est
2014 2675 2139 2709 animae
2162 2673 2311 2711 videre)

1360 2723 1477 2757 Deum
1491 2722 1810 2769 perintellechim‚
1837 2737 1946 2771 quam
1977 2738 2038 2771 per
2064 2723 2244 2761 essentiam
2272 2735 2313 2761 ut

1356 2772 1499 2809 effenria
1520 2785 1624 2813 ;nam
1642 2773 1760 2808 videre
1779 2787 1849 2811 non
1864 2776 1912 2811 est
1936 2788 2060 2811 natum
2081 2776 2148 2812 effe
2170 2778 2310 2813 bonum

1356 2822 1516 2870 ejus,nisi
1532 2824 1828 2870 perinteiieetum
1844 2854 1854 2869 ‚
1872 2827 1917 2862 sic
1931 2839 2000 2861 non
2017 2826 2066 2862 est
2093 2839 2214 2863 natum
2241 2828 2309 2866 effe

1357 2877 1492 2911 bonum
1507 2873 1587 2920 ejus
1599 2873 1642 2908 ha
1651 2877 1730 2910 bere
1742 2875 1926 2922 objefitim
1942 2878 2164 2920 beatificum,
2179 2890 2215 2914 ut
2231 2882 2313 2915 bea-

1354 2926 1492 2961 tificum
1510 2951 1519 2967 ‚
1534 2926 1593 2961 nisi
1611 2925 1790 2963 mediante
1806 2930 1966 2975 potentia
1981 2931 2180 2976 attingente
2196 2930 2312 2978 ipsum

1355 2989 1418 3026 per
1428 2987 1674 3013 onerationem
1694 3001 1703 3011 .

1454 3027 1567 3074 Quod
1584 3028 1742 3074 denique
1759 3029 1905 3066 additur
1922 3058 1932 3073 ,
1965 3031 2200 3067 beatitudinis
2231 3042 2313 3079 per-

1353 3080 1562 3124 ceptionem
1594 3079 1840 3126 principaliter
1866 3093 2078 3124 competere
2107 3082 2278 3130 potentiis
2298 3109 2309 3124 ,

1352 3129 1502 3166 videtur
1515 3129 1735 3166 concludere
1762 3132 1964 3180 oppositum
1993 3132 2074 3179 ejus
2091 3160 2101 3174 ,
2130 3133 2230 3178 quod
2258 3137 2311 3168 in-

1353 3182 1514 3217 tenditur
1531 3207 1540 3217 .
1571 3183 1667 3217 Nam
1682 3185 1867 3230 perceptio
1881 3181 2017 3228 objesti
2032 3183 2207 3225 beatifici,
2224 3195 2306 3230 quae

1354 3231 1541 3280 perficitur
1555 3230 1714 3267 videndo
1733 3260 1742 3275 ‚
1758 3245 1798 3268 ac
1812 3233 2037 3280 degustando
2056 3262 2065 3276 ‚
2093 3247 2162 3269 non
2182 3233 2230 3270 est
2248 3245 2309 3268 ac-

1354 3282 1545 3319 cidentalis
1559 3309 1568 3324 ,
1582 3283 1636 3318 vel
1655 3282 1848 3319 adveniens
1863 3285 2097 3320 beatitudini:
2111 3285 2198 3320 dicit
2213 3286 2307 3319 enim

1355 3336 1470 3379 Hugo
1482 3360 1491 3375 ‚
1512 3335 1573 3368 tibi
1587 3334 1632 3368 ab
1644 3335 1814 3380 opinante
1827 3347 1977 3370 notatur
1989 3364 1999 3378 ,
2014 3337 2048 3371 in
2074 3335 2127 3370 his
2153 3335 2306 3370 beatitu-

1354 3383 1403 3418 do
1427 3383 1590 3420 consistit
1613 3385 1648 3418 in
1676 3382 1892 3429 cognoscere
1909 3412 1918 3423 .
1946 3387 1979 3422 8<
2004 3398 2122 3421 amare
2146 3387 2306 3421 bonum.

1356 3436 1479 3471 Probo
1506 3436 1613 3471 etiam
1640 3437 1802 3470 ratione:
1832 3436 1973 3472 Miseria
2003 3435 2227 3472 essentialiter
2255 3435 2304 3470 in-

1354 3485 1470 3521 cludit
1495 3486 1764 3532 perceptionem
1779 3485 1915 3530 obit-&ti
1929 3486 2210 3523 dil'covenientis
2225 3512 2234 3525 ‚
2257 3488 2309 3520 lo-

1355 3536 1504 3583 quendo
1519 3535 1562 3571 de
1581 3535 1718 3572 miseria
1735 3538 1915 3578 completa
1936 3564 1946 3578 ‚
1968 3549 2049 3583 quae
2070 3537 2118 3570 est
2135 3548 2217 3571 cuni
2237 3547 2313 3583 poe·

1356 3598 1425 3626 na:
1443 3587 1648 3633 principalis
1661 3586 1755 3622 enim
1774 3599 1874 3634 poena
1891 3615 1900 3629 ,
1917 3599 1998 3634 quae
2015 3585 2171 3621 consistit
2192 3587 2225 3621 in
2251 3587 2316 3621 tri·

1359 3636 1473 3677 stitia,
1492 3649 1551 3682 per
1567 3638 1601 3674 se
1628 3636 1862 3685 consequitur
1897 3637 2156 3684 perceptionem
2179 3635 2317 3681 objeeli

1358 3687 1663 3726 disconvenientis
1678 3701 1690 3728 ;
1705 3701 1791 3735 ergo
1818 3687 2001 3734 perceptio
2024 3685 2161 3732 objefti
2184 3698 2318 3720 conve-

1359 3738 1490 3773 nientis
1508 3737 1701 3774 necessario
1724 3752 1795 3775 non
1821 3737 1981 3784 sequitur
1998 3762 2010 3780 ,
2032 3736 2089 3773 l'ed
2118 3736 2315 3771 includitur

1359 3787 1393 3822 in
1410 3788 1655 3829 beatitudire;
1675 3789 1837 3835 alioquin
1856 3790 2042 3825 beatitudo
2066 3799 2136 3822 non
2170 3786 2316 3831 perinde

1362 3837 1556 3875 necessario
1568 3839 1774 3882 demetam,
1788 3838 1878 3875 sicut
1903 3838 2040 3877 miseria
2057 3835 2193 3874 cruciat
2207 3859 2218 3869 .

2125 3933 2270 3975 ARTi-

2374 1170 2490 1208 Illapsur
2501 1170 2587 1200 effen-

2355 1209 2401 1237 tiae
2425 1210 2477 1237 Dei
2499 1220 2523 1237 in
2546 1210 2589 1238 es—

2356 1247 2472 1275 sentiam
2487 1250 2587 1278 animae

2354 1285 2390 1313 est
2403 1287 2480 1322 prior
2502 1296 2590 1324 gene-

2353 1332 2463 1351 ratione
2498 1334 2587 1353 nond

2354 1361 2537 1400 perfefflotie,
2552 1363 2588 1389 il·

2353 1400 2443 1438 lapsus
2457 1400 2588 1432 beatifici.

2367 2027 2470 2057 Gratia
2482 2028 2582 2056 imme-

2346 2065 2459 2109 diatiur·
2476 2066 2586 2111 perficit

2347 2114 2521 2141 potentiam,
2530 2115 2583 2141 qua

2345 2143 2487 2173 essentiam
2497 2159 2507 2172 .

2366 3251 2476 3281 Miseria
2496 3250 2581 3279 effen·

2346 3291 2453 3318 tialiter
2490 3292 2582 3317 inclu-

2347 3329 2386 3357 dit
2423 3337 2580 3367 perceptio-

2348 3377 2412 3395 nem
2460 3366 2583 3395 discove-

2348 3408 2464 3437 nientis,
2477 3407 2499 3431 ὅ
2517 3406 2581 3430 bea-

2349 3446 2441 3473 titudo
2462 3451 2585 3470 conten-

2350 3485 2447 3513 nientis
2461 3481 2558 3511 olujesti
2575 3498 2582 3505 .
2635 3493 2637 3501 ι
