2628 4026
131 726 303 760 undenam-³

129 765 308 796 deor-dinatio

130 805 222 834 omnis
234 804 261 830 in
283 811 313 830 re

127 852 186 884 gno
199 850 297 876 ammae

133 1638 175 1673 Eg
197 1631 262 1672 dist·
287 1635 337 1664 32-

179 2372 206 2391 2.
219 2359 280 2389 dist.
295 2366 340 2392 μ.

142 2407 166 2438 ς,
207 2406 338 2429 §nur-L>

144 2443 222 2479 istam
236 2439 315 2466 viam
330 2452 339 2462 ι

436 143 539 186 296

355 201 391 237 fit
408 199 839 246 utsuperiorappetitus,
866 208 905 232 ut
923 208 1039 243 equus
1064 195 1197 240 absque
1227 193 1297 238 fre·

356 264 404 288 no
438 251 468 286 fe
483 262 577 285 ratur
594 249 635 283 ad
649 247 968 285 cottdelefiiandum
993 245 1168 293 appetitui
1194 243 1295 298 sen-fi-

355 307 433 339 tivo
448 298 756 346 cuiconjungitur
770 326 782 341 ,
807 298 917 332 duc-to
931 298 974 331 ab
994 295 1166 333 exteriori
1190 295 1294 338 obje-

358 354 491 390 &osmi
514 352 749 388 conveniente
779 373 788 383 .
815 348 889 383 Cui
914 347 936 382 fi
963 346 1089 382 adesset
1112 343 1294 389 originalis

355 404 495 453 justitia
515 414 584 438 non
599 402 799 444 indulgeret
816 398 876 432 nis1
894 397 1086 432 secundum
1102 395 1294 430 dietamina

359 456 504 494 rationis
520 450 614 496 reug
632 466 643 491 3
664 463 705 484 ex
718 451 787 484 hoc
801 459 915 482 autem
933 446 1063 492 precise
1081 446 1129 480 est
1153 442 1296 480 deordi-

360 509 457 546 natio
474 507 507 539 in
523 513 631 545 regno
649 503 772 535 animae
787 523 799 539 ‚
821 499 919 542 quod
939 498 1107 532 voluntas
1122 495 1212 530 male
1235 495 1293 528 eli.

359 563 409 605 git
426 584 434 597 ,
459 566 497 590 ea
517 551 690 598 siquidem
708 549 801 586 ree'te
820 549 974 590 eligente
1000 545 1128 580 cuneta
1151 544 1296 579 ordina-

358 614 393 644 te
410 603 606 653 procedunt
625 614 636 640 3
665 612 752 644 ergo
769 610 813 633 ex
831 609 939 642 prava
957 598 989 631 8(
1007 595 1207 630 inordinata
1227 593 1297 628 ele·

359 660 476 694 &ione
492 651 679 697 superioris
703 648 881 695 appetitus
911 657 1029 692 cetere
1054 646 1171 692 ᾳηίῐης
1202 644 1297 693 vires

364 712 393 746 8(
413 705 574 754 potentie
588 700 843 736 deordinantur
859 723 870 738 ,
897 697 930 730 8(
964 707 1034 730 non
1062 706 1080 729 e
1104 692 1298 732 couvers03

359 770 441 795 cum
457 758 491 790 in
507 753 585 799 ipsis
597 753 689 786 nulla
707 747 773 784 esse
784 757 893 793 queat
906 745 1025 792 culpa,
1039 744 1101 779 nist
1118 752 1299 798 quatenus

361 805 540 847 Voluntati
580 800 781 834 subduntur.
818 795 852 830 8(
889 796 933 830 ab
970 793 1044 841 ipsa
1075 793 1301 839 dirlguntur-

320 859 330 878 '-
359 853 663 908 Qandoquidem
679 859 763 893 ergo
779 844 848 892 ipsa
865 846 1048 889 originalis
1071 842 1209 889 justitie
1239 842 1299 878 de·

359 914 432 947 bite
457 903 611 938 carentia
635 908 825 947 peccatum
863 897 1035 940 originale
1059 895 1123 936 fit,
1152 891 1299 929 evidens

356 950 520 1008 pro'feSto
534 951 582 987 est
601 978 610 994 ,
636 950 778 997 culpam
794 946 885 981 hanc
895 945 1106 991 originalem
1120 955 1181 990 per
1197 942 1300 990 prius

358 1009 501 1046 inficere
527 1004 749 1037 voluntatem
771 1024 784 1039 ,
804 1009 913 1044 atque
940 1009 981 1033 ea
1011 996 1190 1041 mediante
1210 994 1299 1041 alias

361 1061 476 1096 anime
492 1053 668 1100 potentias
683 1077 692 1086 .

462 1095 585 1151 Riiqui
604 1113 691 1138 vero
703 1099 796 1137 hanc
813 1097 1028 1137 solutionem
1046 1097 1094 1133 ita
1108 1094 1302 1130 declarant:

362 1162 404 1198 ln
419 1153 611 1195 inseStione
627 1149 956 1201 peccati0tiginalis
980 1148 1055 1185 duo
1080 1145 1305 1185 consideran-

361 1212 405 1248 da
421 1211 501 1246 sunt
517 1232 526 1242 .
543 1206 588 1239 Et·
602 1204 755 1251 primum
770 1199 819 1236 est
834 1200 1033 1246 inherentia
1046 1198 1154 1245 ipsius
1167 1195 1209 1231 ad
1225 1194 1306 1231 sub-

360 1256 497 1311 jeau'm
513 1283 523 1298 ‚
549 1253 655 1301 juxta
668 1251 766 1298 quod
780 1251 893 1297 primo
905 1249 1045 1296 respicit
1068 1248 1184 1293 anime
1199 1244 1309 1281 essen-

361 1304 632 1349 tiam.Deinde
658 1301 708 1338 est
733 1299 983 1350 perpendenda
1014 1299 1200 1336 inclinatio
1226 1295 1305 1341 ejus

362 1363 407 1399 ad
422 1359 543 1396 aetum
557 1380 569 1399 ‚
590 1365 665 1402 quo
679 1351 784 1396 ρειέὶο
812 1349 952 1395 respicit
975 1349 1092 1394 animtg
1112 1346 1305 1394 potentias.

361 1416 518 1461 Oportet
531 1417 615 1452 ergo
630 1414 668 1439 ut
684 1403 780 1437 illam
808 1399 968 1449 respiciat
999 1410 1060 1445 per
1086 1398 1208 1446 prius,
1234 1407 1309 1443 que

361 1464 512 1514 primam
530 1454 798 1492 inclinationem
811 1450 919 1487 habet
937 1449 978 1484 ad
996 1447 1305 1496 peccandumffitgc

363 1523 482 1550 autem
498 1507 546 1543 est
556 1506 723 1540 voluntas
747 1515 756 1537 :
786 1512 900 1548 quare
918 1511 1108 1547 peccatum
1129 1498 1307 1543 originale

365 1555 427 1614 s’ef
442 1559 542 1610 prius
555 1553 695 1602 respicit
709 1552 930 1588 voluntatem
943 1574 953 1586 ,

466 1607 546 1647 Nos
563 1605 716 1640 dicimus
729 1628 739 1645 ,
762 1602 994 1638 infefiionem
1011 1599 1105 1636 hanc
1124 1600 1310 1646 originalis

366 1661 505 1712 peccati
526 1655 623 1692 aliud
646 1665 717 1690 non
737 1652 804 1690 esse
831 1663 939 1699 quam
963 1647 1104 1696 justitie
1126 1652 1311 1696 originalis

364 1709 642 1750 denudationem
657 1732 665 1747 ‚
690 1717 760 1741 non
774 1716 861 1742 vero
876 1700 1011 1750 aliquid
1024 1702 1218 1744 positivum
1252 1713 1314 1737 na-

367 1776 447 1802 ture
462 1757 732 1809 superadditum
746 1786 755 1798 ,
776 1768 852 1805 quo
868 1753 995 1789 infeaa
1012 1751 1179 1788 reddatur
1208 1764 1313 1789 natu-

368 1806 405 1853 ia
424 1804 604 1850 sationalis
622 1821 633 1849 ς
657 1807 705 1844 est
718 1810 812 1844 enim
828 1819 865 1843 ut
879 1805 1013 1843 amiffio
1029 1804 1120 1854 freni
1136 1805 1171 1839 in
1202 1818 1313 1853 eque,

366 1868 403 1903 8(
430 1863 558 1900 fraffio
585 1858 820 1905 gubernaculi
849 1859 884 1893 in
908 1859 1015 1900 navi,
1035 1870 1189 1905 quorum
1217 1858 1316 1893 defe-

368 1915 491 1952 &uum
510 1910 746 1957 causa,equus
762 1920 894 1945 temere
907 1910 941 1944 8(
955 1907 1120 1945 effrenate
1133 1909 1202 1944 huc
1215 1910 1316 1945 illuc·

370 1964 637 2013 quedefertur,
668 1962 702 1996 8(
721 1961 819 1996 navis
849 1961 1095 2002 periclitatur,
1126 1960 1160 1995 8(
1191 1970 1315 1994 conte·

373 2019 487 2053 titur:
514 2012 615 2059 juxta
633 2009 791 2050 Anselmi
805 2009 1001 2045 doftrinam
1024 2010 1065 2044 in
1078 2010 1318 2045 antecedenti-

373 2067 435 2105 bus
452 2065 664 2100 declaratam
703 2059 782 2097 Nec
799 2060 846 2095 est
864 2061 963 2106 quod
982 2060 1117 2106 aliquid
1147 2060 1316 2101 addatur-3

371 2125 551 2165 quatenus
581 2113 712 2147 dicitur
742 2122 848 2157 penes
874 2110 1108 2157 inherentiam
1141 2110 1248 2159 ipsius
1275 2110 1319 2145 ad

371 2165 574 2212 subjeetum
588 2174 650 2209 per
681 2163 782 2208 prius
808 2160 945 2196 afficere
968 2158 1149 2195 essentiam
1175 2161 1319 2203 animae,

369 2229 479 2265 quam
496 2214 673 2261 potentias
687 2239 695 2245 .
712 2215 768 2248 De
779 2209 849 2245 hoc
863 2212 955 2246 enim
971 2210 1089 2246 aetum
1105 2210 1171 2246 fuit
1184 2212 1320 2253 articu-

373 2269 404 2304 lo
418 2263 630 2312 prxcedenti
648 2262 667 2299 .’

469 2315 500 2352 Α
516 2314 635 2361 uplius
650 2315 753 2348 etiam
767 2311 836 2346 boc
859 2311 1061 2347 declaratur
1088 2335 1098 2345 .
1121 2314 1216 2348 Nam
1245 2320 1317 2346 non

374 2365 517 2406 videtur
531 2365 699 2399 voluntvs
713 2362 844 2397 habere
858 2371 871 2395 t
883 2373 998 2396 tntum
1028 2360 1230 2396 dominium
1261 2358 1317 2402 su-

372 2428 432 2464 per
448 2425 578 2461 corpus
594 2441 601 2451 ,
629 2425 666 2448 ut
684 2423 793 2460 queat
810 2410 923 2453 ipsum
938 2411 1143 2447 immediate
1166 2411 1317 2445 alterare

374 2466 416 2501 ad
431 2467 521 2500 hanc
536 2464 763 2500 infeffionem
790 2462 847 2498 vel
878 2461 1075 2497 morbidam
1092 2462 1317 2506 qualitatem,

370 2515 715 2562 quomodocumque
726 2513 930 2559 explicetur
946 2510 1119 2558 Mrzgistri
1129 2511 1317 2553 sententia,

373 2568 483 2612 idque
506 2564 718 2613 potissimum
736 2591 746 2607 ,
770 2564 942 2611 quoniam
965 2573 1037 2597 non
1070 2562 1213 2609 respicit
1254 2572 1321 2605 pro

376 2616 524 2661 obje&o
546 2616 662 2662 primo
686 2624 815 2662 corpus
835 2644 847 2653 ,
874 2613 997 2647 Potuit
1017 2614 1109 2648 enim
1134 2609 1320 2659 deliquisse

376 2668 534 2713 primum
551 2663 1011 2711 appetendoexcellentiam
1044 2663 1110 2698 Dei
1128 2690 1137 2704 ‚
1166 2665 1223 2698 vel
1250 2663 1321 2699 alio.

378 2716 555 2763 spirituali
573 2725 718 2762 peccato
738 2741 746 2756 ‚
769 2717 803 2749 in
818 2715 952 2761 quibus
966 2713 1129 2761 profeffko
1146 2724 1214 2748 non
1233 2711 1321 2748 fuis-

376 2767 427 2803 set
454 2777 586 2811 corpus
608 2763 791 2810 objec'tum
821 2765 1047 2804 voluntatis3
1075 2762 1174 2810 quod
1202 2774 1321 2798 tamen

378 2818 526 2866 ponitur
543 2816 682 2849 alterari
701 2815 759 2850 seu
777 2813 871 2851 infici
893 2826 909 2848 a
924 2815 1110 2851 voluntate
1142 2840 1150 2848 .
1177 2814 1220 2849 Et
1237 2814 1322 2853 dato

384 2867 484 2915 quod
497 2863 675 2910 ejusmodi
692 2865 836 2900 irfcffio
855 2863 1009 2900 salvetur
1025 2876 1037 2906 ;
1062 2864 1150 2900 illud
1178 2863 1323 2900 difficile

378 2918 428 2954 est
446 2917 653 2962 explicatu,
678 2928 747 2962 qua
763 2915 930 2950 nimirum
949 2916 1085 2949 ratione
1098 2914 1219 2949 eadem
1238 2926 1323 2949 cau·

378 2969 411 3004 sa
430 2995 440 3010 ‚
466 2967 571 3001 etiam
591 2964 717 3011 majori
733 2964 916 3011 adjutorio
944 2965 1147 2999 extrinseco
1177 2966 1323 3000 robora-

378 3031 439 3060 ta,
466 3026 615 3063 nequeat
630 3025 863 3061 corrumpere
894 3014 1123 3050 infeffionem
1147 3013 1239 3048 hanc
1266 3016 1323 3050 vel

377 3067 576 3105 morbidam
593 3063 829 3112 qualitatem?
848 3064 1030 3101 Voluntas
1043 3074 1160 3099 autem
1191 3076 1323 3110 quam·

378 3130 619 3163 turncumque
637 3120 751 3161 gratia
764 3114 890 3161 adjuta
908 3141 917 3155 ,
941 3126 1009 3149 non
1024 3113 1135 3160 potest
1161 3113 1321 3151 fomitem

378 3169 496 3205 carnis
523 3179 754 3214 corrumpere
777 3194 786 3209 ,
823 3164 1016 3200 secundum
1040 3166 1257 3209 opinantes3
1285 3165 1318 3200 8<

380 3230 612 3266 quecumque
625 3217 861 3253 causatotalis
884 3214 1037 3258 alicujus
1062 3211 1211 3250 esseE‘tuS
1230 3241 1241 3256 ,
1269 3216 1325 3248 vi-

381 3272 486 3305 detur
500 3268 678 3304 destruere
692 3267 786 3314 posse
811 3264 965 3302 eundem
993 3264 1155 3300 esses-‘tum
1172 3291 1183 3306 ,
1212 3266 1327 3300 maxi-

383 3332 437 3356 me
452 3319 471 3354 st
487 3317 589 3351 anna
602 3319 820 3364 intelligatur
833 3315 936 3360 cause
954 3317 1068 3350 virtus
1087 3314 1201 3349 asstiva
1215 3341 1224 3349 .

486 3367 542 3403 Ad
563 3367 756 3403 seeundum
779 3367 978 3401 membrum
995 3363 1094 3409 quod
1112 3366 1328 3407 attinet,non

385 3419 434 3456 est
448 3419 516 3453 ulla
538 3418 685 3464 positiva
702 3416 849 3452 inseffto
881 3414 1104 3455 superaddita
1136 3417 1328 3450 materiali-

386 3472 454 3508 bus
467 3468 637 3514 potentiis
651 3494 660 3509 ,
687 3469 861 3503 inclinans
877 3465 918 3498 ad
934 3464 1050 3499 aftum
1070 3491 1078 3503 ,
1106 3462 1163 3500 sed
1182 3463 1327 3512 ipsemet

387 3517 782 3563 {ibidimisseinclinant
811 3515 853 3549 ad
883 3514 1007 3555 aftus,
1038 3514 1125 3550 idest
1154 3516 1196 3550 ad
1221 3518 1330 3551 attin-

385 3569 500 3616 genda
527 3567 670 3614 objcfta
698 3579 761 3614 per
784 3566 949 3611 proprios
978 3564 1102 3605 aelus,
1130 3567 1163 3600 in
1194 3569 1331 3612 quibus

388 3618 613 3663 cognoscunt
626 3618 808 3666 repositam
824 3613 890 3650 esse
916 3616 1113 3652 naturalem
1142 3614 1333 3663 ipsorum„

387 3668 668 3705 oblthationem
689 3669 722 3703 8(
741 3668 899 3714 quietem
915 3691 925 3707 ,
953 3667 985 3709 &
1002 3667 1084 3712 quia
1102 3679 1174 3703 non
1200 3666 1335 3715 semper

386 3719 423 3754 id
437 3721 488 3754 eis
506 3720 586 3756 licet
599 3718 705 3764 juxta
724 3716 900 3752 <laetamen
931 3715 1032 3752 refiae
1055 3717 1203 3753 rationis
1217 3745 1227 3761 ,
1252 3718 1336 3753 ideo

393 3770 600 3816 frequenter
623 3771 788 3806 voluntas
813 3777 935 3816 peccat
951 3794 963 3809 ‚
988 3767 1038 3804 eis
1062 3767 1337 3817 complacendo,

1001 123 1182 175 Summae
1216 124 1404 188 Joanm's
1420 128 1550 173 Dum
1579 129 1696 174 Scoti

1367 197 1402 231 3(
1429 195 1710 231 εοηάεἰεᾶὶειηάο
1737 195 1786 229 ob
1808 197 1977 230 unionem
2015 195 2143 231 horum
2179 194 2315 243 appeti·

1366 257 1470 281 tuum
1497 247 1532 280 in
1557 245 1681 281 eodem
1708 244 1922 292 suppositog
1949 257 2019 280 non
2045 246 2144 292 quod
2172 247 2214 282 ad
2232 258 2315 292 pec-

1370 296 1525 331 candum
1552 294 1676 342 suapte
1714 307 1841 330 natura
1872 295 2093 333 necesiitetur
2118 298 2314 344 appetitus.

1368 347 1441 380 imo
1455 345 1534 392 ejus
1547 345 1683 381 indoles
1700 346 1815 389 magis
1832 356 1942 394 prona
1957 345 2006 382 est
2022 348 2066 382 ad
2089 347 2316 395 operandum

1368 395 1563 432 secundum
1582 396 1753 430 virtutem
1770 421 1779 430 .

1473 446 1532 480 Ad
1549 455 1760 491 argumenta
1778 457 1788 484 3
1823 447 1881 483 Ad
1896 448 2051 493 primum
2080 446 2315 494 respondetur

1370 496 1437 530 fic:
1455 497 1644 532 Peccatum
1659 495 1832 540 originale
1846 508 1915 531 non
1930 497 2094 534 causatur
2107 502 2142 534 in
2169 497 2317 533 homine

1369 556 1431 592 per
1463 545 1658 592 potentiam
1685 546 1926 588 generativam
1969 551 2081 595 prolis
2115 576 2127 592 ,
2164 547 2221 583 sed
2254 558 2318 594 per

1369 594 1489 629 aetum
1507 595 1720 640 generativae
1735 595 1904 640 potentiae
1918 601 2098 642 parentis3
2127 598 2221 634 unde
2244 608 2318 632 non

1370 656 1512 691 oportet
1527 645 1722 689 potentiam
1744 646 1987 690 generativam
2016 650 2126 695 prolis
2151 649 2218 685 esse
2243 647 2320 695 pri-

1371 707 1468 730 mum
1488 693 1690 740 subjeEtum
1705 696 2040 743 psccatioriginalis
2059 724 2068 733 .

1474 745 1720 784 Nosdicimus
1738 771 1748 787 ,
1777 745 1976 790 responsum
1996 749 2064 784 hoc
2092 748 2158 785 esse
2188 748 2322 784 intelli-

1374 794 1531 840 gendum
1544 795 1652 842 juxta
1668 796 1761 830 dista
1774 795 1924 832 articulo
1934 798 2143 844 precedenti
2157 825 2169 840 ,
2187 795 2321 842 Adse-

1373 844 1552 882 cundum.
1569 847 1705 882 Etenim
1736 847 1982 883 contrahimus
2011 861 2134 884 revera
2160 849 2322 885 debitum

1373 895 1528 932 habendi
1542 897 1755 942 originalem
1772 896 1945 941 justitiam
1961 911 2006 934 ex
2025 900 2179 935 naturali
2192 909 2323 947 propa·

1373 947 1519 992 gatione
1532 974 1543 990 ,
1570 946 1679 983 stante
1694 947 1822 982 foedere
1835 948 1924 984 inito
1937 950 2026 984 inter
2040 952 2158 985 Deum
2174 976 2186 992 ,
2212 950 2245 984 8(
2260 960 2323 994 pa·

1374 1007 1512 1032 rentem
1528 998 1683 1045 primum
1702 1024 1711 1033 .
1729 997 1796 1033 Sed
1814 999 1881 1032 tale
1901 999 2064 1035 debitum
2082 1011 2152 1036 non
2177 998 2228 1035 est
2255 999 2322 1034 for.

1374 1048 1513 1083 malein
1532 1047 1852 1094 peccatooriginali
1872 1075 1882 1089 ,
1913 1049 1971 1085 sed
1994 1049 2108 1094 magis
2132 1050 2240 1097 ipsius
2263 1046 2324 1094 ju-

1375 1096 1478 1133 stitiae
1493 1100 1649 1134 carentia
1666 1125 1677 1141 ,
1702 1097 1749 1134 est
1779 1098 1977 1136 formaliter
2003 1100 2178 1146 originale
2198 1109 2325 1147 pecca-

1375 1158 1455 1184 tum
1470 1173 1478 1182 .
1492 1147 1808 1197 Qemaimodum
1822 1162 1907 1196 ergo
1919 1150 2059 1197 justitia
2077 1150 2120 1185 ad
2133 1150 2239 1186 solam
2262 1160 2327 1184 vo-

1377 1199 1548 1235 luntatem
1567 1201 1721 1246 pertinet
1734 1223 1744 1239 ,
1771 1198 1877 1244 cujus
1895 1201 1942 1236 est
1958 1203 2068 1238 libere
2088 1202 2120 1237 8<
2133 1199 2229 1248 juste
2239 1211 2327 1248 ope-

1377 1251 1471 1291 rari,
1498 1252 1544 1284 ita
1562 1250 1595 1285 8<
1617 1249 1758 1285 nuditas
1773 1251 1827 1284 vel
1847 1251 2000 1297 privatio
2012 1252 2120 1299 ipsius
2134 1277 2145 1288 .

1476 1299 1534 1338 Ad
1549 1299 1740 1335 secundum
1759 1298 1891 1335 d=citur
1903 1313 1918 1338 ε,
1930 1302 2120 1339 Peccatum
2146 1301 2327 1350 originale

1376 1349 1486 1385 habet
1498 1350 1677 1396 duplicem
1691 1349 1890 1396 processum
1910 1375 1919 1385 .
1939 1353 2067 1388 Unum
2096 1353 2248 1398 quidem
2278 1364 2328 1388 a„

1379 1410 1485 1434 earne
1501 1400 1536 1435 in
1553 1401 1705 1434 animam
1727 1413 1739 1439 ;
1769 1400 1880 1434 alium
1909 1413 1997 1436 vero
2022 1402 2066 1435 ab
2085 1402 2228 1438 essentia
2250 1402 2330 1436 ani-

1378 1460 1442 1484 mae
1457 1450 1498 1485 ad
1518 1450 1693 1496 potentias
1711 1462 1720 1484 :
1740 1449 1771 1484 8(
1790 1449 1886 1496 prior
1915 1450 2095 1497 processus
2121 1452 2170 1488 est
2201 1451 2330 1487 secun-

1380 1498 1464 1535 dum
1480 1499 1640 1535 ordinem
1667 1500 1933 1544 generationis,
1959 1501 2128 1548 posterior
2154 1512 2241 1538 vero
2271 1498 2331 1545 ju·

1381 1561 1443 1585 xta
1455 1550 1615 1586 ordinem
1635 1549 1863 1596 perfeetionis
1884 1563 1896 1590 ;
1922 1551 2051 1587 &ideo
2065 1552 2237 1597 quamvis
2252 1550 2331 1585 311ae

1381 1611 1549 1648 potentiae
1566 1628 1577 1643 ,
1600 1600 1732 1636 scilicet
1761 1599 1935 1636 senfitivae
1957 1601 2230 1649 propinquiores
2262 1601 2330 1637 fint

1381 1651 1479 1686 carni
1496 1664 1507 1692 3
1539 1653 1620 1698 quia
1639 1662 1758 1687 tamen
1774 1652 1940 1686 voluntas
1954 1653 2198 1699 propinquior
2210 1650 2259 1689 est
2275 1649 2332 1687 es·

1384 1701 1502 1738 sentiae
1517 1704 1826 1747 animaetanquam
1854 1700 2012 1748 superior
2035 1704 2196 1748 potentia
2217 1730 2229 1745 ,
2258 1702 2333 1749 pri-

1385 1765 1444 1787 mo
1472 1753 1633 1802 pervenit
1657 1752 1700 1787 ad
1728 1750 1839 1798 ipsam
1870 1751 2014 1789 infeffio
2041 1753 2226 1800 originalis
2248 1764 2332 1802 pec·

1385 1805 1481 1842 cati.

1483 1860 1564 1897 Nos
1579 1859 1756 1902 dicimus,
1782 1860 1938 1906 primum
1967 1853 2168 1904 processum
2201 1855 2332 1895 valde.)

1384 1909 1536 1945 dubium
1551 1911 1674 1946 videri.
1690 1914 1787 1948 Nam
1802 1911 1822 1945 st
1838 1910 1955 1944 anima
1971 1909 2108 1944 incussit
2127 1909 2218 1944 hanc
2232 1908 2331 1944 carni

1384 1959 1612 1997 insefflonem
1629 1985 1640 2004 ‚
1656 1962 1717 2006 qui
1736 1973 1822 2006 ergo
1838 1960 1914 1995 fieri
1928 1959 2039 2006 potest
2056 1971 2094 1995 ut
2110 1960 2254 1994 vicissim
2273 1971 2335 1995 ea·

1385 2010 1465 2046 dem
1484 2010 1629 2047 infefflio
1645 2013 1824 2058 pertingat
1843 2010 2017 2046 redundet
2048 2021 2155 2056 atque
2188 2008 2333 2057 ipsam-2

1386 2062 1542 2096 animam
1571 2061 1731 2096 afficiat?
1757 2061 1941 2109 Siquidem
1967 2061 2033 2094 hac
2062 2062 2095 2095 in
2140 2059 2333 2108 hyporltest

1386 2121 1542 2157 utraque
1555 2110 1660 2146 causa
1678 2112 1745 2147 erit
1765 2110 1828 2147 suo
1840 2109 1983 2146 effeetui
2002 2112 2188 2156 aequivoca
2203 2108 2334 2154 ,cujus

1385 2161 1489 2207 plane
1506 2160 1653 2200 effthus
1670 2162 1814 2197 videtur
1828 2161 1929 2196 causa
1949 2161 2156 2196 omnimoda
2184 2161 2217 2195 8(
2237 2170 2336 2195 tota-

1384 2212 1452 2250 lis;
1479 2224 1556 2257 quo
1573 2211 1689 2256 polito
1705 2238 1712 2250 ,
1738 2212 1929 2246 difficulter
1948 2211 2139 2246 admodum
2171 2210 2334 2245 salvatur

1387 2263 1544 2296 circulus
1559 2263 1593 2296 in
1606 2260 1785 2307 ejusmodi
1800 2261 1910 2296 causis
1927 2262 2123 2306 aequivocis
2137 2287 2145 2295 .
2179 2260 2334 2296 Difficile

1386 2312 1491 2344 etiam
1508 2309 1558 2346 est
1574 2313 1773 2359 explicatu,
1793 2323 1864 2358 q'la
1879 2310 2011 2345 ratione
2027 2311 2060 2346 8(
2078 2310 2186 2345 modo
2198 2313 2335 2346 volun-2

1383 2371 1452 2402 tas,
1470 2373 1552 2408 quae
1568 2359 1618 2396 est
1635 2363 1796 2407 potentia
1815 2362 1954 2409 penitus
1972 2361 2340 2400 immaterialis,tran·

1384 2410 1772 2448 smuteturimmetiiate
1787 2424 1805 2446 a
1833 2412 2111 2458 corruptibili&
2127 2422 2248 2446 tamen
2270 2422 2334 2446 ne·

1384 2471 1490 2506 ga'ur
1508 2463 1709 2498 intellec‘tus
1727 2463 1931 2497 immediate
1959 2460 2129 2497 trasmuta
2143 2461 2170 2496 ri
2187 2474 2205 2494 a
2222 2460 2339 2507 phan-

1380 2510 1605 2553 tasmatemisi
1625 2512 1690 2548 sub
1703 2515 1832 2548 lumine
1844 2512 2043 2548 intelle-&tus
2057 2513 2339 2560 agentisQare'

1384 2562 1474 2597 illud
1493 2562 1717 2599 inferendum
1737 2564 1878 2599 videtur
1897 2587 1909 2605 ,
1937 2563 2160 2597 intelleetum
2191 2562 2258 2598 esse
2273 2575 2340 2600 νοτ

1385 2613 1521 2648 luntate
1536 2612 1810 2659 prestantiorem
1829 2640 1840 2655 ,
1869 2616 1899 2649 ἃ
1920 2616 2032 2658 magis
2051 2614 2336 2651 immaterialem,

1386 2663 1679 2699 Indeinierretur
1696 2666 1842 2711 quidem
1871 2664 2046 2711 originale
2060 2674 2246 2707 peccatum
2275 2674 2339 2709 per

1388 2712 1421 2748 se
1436 2715 1469 2749 8(
1484 2714 1603 2759 primo
1618 2718 1796 2759 pertinere
1809 2715 1852 2749 ad
1883 2718 2001 2761 anime
2033 2712 2246 2753 effentiam3
2278 2711 2336 2749 sed

1391 2777 1455 2800 nos
1468 2765 1536 2800 hoc
1551 2764 1675 2800 falsum
1692 2776 1901 2810 reputamus
1918 2791 1925 2799 .

1492 2814 1658 2857 Deinde,
1683 2816 1718 2851 Si
1747 2817 1882 2861 primus
1895 2815 2005 2850 bomo
2033 2824 2184 2860 peccans
2214 2812 2342 2849 infecit

1392 2877 1532 2901 carnem
1548 2864 1644 2900 suam
1660 2866 1704 2900 sic
1719 2893 1726 2906 ,
1744 2878 1779 2901 ut
1795 2865 1924 2901 exinde
1940 2863 2212 2900 transfundatur
2228 2866 2262 2900 in
2279 2877 2346 2911 po-

1395 2914 1505 2952 steros
1520 2917 1625 2962 culpa
1637 2916 1852 2960 originalis3
1881 2928 1968 2960 ergo
1984 2915 2189 2950 similiter&
2222 2916 2278 2950 alii
2293 2916 2347 2950 in·

1394 2966 1560 3002 termedii
1580 2966 1741 3002 homines
1760 2967 1953 3003 mortaliter
1967 2975 2152 3012 peccantes
2169 2991 2180 3007 ,
2207 2967 2344 3012 pariter

1396 3028 1536 3051 carnem
1566 3018 1677 3061 magis
1701 3017 1886 3063 magisque
1910 3014 2131 3051 immundam
2174 3027 2348 3062 procrea·

1397 3077 1473 3103 rent
1493 3067 1638 3113 3s1cque
1652 3068 1810 3103 eveniret
1827 3079 1866 3102 ut
1886 3078 1970 3102 caro
1983 3077 2059 3112 quo
2071 3066 2184 3112 magis
2199 3078 2215 3099 a
2232 3067 2350 3113 primo

1397 3128 1544 3163 patente
1558 3118 1703 3152 distaret
1720 3120 1798 3164 plus
1812 3117 1940 3153 inste-ta
1954 3117 1985 3151 8(
2003 3117 2183 3152 immunda
2196 3116 2349 3157 foret‚ac

1398 3168 1556 3203 fueritin
1587 3170 1852 3213 antiquioribus
1870 3193 1878 3202 .
1894 3170 1976 3203 Hoc
1997 3165 2046 3201 est
2072 3169 2177 3212 plane
2204 3165 2352 3206 falsum3

1400 3218 1531 3265 quiain
1548 3219 1669 3253 multis
1697 3229 1819 3253 recens
1846 3220 1936 3253 natis
1967 3228 2038 3251 non
2065 3216 2221 3263 eousque
2255 3217 2353 3262 viget

1400 3267 1683 3313 concupiscentia
1703 3294 1712 3308 ,
1741 3267 1773 3301 8<
1790 3269 1948 3313 pronitas
1974 3266 2017 3302 ad
2048 3267 2269 3313 peccandum
2298 3266 2353 3302 uti

1403 3319 1438 3354 in
1455 3318 1705 3362 compluribus
1723 3344 1732 3358 ,
1758 3318 1820 3363 qui
1836 3329 1895 3353 eos
1911 3319 2018 3361 longo
2045 3318 2236 3353 intervallo
2259 3328 2358 3352 tem-

1406 3368 1504 3416 poris
1523 3366 1766 3411 praecesserunt
1784 3399 1796 3408 ,

1503 3418 1638 3461 Quoad
1655 3416 1846 3452 secundum
1864 3417 2060 3465 processum
2077 3416 2231 3454 dicimus
2247 3442 2259 3461 ‚
2284 3430 2356 3453 non

1408 3469 1493 3514 quia
1513 3467 1743 3503 voluntasest
1768 3467 1920 3503 essentiae
1947 3469 2153 3515 proximior
2171 3495 2181 3510 ,
2201 3469 2360 3515 praestat·

1409 3521 1663 3566 qucpoteutiis
1680 3517 1851 3552 sensitivis
1870 3544 1880 3559 ,
1908 3518 1989 3554 ideo
2006 3517 2148 3553 inillam
2173 3522 2288 3566 primo
2306 3531 2360 3554 re-

1412 3570 1572 3604 dundare
1602 3568 1702 3604 aetus
1725 3571 1861 3614 peccati
1887 3568 2074 3615 originalis
2105 3592 2115 3602 .
2145 3570 2214 3606 Sed
2248 3571 2360 3614 magis

1415 3620 1502 3666 quia
1535 3619 1704 3654 sensitiva:
1730 3620 1894 3665 potentiae
1924 3620 2111 3666 incapaces
2137 3619 2217 3655 sunt
2244 3621 2361 3656 omnis

1417 3670 1556 3718 culpae,
1583 3669 1643 3704 nifi
1659 3679 1836 3716 quatenus
1851 3672 2065 3715 regulantur
2090 3681 2272 3719 perperam
2300 3672 2362 3706 ab·

1424 3721 1591 3769 appetitu
1617 3719 1782 3756 rationali
1809 3745 1818 3754 .

1521 3768 1791 3817 Respondi-ntes
1804 3781 1892 3817 ergo
1902 3768 1947 3806 ad
1963 3782 2216 3816 argumentum
2236 3798 2247 3813 ,
2274 3771 2363 3805 dici·

2207 3832 2286 3858 mus
2301 3847 2313 3863 ‚

2616 322 2628 490 -Ffl-<I-q-'E‘fi
2616 285 2628 305 ξ
2616 243 2624 268 '⁴⁸‘

2599 968 2601 990 l

2600 995 2601 1006 l

2355 1021 2495 1051 Debitum
2506 1021 2558 1051 ha.
2600 1014 2601 1057 ἶ

2357 1059 2443 1089 bendi
2473 1060 2559 1103 justi-
2600 1066 2602 1069 “

2358 1100 2426 1128 tiam
2436 1099 2559 1136 angina-⁷

2362 1137 2431 1167 iem.
2441 1145 2500 1165 non
2520 1137 2560 1165 est

2358 1175 2479 1206 formale
2494 1177 2559 1219 in...
2602 1172 2603 1219 j

2358 1224 2477 1255 peccato
2501 1223 2560 1243 ort»
2602 1221 2603 1242 1

2358 1255 2452 1295 ginali
2466 1270 2477 1281 .

2407 1855 2436 1875 2.
2448 1845 2508 1875 dist.
2519 1855 2566 1882 32,
2608 1868 2609 1882 ἦ

2365 1886 2392 1931 63
2404 1886 2494 1915 Circa
2508 1894 2566 1914 ter·

2367 1932 2440 1954 llum
2453 1942 2463 1953 ο
