2592 4011
23 2008 98 2047 Qua
124 2007 186 2038 talis
206 2009 226 2038 fi

23 2056 152 2076 retineret
163 2057 224 2076 rem

16 2085 87 2113 lante
141 2087 223 2114 illum

22 2125 173 2153 terminum
193 2126 225 2153 ei

14 2163 155 2198 ‘venderet
175 2181 186 2195 ,

23 2201 103 2230 times
126 2201 225 2238 inipso

12 2240 147 2281 {termino
184 2240 223 2267 vi.

10 2281 80 2349 'lius
104 2278 224 2306 venden.

844 106 847 108 ’
897 114 1056 166 Tamus
1088 119 1173 171 ΙῙΙ.’
1200 105 1394 172 Secunda
1409 126 1607 174 Secunda
1638 130 1653 177 Σ

283 182 444 220 cordiam
458 208 471 225 ,
492 183 579 229 quia
593 182 732 229 supplet
744 183 978 227 indigentiam
994 189 1230 231 proximumi-

279 245 427 280 tequam
438 243 604 269 teneatur
630 234 722 270 iliam
746 234 907 281 supplere
923 262 933 277 ,
958 236 1150 283 expectans
1176 240 1232 275 so-

281 286 452 322 lutionem
468 283 580 331 hujus
596 283 708 328 usque
722 287 755 321 in
767 286 806 320 B.
826 288 904 323 Aut
916 287 1127 324 determinat
1149 302 1228 337 pre-

279 335 371 371 tium
386 332 503 379 majus
519 362 531 377 ‚
556 346 637 369 cum
651 335 689 370 fit
705 336 839 380 justum
852 347 918 383 pro
931 340 973 373 A.
997 338 1030 373 8(
1048 349 1134 375 tunc
1153 342 1226 386 pla-

277 397 325 422 ne
337 383 386 420 est
404 384 597 420 usuriarius
613 386 771 424 vendens
784 398 926 432 ternpus
940 397 1062 422 contra
1077 392 1225 435 primam

278 436 440 480 regulam
457 460 468 476 ‚
488 436 599 482 idque
613 439 790 483 probatur
806 436 925 473 Extra
940 436 982 471 de
999 437 1132 484 usuris,
1148 450 1223 491 cap.

279 483 472 533 Consuluit
485 508 498 518 .

379 538 416 574 Si
444 547 531 572 vero
556 549 626 572 non
651 538 734 576 effet
758 539 867 576 modo
895 539 1107 576 venditurus
1134 568 1145 582 ‚
1168 539 1229 576 sed

279 587 365 623 alias
390 586 538 629 quando
564 587 751 626 videretur
776 589 878 636 juxta
903 590 1046 626 cursum
1087 602 1226 638 tempo-

277 637 324 672 ris
340 635 372 672 se
387 636 481 683 pofl'e
506 637 585 682 plus
602 642 758 683 lucrat-13
784 650 848 676 aut
863 653 951 687 ergo
967 652 1060 676 nunc
1072 642 1223 690 imponit

274 687 328 721 rei
357 687 551 724 vendendae
562 700 699 727 certum
734 691 894 739 pretium
914 718 924 734 ‚
947 703 1008 726 aut
1033 703 1133 732 non;
1164 691 1222 727 sed

273 735 427 773 dimittit
455 739 754 778 certificationem
783 744 890 788 pretii
925 741 1138 788 pendentem
1177 754 1223 778 ex

266 788 595 834 >aliquofuturo.Si
613 795 712 839 ponit
728 793 881 840 pretium
907 791 1100 827 secundum
1122 792 1223 832 ouod

263 848 329 872 ‘res
347 851 441 874 nunc
456 841 551 876 valet
568 867 578 883 ,
601 843 753 878 dubium
767 854 836 878 non
848 843 897 878 est
910 843 999 889 quin
1017 841 1140 877 fecerit
1158 843 1223 877 mi-

264 885 501 925 vsericordiam
517 904 679 937 magnam
697 919 708 926 .
724 894 760 931 Si
790 904 879 928 vero
906 891 1023 938 majus
1039 919 1052 934 ,
1082 902 1223 938 quarn...

269 950 367 974 nunc
382 942 498 982 valet,
520 955 589 978 non
618 944 665 978 ita
692 954 810 979 tamen
841 943 1113 978 immoderatum
1141 955 1221 990 pre-

269 989 361 1025 tium
391 1017 402 1033 ‚
437 992 525 1038 quin
558 1004 719 1041 tempore
754 993 942 1029 solutionis
984 993 1219 1030 verisimiliter

254 1040 494 1089 'quandoque
507 1044 586 1090 plus
604 1072 614 1086 ‚
638 1045 860 1091 quandoque
876 1044 993 1079 minus
1023 1044 1138 1079 valeat
1165 1056 1218 1080 res

255 1091 437 1134 vendita,
466 1095 602 1129 ratione
616 1094 715 1130 dubii
745 1094 960 1134 excusatum
986 1094 1071 1139 quia
1091 1105 1217 1130 contra

267 1143 400 1178 nullam
417 1155 464 1178 ex
490 1146 624 1188 regulis
657 1143 832 1190 praemiffis
866 1145 947 1178 facit
967 1157 978 1184 3
1001 1144 1110 1188 idque
1133 1157 1216 1188 pro·

248 1193 373 1244 >'batur
388 1204 451 1241 per
467 1194 555 1228 illud
572 1194 783 1243 Capitulum
800 1221 811 1236 ‚
827 1195 1058 1243 Qavigantt‘
1073 1201 1109 1234 §-
1134 1195 1218 1241 ‘'Ra-

263 1246 360 1279 tione
375 1267 384 1277 .

366 1293 479 1341 Qod
496 1293 517 1328 si
535 1295 733 1331 obiiciatur
750 1306 874 1330 contra
888 1295 957 1330 hoc
970 1307 1032 1342 per
1055 1295 1088 1329 id
1113 1295 1214 1342 quod

261 1342 397 1379 dicitur
411 1343 549 1381 ibidem
563 1344 606 1382 In
616 1355 680 1382 tua
693 1370 702 1379 .
716 1345 928 1394 Respondeo
941 1357 953 1384 ε
967 1347 1014 1380 ibi
1030 1346 1127 1380 utilis
1143 1359 1216 1383 mo,

259 1395 349 1430 nitio
367 1394 493 1441 utique
505 1397 711 1433 continetur
729 1424 738 1438 ‚
763 1408 832 1432 non
850 1407 967 1432 tamen
991 1407 1208 1444 praeceptum

258 1445 375 1481 ullum
390 1445 584 1481 necessario
598 1446 809 1483 servandum
833 1472 844 1482 .

357 1497 470 1544 Quod
486 1496 856 1535 fideterminationem
881 1497 987 1543 pretii
1018 1508 1064 1532 ex
1088 1498 1210 1533 valore

254 1545 381 1583 futuro
413 1547 508 1582 illius
536 1550 585 1584 rei
622 1549 775 1594 pendere
797 1548 1006 1593 relinquam
1036 1557 1098 1582 aut
1122 1559 1209 1595 ergo

254 1609 322 1646 pro
337 1607 500 1644 tempore
522 1597 759 1636 determinato
781 1597 874 1633 illius
905 1597 1089 1633 solutionis
1116 1624 1128 1639 ‚
1152 1600 1210 1634 vel

231 1649 327 1684 ‘'alio
344 1674 355 1689 ,
386 1647 422 1682 in
435 1659 511 1696 quo
524 1661 594 1685 non
613 1650 800 1685 consuevit
816 1660 869 1683 res
894 1649 976 1696 plus
1004 1649 1122 1684 valere
1149 1660 1210 1684 re-

251 1698 449 1745 gulariter,
474 1710 586 1748 quam
603 1700 751 1747 quando
763 1699 822 1734 dat
837 1711 908 1734 rem
923 1699 1041 1734 suam:
1058 1701 1089 1736 8(
1116 1711 1203 1735 tunc

250 1748 530 1786 misericordiam
547 1751 656 1793 facit,
677 1750 877 1787 concedens
896 1751 997 1785 alteri
1024 1749 1120 1791 illud¹
1141 1762 1204 1796 pro

249 1800 480 1846 tautopretio
492 1827 503 1843 ‚
516 1803 645 1847 quanti
660 1801 889 1838 aestimabitur
903 1802 936 1835 in
954 1802 993 1837 Β.
1010 1801 1064 1835 vel
1080 1801 1202 1847 aliquo

248 1862 414 1897 tempore
426 1852 514 1886 citra
533 1852 670 1889 B.cum
686 1864 803 1887 tamen
821 1863 875 1886 res
891 1852 948 1886 illa
968 1863 1033 1897 pro
1051 1851 1203 1886 consue-

247 1902 377 1942 tudine
389 1903 505 1938 carior
523 1902 631 1939 fuerit
650 1904 683 1938 in
698 1905 739 1939 B.
752 1914 860 1949 quam
875 1903 906 1937 in
920 1902 1042 1949 aliquo
1062 1912 1201 1949 tempo·>

249 1969 286 1993 re
300 1952 524 2002 praecedente
537 1979 547 1988 .

351 2004 390 2040 Si
420 2015 541 2039 autem
572 2004 657 2039 velit
681 2004 838 2050 pretium
871 2001 1100 2039 determinari
1132 2017 1199 2052 pro

248 2064 407 2100 tempore
422 2052 724 2095 indeterminato,
737 2053 806 2088 hoc
821 2052 928 2087 modo
947 2081 957 2096 ‚
982 2064 1021 2088 ut
1040 2066 1149 2100 ponat
1165 2055 1199 2092 se

249 2109 283 2142 in
300 2102 483 2142 tutolucri
502 2130 510 2142 ,
531 2114 570 2138 ut
585 2103 618 2138 in
633 2104 819 2149 pluribus,
843 2103 876 2137 ἃ
892 2103 999 2140 alium
1014 2103 1049 2137 in
1064 2103 1199 2140 damno

251 2166 374 2204 utpote
387 2180 396 2191 .
423 2154 483 2187 vol
496 2167 509 2188 J
521 2164 557 2189 te
571 2164 710 2188 tantum
725 2152 859 2188 solvere
871 2163 935 2199 pro
952 2165 987 2188 re
1000 2152 1198 2201 ista,quan·

250 2219 326 2243 tum
341 2205 475 2240 valebit
493 2205 528 2238 in
544 2214 769 2250 quocunque
799 2213 959 2247 tempore
976 2230 987 2245 ,
1014 2203 1128 2251 usque
1155 2204 1199 2240 ad

252 2259 291 2292 R.
310 2268 392 2295 cum
407 2257 527 2289 carius
542 2253 721 2289 vendetur
736 2281 746 2296 ,
777 2251 879 2288 usura
894 2253 942 2287 est
958 2279 970 2294 ‚
995 2255 1081 2298 quia
1097 2257 1199 2300 ponit

26 2318 103 2352 dam;
116 2317 193 2355 quod
207 2315 226 2345 fi
252 2308 284 2344 se
297 2335 308 2350 ,
328 2307 382 2341 vel
398 2315 531 2347 partem
545 2303 640 2339 suam
656 2330 670 2350 ,
691 2303 812 2349 quoad
827 2302 965 2337 lucrum
986 2328 994 2342 ‚
1019 2314 1056 2336 ut
1069 2306 1101 2339 in
1118 2306 1199 2350 plu·

8 2443 85 2470 fnum
98 2441 158 2462 erat

23 2357 141 2385 omnino
187 2354 228 2383 us-

19 2404 73 2433 que
87 2395 121 2423 ad
133 2395 231 2423 terrui.

171 2432 227 2461 ser-
278 2459 286 2468 ,

21 2481 130 2502 vaturus
167 2480 228 2499 non
251 2471 285 2495 ΠΙ

250 2359 350 2393 ribus
366 2357 399 2390 in
417 2365 530 2395 tut03
559 2355 593 2390 8(
610 2355 708 2390 illurn
728 2382 737 2394 ,
765 2365 846 2388 cum
863 2365 938 2399 quo
954 2354 1198 2397 contrahit,ad

251 2409 445 2444 damnum:
463 2406 496 2441 8(
512 2416 601 2441 ωηο
616 2404 723 2442 habet
740 2417 800 2451 per
817 2402 850 2438 se
874 2403 962 2439 illud
989 2405 1089 2451 quod
1116 2416 1200 2441 eve-

290 2470 327 2500 t,
356 2468 395 2493 ut
423 2457 458 2490 in
485 2457 650 2502 pluribus
668 2484 677 2498 ‚
704 2455 739 2491 8(
766 2466 892 2490 contra
921 2453 953 2490 se
981 2455 1070 2490 illud
1098 2456 1198 2502 quod

6 2510 58 2544 sest
70 2509 227 2547 usurarius,
248 2509 367 2546 evenit
381 2534 392 2548 ,
416 2516 456 2542 ut
471 2508 506 2542 in
523 2508 753 2553 paucioribus
772 2532 781 2541 .

6 2559 8 2575 ,ι
22 2557 58 2578 ex
81 2550 224 2583 ration&

5 2578 9 2611 l
23 2587 155 2620 Dostoris
166 2607 176 2619 .

5 2614 7 2626 Ι

4 2640 6 2650 l

4 2672 6 2697 l

3 2709 5 2727 ι

2 2742 3 2759 l

0 2808 3 2825 l

76 2877 138 2931 ‹a›

349 2558 407 2593 Est
419 2555 857 2603 etiamibialiainjustitia
873 2584 882 2597 ,
909 2557 973 2598 qui
996 2556 1121 2602 aliquo
1144 2556 1199 2592 die

244 2609 487 2646 determinato
498 2619 683 2655 oporteret
695 2602 778 2643 eum
792 2619 969 2654 exponere
998 2619 1069 2641 rem
1099 2606 1198 2641 suam

243 2660 475 2701 venditioni,
493 2660 525 2695 8<
540 2670 612 2694 non
631 2670 791 2706 tempore
806 2661 840 2694 in
855 2657 1065 2705 particulari
1082 2669 1196 2701 vago,

242 2723 354 2759 atque
370 2711 405 2744 in
419 2710 479 2744 illo
497 2711 722 2754 contingeret
739 2735 748 2750 ‚
772 2720 810 2745 ut
825 2711 941 2745 minus
959 2720 1036 2742 care
1063 2707 1197 2743 vende·

240 2773 294 2798 ret
316 2787 326 2802 ‚
354 2761 512 2807 quamin
524 2760 582 2795 die
597 2759 773 2795 cariffimo
787 2761 876 2795 inter
892 2758 937 2794 A.
959 2760 991 2794 8(
1011 2759 1052 2794 Β.
1068 2760 1098 2793 8(
1132 2771 1193 2805 per

238 2810 464 2858 consequens
478 2810 541 2845 tali
556 2810 591 2845 in
604 2810 710 2856 paffto
727 2810 809 2846 facit
823 2810 856 2846 se
869 2819 1007 2845 certum
1019 2808 1062 2844 de
1078 2809 1192 2850 lucro,

238 2864 454 2910 ultraquam
473 2860 628 2896 humana
644 2860 816 2896 industria
837 2860 1040 2907 pertingere
1068 2859 1191 2905 poffet.

340 2915 374 2949 Η
389 2926 404 2947 e
421 2912 534 2956 igitur
547 2913 675 2955 regulae
685 2910 854 2957 exposita:
868 2910 946 2944 sunt
961 2909 1002 2944 de
1027 2908 1131 2955 justo
1155 2910 1191 2944 &

236 2961 374 3008 injusto
399 2964 434 2998 in
461 2962 667 2997 venditione
697 2988 706 3003 ‚
731 2964 763 2998 R*
792 2961 1074 2998 commutatione
1101 2972 1191 3006 qua-

237 3023 385 3060 cunque
404 3024 467 3060 pro
480 3023 576 3048 nunc
590 3039 600 3053 ,
628 3013 684 3047 vel
703 3013 829 3047 futuro
846 3037 854 3045 .
876 3011 985 3056 ldque
1001 3011 1193 3057 loquendo

237 3062 282 3098 de
295 3064 580 3098 commutatione
593 3063 825 3097 oeconomica
847 3089 856 3104 ‚
880 3074 958 3106 quae
971 3060 1016 3095 est
1046 3061 1195 3108 quando

238 3125 467 3150 commutans
479 3113 631 3147 intendit
648 3125 721 3147 rem
738 3113 895 3157 accipere
912 3123 996 3157 ,pro
1010 3122 1080 3157 qua
1095 3122 1193 3145 com-

240 3175 356 3200 mutat
370 3192 380 3206 ‚
403 3175 531 3199 utnon
550 3174 729 3199 mereatur
747 3174 822 3198 eam
841 3189 851 3204 ,
882 3161 940 3196 sed
956 3163 1067 3206 magis
1082 3172 1118 3196 ut
1136 3173 1195 3196 ea-

242 3214 322 3250 dem
340 3225 465 3250 utatur
479 3239 488 3248 .

338 3263 509 3311 Superest
524 3264 636 3308 igitur
654 3263 845 3299 dicendum
858 3261 901 3298 de
934 3261 1194 3297 commutatio-

235 3327 282 3357 ne
295 3316 531 3363 negotiativa‚
547 3316 610 3351 ubi
630 3325 856 3349 commutans
876 3312 1029 3350 intendit
1047 3313 1194 3348 mercari

238 3364 283 3401 de
297 3377 332 3400 re
348 3392 355 3405 ,
382 3378 490 3412 quam
507 3366 662 3411 acquirit
678 3377 688 3404 ;
703 3365 788 3399 emit
800 3366 893 3400 enim
908 3374 946 3398 ut
965 3376 1034 3398 non
1050 3374 1191 3406 utatur,

236 3414 294 3453 sed
309 3418 420 3462 magis
440 3427 477 3451 ut
496 3415 656 3454 vendat,
680 3415 788 3461 idque
816 3417 934 3449 carius
954 3439 964 3454 ‚
991 3425 1031 3448 ac
1055 3415 1191 3450 emerit.

271 3516 361 3550 (affix
377 3515 417 3544 his
432 3514 534 3551 reguli<
553 3514 669 3552 (inquit
683 3514 822 3553 Hiquaeus
834 3513 863 3542 in
889 3512 1028 3555 C⁰”'.”'·)
1054 3512 1120 3541 satis
1134 3522 1196 3550 per.

235 3554 324 3591 speeie
336 3554 442 3584 constat
452 3554 518 3591 quid
531 3553 630 3587 iustum
647 3553 678 3581 {it
694 3553 719 3581 in
734 3552 1015 3582 commutationibur
1039 3552 1067 3579 in
1080 3560 1197 3590 genere,

236 3594 264 3621 δι
278 3593 303 3621 in
314 3591 401 3630 specie
414 3611 423 3626 ‚
451 3594 484 3622 ad
499 3602 566 3630 quae
593 3590 730 3630 predistce
757 3593 862 3628 regula?
874 3589 1088 3622 extenduntur,
1108 3598 1138 3617 ut
1158 3591 1193 3620 ad

236 3627 349 3665 Census„
364 3632 477 3660 cambia
491 3649 501 3663 ‚
514 3631 667 3660 Societa1e1
679 3649 688 3662 ,
703 3630 736 3658 de
747 3633 846 3664 quibu<
860 3629 903 3657 hic
915 3629 1052 3664 agendum
1065 3627 1195 3658 eliens&

234 3666 244 3676 ⁹
259 3670 306 3698 uia
321 3670 433 3699 Dostor
444 3673 474 3698 in
486 3670 574 3707 specie
588 3678 643 3696 non
657 3670 745 3707 tangit
758 3670 809 3698 hoe
821 3668 978 3698 contr-astus
991 3684 1001 3699 ‚
1014 3669 1040 3695 8(
1057 3668 1196 3696 Doctores

237 3679 274 3737 de
287 3709 395 3741 Iustitia
408 3714 442 3738 ω’
453 3710 518 3744 jure
532 3708 594 3736 fatis
608 3705 664 3736 fuse
677 3710 710 3735 de
725 3708 778 3737 illis
788 3717 872 3747 agunt
889 3724 900 3738 ‚
924 3707 961 3733 ita
973 3714 1029 3734 non
1055 3708 1090 3734 eil
1114 3715 1196 3743 expe.

240 3746 321 3775 diens-
336 3755 364 3774 ut
378 3755 418 3774 et:
433 3749 620 3777 immoremur
636 3745 683 3774 nisi
697 3749 818 3779 breviter
842 3753 951 3777 tuntum
974 3744 1142 3783 applicando
1154 3755 1196 3775 re.

242 3785 324 3824 gulas
333 3788 392 3823 jain
405 3785 553 3823 praemissat
569 3784 657 3822 ..Hec
673 3783 727 3814 illae
741 3806 750 3816 .

323 3842 330 3846 “
351 3837 446 3871 Ἰδυς.
469 3835 538 3870 (fl,

1301 194 1423 240 anue
1437 198 1658 240 negotiativa
1673 202 1910 238 commutatio
1925 201 2059 240 dicitur
2075 208 2248 252 pecunia.

1300 243 1373 286 ria,
1400 247 1453 281 vel
1468 245 1646 281 lucrativa
1663 273 1673 282 .
1691 247 1746 283 De
1757 248 1963 299 hocitaque
1978 282 1989 296 ‚
2015 256 2109 291 ultra
2139 269 2247 303 regu-

1302 295 1352 329 las
1384 296 1571 351 praediaas
1589 322 1599 337 ‚
1625 299 1727 343 queis
1744 298 1959 344 significatur
1993 317 2032 340 ac
2059 307 2246 354 cognosci·

1301 355 1360 380 tur
1372 346 1460 390 quid
1475 346 1612 391 justum
1629 373 1639 388 ‚
1669 349 1805 394 quidve
1835 351 2004 397 injustum
2027 356 2062 391 in
2089 368 2247 392 oecono-

1299 396 1393 430 mica
1413 397 1696 434 commutatione
1720 401 1892 444 eveniat,
1918 402 2011 438 addo
2035 405 2109 441 duo
2134 433 2143 442 .
2168 407 2247 442 Pri-

1299 456 1397 480 mum
1410 444 1458 480 est
1475 459 1486 486 ;
1517 458 1556 482 ut
1571 448 1651 483 talis
1665 453 1905 486 commutatio
1925 453 1964 488 fit
1987 457 2084 492 utilis
2110 459 2247 504 Reipu-

1299 495 1424 531 blicae.
1443 496 1651 534 Secundum
1670 511 1754 536 vero
1767 526 1778 542 ,
1808 512 1848 536 ut
1868 503 1947 538 talis
1965 508 2249 553 tiegOtiator‚iu·

1296 556 1359 581 xta
1374 545 1596 592 diligentiam
1610 547 1706 586 suam
1725 577 1736 592 ‚
1763 550 1799 586 &
1817 552 2041 599 prudentiam
2060 583 2069 597 ‚
2100 558 2133 593 8(
2166 550 2247 594 soli.

1296 596 1518 640 citudinem,
1544 598 1579 634 &
1596 601 1753 645 pericula
1772 626 1783 641 ,
1807 603 1960 651 accipiat
1983 605 2018 640 in
2044 618 2245 644 commuta-

1297 646 1396 683 tione
1413 648 1568 692 pretium
1585 650 1864 698 correspondens
1881 678 1891 687 .

1292 707 1297 709 “
1400 696 1675 736 Priorconditio
1692 703 1909 749 exponitur.
1930 700 2026 740 Nam
2055 706 2246 753 Reipubli-

1297 757 1346 782 cae
1357 746 1554 784 utillimum
1571 749 1621 785 est
1644 751 1772 787 habere
1796 752 2066 792 conservatores
2093 769 2245 797 rerum...

1297 796 1477 834 venalium
1494 822 1507 841 ‚
1535 810 1573 835 ut
1599 802 1930 849 prompteinveniri
1957 818 2090 852 queant
2121 808 2165 843 ab
2191 808 2245 843 in-

1296 846 1530 892 digentibus,
1555 851 1589 886 8(
1609 853 1815 889 volentibus
1830 854 1910 889 illas
1935 869 2069 893 emere.
2089 858 2127 892 ln
2154 856 2245 894 ulte-

1296 897 1381 932 riori
1398 900 1504 934 etiam
1522 901 1639 945 gradu
1666 904 1757 938 utile
1785 903 1833 939 est
1859 900 2083 952 Reipublicae
2110 907 2245 944 habere

1294 946 1484 985 afferentes
1499 962 1553 986 res
1569 952 1776 988 necessarias
1793 979 1803 992 ,
1819 957 1953 1000 quibus
1965 958 2024 992 illa
2042 959 2153 1002 patria
2171 971 2243 996 non

1296 998 1454 1035 abundat
1470 1014 1482 1042 ;
1506 1002 1538 1037 8(
1554 1013 1672 1038 tamen
1690 1001 1775 1038 usus
1788 1016 1908 1042 earum
1925 1007 1975 1042 ibi
1990 1006 2038 1042 est
2057 1008 2155 1043 utilis
2168 1036 2179 1051 ‚
2205 1011 2243 1046 ἃ

1297 1047 1504 1086 necessarius
1520 1077 1530 1087 .
1545 1053 1595 1087 Ex
1610 1064 1685 1099 quo
1701 1052 1868 1100 sequitur
1883 1080 1895 1098 ‚
1920 1057 2162 1096 Mercatorem
2188 1059 2241 1094 as-

1290 1100 1462 1136 ·ferentem
1477 1113 1548 1136 rem
1571 1101 1614 1136 de
1639 1104 1719 1138 loco
1736 1129 1746 1143 ,
1774 1106 1833 1139 ubi
1864 1106 1913 1141 est
1939 1109 2041 1154 copia
2070 1135 2081 1149 ‚
2107 1109 2151 1143 ad
2179 1122 2242 1155 pa-

1294 1152 1399 1185 triam
1413 1176 1424 1192 ,
1438 1152 1501 1186 ubi
1516 1151 1660 1187 deficit:
1678 1154 1731 1188 vel
1744 1155 1807 1200 qui
1823 1155 1918 1192 illam
1937 1169 2138 1203 coemptam
2152 1171 2240 1194 con-

1292 1199 1436 1243 servat2
1457 1213 1495 1236 ut
1511 1213 1674 1249 prompte
1688 1204 1894 1241 inveniatur
1918 1210 2053 1243 venalis
2077 1221 2096 1243 a
2120 1211 2243 1245 volen-

1291 1261 1326 1286 te
1338 1263 1415 1287 eam
1435 1263 1552 1286 emere
1566 1279 1575 1294 ,
1601 1252 1732 1289 habere
1748 1256 1804 1290 vel
1833 1268 1999 1293 exercere
2022 1259 2139 1294 afftum
2172 1262 2240 1297 uti.

1292 1301 1358 1337 lem
1374 1303 1593 1350 Reipublicae
1609 1328 1620 1338 .
1638 1305 1762 1351 Atque
1777 1305 1826 1341 ita
1848 1308 2010 1355 exposita
2033 1308 2107 1344 esto
2127 1312 2241 1358 prima

1292 1351 1454 1387 conditio
1471 1380 1483 1389 .

1389 1401 1590 1439 Secundam
1607 1415 1694 1439 vero
1712 1405 1757 1440 ita
1776 1405 1920 1443 declaro
1946 1419 1956 1442 ε
1985 1411 2080 1446 Nam
2112 1423 2239 1447 unum.

1288 1464 1459 1500 quenque
1487 1453 1520 1488 in
1535 1465 1642 1499 opere
1659 1455 1807 1490 honesto
1837 1458 2058 1504 Reipublicae
2083 1458 2238 1498 servien-

1289 1513 1358 1538 tem
1373 1514 1514 1551 oportet
1527 1501 1572 1540 de
1586 1505 1650 1540 suo
1663 1507 1784 1542 labore
1802 1509 1921 1543 vivere
1935 1533 1943 1543 .
1962 1510 2125 1545 Honesto
2142 1538 2155 1557 ‚
2182 1512 2238 1546 in-

1286 1565 1394 1599 quam
1413 1581 1423 1597 ,
1436 1554 1479 1588 ad
1493 1555 1737 1591 excludendas
1752 1559 1954 1595 meretrices
1965 1570 2070 1606 atque
2082 1562 2236 1597 Histrio-

1286 1605 1549 1641 nesinhoneste
1568 1607 1728 1642 viventes
1754 1620 1763 1642 ε
1797 1609 1864 1646 Sed
1883 1610 2063 1646 Mercator
2087 1609 2236 1648 afferens

1286 1656 1341 1690 vel
1355 1655 1570 1693 conservans
1585 1683 1596 1698 ‚
1625 1657 1771 1693 honeste
1789 1661 1821 1695 8:
1839 1660 1976 1694 utiliter
1990 1659 2137 1697 inservit
2154 1664 2236 1698 Rei-

1284 1707 1452 1751 publicae3
1465 1708 1551 1753 er'go
1564 1719 1707 1754 oportet
1721 1720 1802 1745 eum
1819 1709 1863 1744 de
1882 1707 1944 1744 suo
1963 1712 2083 1746 labore
2099 1713 2237 1750 vivere.

1285 1758 1365 1793 Nec
1378 1757 1448 1791 hoc
1463 1755 1588 1799 solum,
1604 1757 1657 1794 sed
1673 1758 1920 1807 unusquisque
1937 1772 2105 1807 preterea
2119 1763 2234 1806 potest

1283 1806 1492 1842 industriam
1510 1806 1606 1844 suam
1623 1835 1634 1850 ,
1664 1809 1697 1844 8(
1712 1808 1974 1846 solicitudinem
1992 1809 2087 1856 juste
2103 1813 2238 1848 vende·

1284 1868 1335 1894 re.
1350 1858 1392 1891 Ft
1408 1856 1555 1904 quidem
1571 1858 1741 1895 industria
1755 1861 1788 1896 in
1802 1861 2057 1897 transferendis
2070 1864 2176 1897 rebus
2192 1862 2236 1899 de

1285 1908 1368 1944 loco
1380 1908 1423 1943 ad
1454 1908 1573 1945 locum
1600 1911 1796 1956 requiritur
1813 1924 1940 1956 magna
1953 1938 1964 1954 ,
1982 1923 2020 1947 ut
2037 1912 2236 1949 consideret

1284 1959 1420 2006 quibus
1440 1962 1552 2006 patria
1568 1960 1725 1997 abundet
1739 1987 1748 2002 ‚
1765 1972 1803 1996 ac
1815 1962 1968 2007 indigeat
1984 1975 1994 2003 ;
2020 1974 2106 2008 ergo
2121 1963 2239 2010 potest

1280 2009 1378 2058 juste
1392 2012 1485 2046 ultra
1502 2010 1792 2048 sustentationem
1818 2012 2043 2048 neceffariam
2071 2025 2137 2059 pro
2151 2012 2183 2049 se
2202 2015 2236 2050 8(

1282 2062 1415 2098 familia
1433 2058 1492 2096 sua
1510 2088 1520 2104 ,
1546 2062 1589 2096 ad
1606 2062 1704 2097 istam
1720 2062 1952 2097 neceffitatem
1971 2063 2140 2109 deputata
2158 2089 2168 2105 ,
2182 2076 2239 2098 re·

1281 2114 1399 2158 cipere
1417 2113 1573 2158 pretium
1584 2111 1865 2159 correspondens
1883 2112 2062 2148 industria:
2092 2111 2180 2149 suae:
2200 2114 2235 2149 3(

1283 2172 1452 2210 praeterea
1466 2161 1603 2208 aliquid
1621 2163 1731 2197 etiam
1756 2161 2034 2210 correspondens
2065 2164 2237 2209 periculIs

1283 2212 1353 2248 suis
1368 2236 1379 2248 .
1394 2209 1446 2245 Ex
1462 2222 1537 2257 quo
1553 2211 1699 2247 enimin
1713 2212 1874 2257 periculo
1900 2213 1962 2248 suo
1991 2213 2185 2256 transfert,
2213 2214 2235 2249 st

1281 2261 1331 2298 est
1345 2262 1536 2296 translator
1549 2287 1561 2303 ,
1580 2262 1633 2296 vel
1649 2261 1804 2296 custodit
1821 2264 1843 2299 st
1860 2262 1908 2299 est
1925 2263 2045 2298 custos
2066 2290 2076 2306 ,
2091 2274 2236 2311 propter

1282 2310 1462 2359 ejusmodi
1473 2311 1670 2357 periculum
1684 2312 1797 2357 potest
1811 2313 1934 2349 secure
1948 2314 2085 2360 aliquid
2098 2317 2234 2360 accipe⁶

1282 2375 1318 2399 re
1335 2359 1620 2408 correspondens
1637 2374 1648 2402 ;
1675 2362 1709 2397 8(
1728 2366 1882 2399 maxime
1896 2364 1916 2398 si
1932 2365 2151 2411 quandoque
2168 2365 2235 2400 sine

1280 2414 1387 2461 culpa
1402 2410 1461 2447 sua
1476 2411 1509 2447 in
1521 2412 1582 2446 tali
1600 2409 1744 2447 servitio
1759 2413 2043 2450 Communitatis
2071 2415 2239 2449 damnifi-

1279 2474 1382 2501 catus
1395 2461 1445 2498 est
1465 2475 1475 2497 ς
1500 2473 1626 2510 utpote
1642 2462 1824 2499 Mercator
1840 2464 2056 2501 transferens
2074 2466 2235 2512 quando.

1279 2527 1352 2562 que
1367 2512 1482 2548 amiiit
1500 2525 1626 2549 navem
1639 2512 1801 2549 onustam
1821 2516 1956 2559 magnis
1977 2518 2179 2552 mercibus:
2198 2518 2232 2552 8(

1280 2569 1373 2602 alius
1392 2565 1612 2611 quandoque
1629 2576 1672 2599 ex
1690 2564 1858 2600 incendio
1869 2564 1999 2601 casuali
2016 2566 2129 2601 amisit
2154 2579 2233 2615 pre*

1278 2615 1455 2653 tiofiffima
1474 2641 1484 2657 ‚
1512 2627 1591 2662 quae
1605 2613 1829 2650 custodiebat
1849 2627 1912 2662 pro
1929 2616 2165 2664 Respublica.

1335 2684 1339 2687 ·
1380 2668 1467 2702 Haec
1481 2665 1601 2701 omnia
1617 2663 1896 2702 confirmantur.
1911 2665 2003 2703 Nam
2016 2678 2229 2715 quantum-o

1277 2719 1422 2754 deberet
1437 2717 1545 2752 alicui
1559 2717 1782 2762 Reipublicae
1801 2717 1965 2753 Ministro
1981 2719 2161 2765 legislator
2177 2717 2228 2763 ju.

1279 2769 1352 2805 stus
1369 2769 1401 2803 8(
1418 2768 1533 2803 bonus
1547 2769 1742 2803 retribuere
1759 2795 1768 2809 ‚
1795 2779 1935 2804 tantum
1955 2767 2070 2816 potest
2089 2767 2184 2816 ipse3
2203 2769 2224 2804 fi

1274 2832 1347 2856 non
1363 2818 1404 2852 ad
1422 2818 1461 2853 stt
1491 2819 1673 2865 legislator
1686 2815 1729 2852 de
1762 2820 1958 2865 Republica
1980 2846 1989 2859 ,
2016 2831 2085 2854 non
2103 2831 2226 2854 extor-

1273 2868 1421 2919 quendo
1438 2879 1557 2904 tamen
1571 2896 1581 2910 ,
1610 2869 1765 2913 recipere
1781 2870 1872 2906 -Sed
1893 2871 1913 2905 si
1931 2869 2012 2905 esset
2031 2874 2146 2905 bonus
2178 2871 2225 2905 le-

1273 2923 1422 2969 gislator
1440 2920 1474 2955 in
1491 2922 1598 2967 patria
1619 2920 1799 2967 indigente
1817 2947 1825 2961 ,
1849 2920 1993 2956 deberet
2009 2920 2225 2966 conducere,

1272 2973 1379 3009 etiam
1397 2983 1527 3013 maeno
1539 2971 1656 3017 pretio
1671 2997 1679 3012 ‚
1698 2981 1912 3006 mercatores
1928 2997 1938 3013 ,
1964 2973 2093 3017 quires
2105 2971 2226 3006 neces-

1273 3022 1380 3058 sarias
1396 3019 1559 3056 afferrent
1576 3048 1585 3061 ‚
1613 3024 1725 3066 quive
1740 3021 1807 3065 iam
1825 3024 1947 3057 :allatas
1963 3022 2163 3057 servarent:
2191 3022 2223 3057 3(

1274 3082 1498 3109 nontantum
1514 3073 1561 3107 eis
1577 3073 1608 3105 8<
1627 3071 1769 3107 familiae
1785 3071 2076 3108 sustentationem
2106 3070 2227 3108 neces-

1273 3123 1398 3159 sariam
1414 3122 1701 3161 attribueresse‘i
1716 3123 1819 3157 etiam
1835 3121 2223 3171 industritimffleritiam

1273 3175 1307 3209 8(
1325 3174 1478 3218 pericula
1494 3174 1613 3207 omnia
1631 3174 1773 3213 locare3
1796 3185 1882 3219 ergo
1896 3173 2049 3221 idipsum
2083 3173 2226 3222 poliunt

1273 3224 1413 3272 ipsimet
1429 3225 1462 3256 in
1482 3223 1668 3258 vendendo
1688 3249 1696 3257 .

1373 3271 1431 3311 Ex
1445 3273 1499 3308 his
1515 3274 1657 3309 duabus
1673 3273 1940 3311 conditionibus
1958 3273 1992 3309 in
2009 3271 2101 3319 justa
2115 3286 2225 3315 nego-

1272 3327 1424 3360 tiatione
1437 3325 1612 3371 requisitis
1630 3351 1640 3367 ,
1669 3324 1811 3360 evidens
1825 3322 1875 3360 est
1900 3324 2087 3372 quomodo
2116 3325 2226 3370 aliqui

1274 3377 1338 3413 sint
1353 3376 1553 3421 culpabiles
1564 3376 1825 3421 negotiatorem
1839 3375 1890 3410 illi
1906 3375 2068 3410 nimirum
2085 3375 2148 3420 qui
2164 3386 2226 3409 nec

1277 3426 1501 3462 transferunt
1519 3451 1531 3468 ,
1560 3438 1623 3461 nec
1636 3425 1847 3461 conservant
1868 3453 1876 3467 ,
1895 3437 1957 3460 nec
1977 3438 2099 3460 corum
2119 3425 2225 3458 indu-

1277 3477 1359 3513 stria
1376 3477 1584 3511 melioratur
1600 3488 1654 3512 res
1672 3478 1808 3511 venalis
1825 3503 1833 3519 ,
1848 3487 1910 3512 nec
1928 3475 2147 3510 certificatur
2164 3475 2228 3510 ali-

1276 3528 1359 3575 quis
1373 3528 1518 3573 fimplex
1535 3527 1577 3561 de
1607 3528 1728 3562 valore
1746 3527 1794 3562 rei
1811 3527 1992 3565 emendae;
2021 3526 2089 3565 Sed
2120 3526 2229 3561 modo

1276 3589 1426 3619 emunt,
1457 3576 1624 3611 utstatim
1653 3579 1721 3612 iine
1751 3577 1927 3624 praedifiiis
1953 3576 2228 3612 conditionibus

1280 3629 1433 3663 vendant
1451 3651 1459 3661 .
1475 3628 1552 3676 Q
1566 3626 1728 3674 profecto
1741 3627 1846 3662 essent
1863 3640 1880 3662 e
1896 3627 2094 3672 Republica
2107 3637 2230 3662 exter-

1281 3678 1468 3719 minandi,
1499 3689 1538 3711 ac
1564 3678 1676 3713 exilio
1702 3678 1903 3716 multantli;
1929 3678 2011 3723 quia
2035 3677 2228 3723 prohibent

1278 3730 1522 3765 immediatam
1536 3730 1858 3763 commutationem
1876 3727 2075 3762 volentium
2095 3739 2227 3766 emere.

1279 3782 1335 3816 vel
1354 3788 1577 3815 commutare
1591 3782 1809 3814 oeconomice
1828 3791 1841 3819 ;
1869 3779 1902 3813 8<
1921 3790 1981 3824 per
2007 3776 2230 3823 consequent»

1628 3830 1665 3877 kS
1694 3841 1709 3865 5
1737 3841 1753 3863 s
2040 3828 2176 3863 ficiunt

2300 685 2481 728 ‘Commuta-

2282 728 2362 767 tione
2395 738 2482 765 nego.

2284 769 2411 793 nativam
2424 768 2481 796 uti-

2280 799 2336 828 lem
2350 804 2400 832 effe
2413 807 2481 841 Ἰζςὶ.

2280 838 2393 874 publicae
2435 843 2481 874 de.

2279 877 2480 912 elaratDostor

2280 1417 2425 1450 Mercator
2438 1427 2485 1451 ea.

2278 1459 2335 1485 rius
2362 1461 2481 1490 vendere

2277 1497 2366 1533 potest
2394 1508 2480 1535 quain

2275 1536 2356 1569 enuit,
2368 1539 2479 1567 ratione

2276 1570 2377 1603 laboris
2399 1577 2481 1606 indu-

2276 1610 2387 1644 str1.2‚&
2405 1616 2481 1652 peri.

2276 1651 2405 1684 culorum
2417 1673 2428 1684 ,

2270 2641 2412 2676 Mercator
2433 2648 2475 2681 ul·

2269 2688 2312 2709 tra
2326 2684 2399 2713 suani
2412 2705 2422 2720 ‚
2443 2691 2475 2717 &e

2270 2719 2381 2753 siniiliae
2395 2725 2472 2757 sintii.

2268 2765 2403 2791 tattonem
2417 2776 2471 2802 po-

2267 2799 2316 2828 test
2332 2800 2450 2835 lucrari.

2305 3269 2373 3306 Q¹d
2385 3284 2471 3311 penus

2267 3312 2442 3346 neflmmtorfi
2453 3331 2470 3350 ς

2269 3344 2421 3383 Remum-³

2265 3388 2453 3426 “trerminu-

2266 3425 2334 3456 dutu
2348 3448 2358 3459 .
