2628 4026
146 2330 213 2364 Qua
241 2326 349 2356 ratione

144 2367 292 2395 GrAtianus
310 2366 353 2395 diff

144 2414 214 2435 xerrt
241 2403 292 2432 elle
317 2404 352 2432 de

143 2447 203 2481 jure
246 2452 349 2470 narurre

145 2491 206 2518 φιτ
228 2483 252 2509 in
277 2482 349 2517 suci-:t

146 2528 324 2548 contenentut·

146 2557 277 2597 scriptura
291 2574 300 2591 ς

359 245 394 280 8(
414 190 539 279 εξϊέεκ
552 238 687 274 ratione
700 235 840 272 formali
852 237 1212 281 extremorum,queis
1225 230 1299 278 ipsa

360 293 458 330 dedit
478 292 627 338 primum
655 289 720 334 effi?
741 285 966 329 intelligibile
989 288 1022 322 8(
1042 285 1194 331 possibile
1211 305 1223 323 ‚
1250 284 1300 316 ita

360 342 554 381 necessario
571 339 788 375 intellectum
806 337 1074 382 participantem
1091 337 1176 371 lucis
1191 334 1301 372 illius,

361 395 523 443 judicare
538 391 568 424 8(
582 391 777 437 approbare
794 396 936 432 oportet
952 399 963 426 ;
989 397 1076 431 ergo
1102 386 1300 431 primorum

362 443 623 495 principiorum
642 441 683 474 de
707 436 951 483 operabilibus
975 436 1216 471 connexiones
1232 460 1242 474 ‚
1265 434 1300 468 &

362 492 544 533 neceffitas
570 488 837 525 conclusionum
866 497 911 520 ex
940 487 1021 531 ipsis
1053 485 1302 526 dedufflrum,

365 534 677 582 omniintellefflui
704 535 916 583 concipienti
943 537 1115 572 terminos
1132 562 1142 576 ‚
1167 536 1214 570 est
1230 545 1298 568 nna

365 597 561 633 eademque
576 591 668 637 apud
680 597 803 622 omnes
816 611 828 626 ,
840 586 901 631 qui
916 584 995 621 faffi
1015 586 1092 620 sunt
1112 585 1304 631 participes

366 644 513 683 rationis
532 668 538 680 ‚
565 654 604 676 ac
617 636 764 687 proinde
782 638 815 671 in
832 647 893 670 eos
908 636 1067 675 derivata
1084 636 1131 672 est
1149 647 1213 683 pro
1229 644 1306 670 mo-

366 697 454 734 dulo
483 691 639 737 ipsorum
664 691 726 725 lux
751 689 928 721 increata.

469 745 716 779 Veruntamen
734 763 744 778 ,
767 734 886 782 quoad
901 746 940 774 ea
956 760 968 776 ‚
993 745 1223 780 queeatenus
1253 733 1304 768 di-

368 804 499 834 cuntur
514 790 668 836 speftare
685 786 727 820 ad
744 788 854 831 legem
872 794 1198 829 nature,quatenus
1211 785 1307 832 prin-

367 844 471 891 cipiis
489 841 609 886 primis
624 836 887 884 operabilium3
917 834 949 868 8(
964 835 1255 870 conclusionibus
1271 836 1308 871 in

368 898 417 934 eis
434 890 571 932 inclusis
586 889 663 924 sur-t
685 883 838 921 consona
856 909 868 926 ‚
890 882 1005 932 dispar
1017 883 1065 921 est
1077 886 1169 923 ratio
1183 911 1192 922 .
1226 885 1308 930 A¹39

367 941 550 992 fiquidem‚
570 938 752 987 atquealitj
766 935 905 981 possunt
938 936 1004 972 else
1021 933 1259 979 persuasiones
1275 937 1308 972 3(

368 989 643 1034 consuetudines
661 987 740 1023 inde
752 984 896 1031 indufle¹
908 987 1003 1032 apud
1017 985 1174 1022 diversas
1194 988 1309 1021 natio-

366 1056 463 1087 ηας
490 1041 678 1087 queetiam
700 1037 887 1073 mutabiles
901 1035 978 1071 sunt
1010 1047 1074 1080 pro
1101 1047 1308 1083 temporum

368 1093 570 1132 diversitate
598 1089 744 1135 aliisque
758 1086 869 1122 caulis
882 1085 1086 1122 exrrinsecis
1103 1087 1148 1122 ad
1164 1089 1310 1134 probio.

367 1161 408 1187 ra
421 1141 599 1192 sequenda
625 1139 768 1176 consilia
783 1165 793 1179 ‚
823 1147 883 1173 aut
913 1135 1011 1173 secus
1042 1137 1310 1174 inducentibus⁴

369 1203 472 1240 Nam
484 1205 603 1244 quam>
621 1193 650 1228 is
675 1188 867 1225 consonum
896 1188 934 1223 {it
952 1188 1018 1233 legi
1049 1190 1204 1224 naturali
1228 1200 1313 1234 pro·

365 1246 519 1300 priffime
533 1254 675 1290 accepte
688 1268 700 1283 ,
722 1241 840 1274 virum
857 1241 887 1275 ἃ
908 1238 1082 1276 foeminam
1100 1240 1247 1275 vinculo
1260 1240 1314 1274 in-

370 1294 564 1339 dissolubili
579 1294 704 1339 illigari
720 1291 761 1326 ad
780 1290 911 1337 prolem
926 1290 1198 1334 suscipiendam,
1215 1289 1314 1325 debi-

369 1360 479 1398 teque
493 1344 712 1380 educandam
732 1355 744 1383 3
768 1351 924 1376 attamen
952 1341 987 1378 id
1005 1339 1149 1384 perinde
1178 1350 1248 1374 non
1264 1338 1313 1379 est

372 1399 542 1438 omnibus
554 1395 721 1439 gentibus
735 1392 779 1428 fic
799 1401 924 1426 notum
951 1401 989 1425 ut
1024 1390 1246 1425 contrarium
1263 1390 1314 1424 eis

372 1447 657 1501 persuaderinon
675 1443 832 1489 potuerit
859 1466 868 1475 .
898 1444 1025 1489 (Qu-are
1044 1438 1314 1475 multitudinem

375 1508 531 1539 uxorum
546 1496 604 1530 alii
618 1496 769 1540 probant
784 1492 897 1527 veluti
929 1494 1040 1534 magis
1070 1489 1160 1538 quid
1188 1488 1315 1524 conso-

372 1563 459 1588 num
474 1557 606 1583 naturae
623 1543 795 1580 institutis
811 1569 822 1584 ,
852 1542 1040 1586 satagentis
1073 1540 1314 1585 multiplicare

370 1596 694 1649 genusliumanum
716 1605 727 1633 3
752 1592 909 1627 aliivero
923 1602 1049 1636 putant
1064 1591 1105 1627 ad
1129 1591 1316 1637 publicum

372 1645 604 1688 commodum
620 1645 794 1689 pertinere
807 1668 817 1684 ,
831 1652 980 1678 uxorem
996 1640 1144 1676 sterilem
1158 1639 1316 1675 dimitte-

373 1714 412 1739 re
432 1709 492 1741 ‚ac
509 1695 710 1732 foecundam
728 1691 1001 1737 superinducere
1015 1716 1024 1725 .
1043 1690 1179 1727 Pariter
1195 1690 1239 1725 de
1258 1703 1314 1725 re-

375 1764 457 1788 rum
474 1746 646 1783 divisione
665 1746 695 1780 8(
715 1744 762 1779 ita
775 1743 817 1777 de
830 1743 951 1778 multis
967 1743 1046 1777 aliis
1060 1769 1070 1784 ,
1087 1753 1159 1788 qm?
1174 1751 1315 1776 tantum

373 1803 455 1840 sunt
469 1796 623 1834 consona
637 1797 704 1840 legi
723 1802 855 1830 naturae
865 1795 1033 1828 omnibus
1050 1805 1160 1828 notae.
1196 1795 1248 1828 De
1264 1791 1317 1827 liis

373 1853 485 1900 igitur
499 1845 690 1885 dicendum
705 1843 753 1880 est
766 1868 779 1888 ‚
810 1845 921 1888 legem
936 1854 1070 1879 naturae
1084 1843 1189 1880 aliam
1207 1854 1318 1889 atque

374 1904 478 1944 aliam
494 1897 560 1935 effe
576 1896 669 1942 apud
683 1895 841 1931 nationes
857 1892 1013 1930 diversas
1029 1907 1041 1935 ;
1062 1894 1147 1940 quia
1167 1893 1241 1941 aliae
1260 1919 1270 1935 ,
1284 1895 1316 1929 8(

377 1951 564 1988 contrarie
579 1946 724 1982 subinde
755 1944 896 1992 possunt
924 1943 990 1980 effe
1003 1946 1098 1995 apud
1123 1942 1218 1991 ipsos
1242 1954 1320 1994 per-

378 2001 556 2040 suafiones,
572 2024 581 2034 .

483 2050 537 2087 Ad
556 2059 764 2095 argumenta
778 2073 789 2084 .
810 2046 864 2083 Ad
880 2045 1031 2093 primum
1046 2045 1204 2082 concedo
1222 2071 1233 2086 ,
1249 2056 1322 2081 non

378 2101 497 2139 omnia
513 2112 593 2149 quae
611 2099 842 2133 continentur
858 2098 892 2130 in
907 2096 1088 2142 Scriptura
1117 2097 1236 2131 divina
1253 2094 1320 2130 effe

378 2152 422 2188 de
436 2150 515 2197 jure
532 2160 663 2186 naturae
686 2148 792 2193 3quia
808 2157 872 2181 nec
887 2146 942 2180 illa
957 2146 1075 2179 omnia
1093 2144 1171 2182 sunt
1190 2144 1322 2189 princi-

378 2203 437 2250 pia
454 2199 610 2247 manica
628 2210 709 2235 nota
725 2207 766 2232 ex
780 2196 940 2232 terminis
954 2217 964 2226 κ
994 2207 1056 2229 nec
1075 2195 1322 2232 conclusiones

379 2252 543 2300 praeti'ae
555 2247 856 2284 demonstrataeex
868 2247 915 2282 eis
933 2259 942 2282 :
959 2256 1021 2279 nec
1040 2257 1123 2279 veta
1138 2245 1323 2281 evidenter

382 2303 534 2338 consona
547 2300 679 2334 talibus
692 2298 888 2345 principiis,
901 2296 933 2330 8(
947 2294 1322 2334 conclusionibus3ex·

385 2351 570 2397 ponestlns
587 2348 634 2383 est
651 2358 737 2391 ergo
749 2346 945 2382 Gratianus
964 2369 974 2384 ‚
997 2343 1095 2391 quod
1120 2344 1323 2381 exrenderit

386 2403 456 2449 7ης
470 2397 634 2439 naturale
646 2424 655 2437 ‚
682 2397 723 2430 ad
735 2395 794 2442 jus
813 2395 1009 2439 positivum
1025 2395 1070 2428 ab
1084 2393 1249 2430 Authore
1263 2407 1324 2429 na.

384 2443 472 2488 {urse
487 2449 656 2485 ‹radivum
676 2473 686 2488 ,
712 2458 749 2482 ut
763 2445 995 2492 distinguitur
1009 2454 1135 2479 contra
1160 2446 1228 2483 alia
1241 2443 1323 2490 jura

381 2502 532 2552 positiva
553 2502 621 2534 lata
641 2509 701 2539 per
718 2508 776 2531 eos
791 2498 874 2543 ,qui
893 2507 1025 2531 naturae
1039 2495 1241 2531 conditores
1257 2507 1324 2531 non

383 2553 606 2590 extiterunt.
624 2547 805 2595 Qoniam
822 2558 908 2592 ergo
920 2547 1105 2592 compluta
1122 2559 1164 2580 ex
1178 2547 1231 2581 his
1244 2558 1325 2591 qua:

383 2603 612 2640 continentur
627 2601 658 2633 in
672 2599 775 2641 Sacra
791 2597 974 2643 Scriptura
989 2608 1057 2631 non
1078 2594 1156 2631 sunt
1183 2608 1266 2631 nota
1282 2607 1326 2631 ex

383 2652 544 2692 terminis
559 2677 567 2691 ‚
593 2660 656 2684 nec
668 2645 956 2683 demonstrabilia
972 2658 1014 2681 ex
1027 2647 1157 2683 talibus
1175 2648 1325 2688 notis‚ut

384 2714 528 2745 aptatur
540 2703 588 2736 eis
602 2711 727 2733 nomen
743 2698 828 2742 legis
841 2698 1017 2733 naturalis
1030 2723 1040 2738 ‚
1057 2698 1325 2733 concedendum

384 2754 432 2790 est
446 2776 458 2794 ‚
482 2749 654 2796 ejusmodi
670 2760 737 2783 non
756 2747 821 2783 effe
833 2748 954 2784 eadem
970 2748 1066 2794 apud
1080 2749 1256 2787 omnen&
1274 2758 1326 2781 ta-

384 2805 435 2842 les
450 2802 527 2837 sunt
541 2797 966 2844 caerernoniaeJudeorum
982 2810 1048 2844 pro
1059 2809 1219 2846 tempore
1232 2799 1326 2833 illius

384 2854 473 2898 legis
491 2864 502 2890 ;
533 2852 564 2885 8(
582 2849 870 2891 Christianorum
887 2859 1122 2896 protempore
1156 2849 1243 2894 legis
1262 2860 1328 2883 no-

384 2904 567 2941 strae.Naec
581 2899 672 2933 enim
686 2897 734 2934 est
750 2898 934 2935 evidenter
947 2910 1075 2934 notum
1091 2912 1136 2935 ex
1148 2900 1325 2939 terminis,

382 2965 449 2990 nec
463 2947 742 2986 demonstr-num
760 2960 802 2984 ex
817 2949 867 2983 eis
885 2975 896 2990 ,
922 2961 986 2985 nec
1001 2949 1226 2995 perspicuum
1257 2949 1326 2983 illis

384 3001 581 3038 consonum
601 3025 610 3040 ‚
639 2997 755 3035 Deum
773 2997 841 3034 effe
856 2999 1044 3034 colendum
1059 3001 1092 3033 in
1110 2999 1327 3036 immolatio-

383 3054 490 3090 nibus
504 3049 692 3085 bestiarum
708 3050 834 3084 vereris
848 3047 1060 3094 legis‚idque
1075 3061 1138 3095 pro
1149 3060 1328 3095 quocum·

381 3115 455 3149 que
471 3111 630 3146 tempore
652 3112 663 3140 ;
683 3110 745 3134 nec
761 3100 795 3133 in
807 3099 1016 3144 ceremoniis
1030 3126 1040 3141 ‚
1070 3101 1102 3135 8(
1123 3101 1249 3134 ritibus
1261 3100 1329 3135 Sa-

384 3160 646 3190 eramentorum
663 3149 749 3194 legis
762 3148 897 3194 nostre3
911 3150 990 3184 licet
1003 3150 1069 3196 hec
1083 3151 1115 3185 8<
1129 3151 1185 3185 illa
1199 3152 1246 3184 ita
1263 3150 1326 3185 sint

385 3201 539 3238 consona
558 3200 627 3244 legi
644 3211 770 3245 nature
783 3225 795 3242 ,
811 3210 849 3233 ut
864 3211 934 3235 non
952 3211 1149 3247 repugnent
1167 3228 1174 3235 .

489 3249 547 3286 Ad
562 3249 752 3284 secundum
770 3248 966 3294 respondeo
979 3276 989 3290 ‚
1013 3251 1111 3296 quod
1127 3249 1263 3297 justum
1280 3249 1329 3286 est

391 3312 501 3349 atque
513 3298 591 3344 ejus
604 3299 856 3339 convenientia
869 3299 910 3333 ad
930 3301 1102 3336 rationem
1132 3311 1213 3335 nota
1226 3301 1274 3336 est
1289 3311 1332 3336 ex

389 3351 553 3388 terminis
569 3375 578 3390 ,
603 3350 658 3384 vel
676 3349 754 3384 inde
768 3349 952 3384 evidenter
966 3350 1205 3389 demonstrata
1218 3377 1228 3392 ,
1247 3362 1332 3386 con-

389 3401 586 3441 cedendum
603 3397 698 3433 estid
718 3412 778 3444 per
792 3397 825 3434 se
842 3400 1015 3445 pertinere
1030 3401 1070 3434 ad
1089 3402 1198 3443 legem
1229 3413 1334 3437 natu-

391 3453 513 3494 ralem,
531 3460 592 3485 nec
607 3449 706 3484 aliter
722 3447 919 3495 persuaderi
935 3451 1029 3494 poffe
1042 3452 1259 3496 cuicumque
1274 3451 1332 3485 lia.

390 3503 489 3538 benti
510 3499 611 3536 usum
631 3501 775 3533 ravionis
792 3526 800 3534 .
814 3501 863 3537 At
878 3500 899 3534 fi
917 3498 1029 3538 sermo
1046 3499 1068 3535 fi
1084 3512 1110 3535 ε)
1124 3501 1166 3538 de
1184 3503 1272 3543 aliis,
1290 3501 1333 3536 ad

389 3564 463 3598 quq
480 3550 689 3593 extenditur
704 3549 775 3597 Jus
789 3550 966 3591 naturale,
981 3551 1125 3596 eoquod
1142 3564 1210 3587 non
1229 3564 1332 3598 repu-

393 3613 501 3648 gnent
518 3602 558 3636 iis
578 3628 588 3642 ‚
609 3612 682 3646 que
700 3600 817 3635 stricte
836 3599 912 3635 sunt
926 3601 968 3637 de
986 3602 1062 3645 lege
1088 3614 1212 3649 nature
1229 3616 1240 3637 ε
1271 3613 1334 3637 aut

393 3652 600 3700 permultas
619 3651 907 3690 ratiocinationes
931 3652 1062 3687 exinde
1091 3651 1221 3689 deduci
1248 3664 1337 3699 que-

392 3713 470 3742 ant,
485 3703 526 3737 dc
544 3702 613 3743 his,
626 3701 785 3746 inquam,
800 3712 869 3736 non
883 3712 1024 3747 oportet
1043 3715 1146 3739 unam
1162 3704 1337 3739 eamdem-

391 3764 466 3798 que
482 3751 548 3788 esse
563 3750 655 3798 apud
667 3762 790 3792 omnes
805 3751 1198 3799 existimationem3quia
1215 3753 1339 3790 secun-

393 3802 481 3839 dum
497 3800 652 3838 diversas
667 3803 848 3837 nationum
862 3800 1106 3851 dispositiones
1121 3830 1132 3846 ‚
1149 3805 1213 3840 alia
1231 3815 1338 3850 atque

983 167 1164 220 Summae
1193 159 1384 229 ‘Joanm’s
1421 164 1552 215 Duns
1581 164 1697 213 Scoti

1375 232 1444 268 alia
1459 236 1585 281 opinio
1598 232 1740 279 concipi
1759 231 1872 279 potest
1888 231 1930 268 de
1960 230 2030 266 illis
2060 255 2069 266 .
2094 231 2202 269 Vnde
2231 230 2326 277 apud

1378 285 1575 331 Spartiatas
1589 285 1685 320 laudi
1712 283 1953 328 deputabatur
1983 282 2121 317 furtum
2150 282 2274 321 callide
2289 283 2324 319 8(

1378 336 1579 371 clanculum
1595 333 1929 380 facere3spe6‘tantes
1942 333 2107 368 nimirum
2123 332 2326 375 audaciam,

1380 385 1413 420 &
1433 384 1655 429 sagacitatem
1683 395 1806 419 eorum
1822 410 1834 426 ‚
1863 384 1927 429 qui
1959 382 2171 419 furabantur
2184 410 2195 425 ,
2221 382 2324 427 quast

1379 436 1486 474 utiles
1500 434 1712 481 Reipublicg
1726 434 1879 470 futuros.
1896 434 2037 473 Revera
2050 445 2170 470 aurem
2183 443 2326 468 contra.

1380 497 1471 520 rium
1486 485 1647 531 apprime
1661 485 1826 529 congruit
1839 482 2023 530 principiis
2040 485 2247 520 naturaliter
2263 494 2329 518 no-

1379 536 1424 569 tis
1443 559 1453 573 ,
1468 536 1574 580 quale
1589 532 1637 567 est
1652 532 1739 567 illud
1759 559 1770 574 ,
1796 534 1893 580 quod
1908 532 1977 572 laco
1994 536 2053 569 cit.
2082 536 2212 579 alleget
2228 533 2330 568 Gra-

1381 584 1503 619 tianus
1514 607 1526 625 ‚
1557 583 1690 621 Omnia
1702 593 1925 630 quaecamque
1940 584 2052 619 vultis
2067 585 2255 630 ursariam
2269 594 2331 619 vo-

1379 633 1432 671 bis
1445 633 1596 670 homines
1614 660 1623 674 ‚
1634 642 1678 671 Θ·
1692 644 1751 668 vos
1754 633 1870 679 facite
1889 634 1959 669 illis
1973 654 1983 663 ·
2000 633 2172 670 stlatthaei
2183 647 2218 684 7.
2234 632 2329 669 idem

1380 684 1572 720 dicendum
1589 683 1632 718 de
1650 695 1718 719 una
1737 685 1789 719 vel
1808 685 1970 731 pluribus
1988 685 2164 723 uxoribus
2196 684 2328 720 haben-

1380 734 1435 772 dis
1450 760 1459 769 .
1477 735 1545 774 Etsi
1561 735 1652 775 enim
1668 745 1738 769 non
1755 734 1947 770 neceffirio
1964 733 2131 780 sequatur
2157 748 2203 771 ex
2233 733 2330 768 notis

1381 785 1516 821 lumine
1530 795 1663 821 naturae
1680 811 1690 826 ‚
1715 785 1763 820 est
1776 795 1895 821 tamen
1911 796 2036 826 verum
2050 786 2331 826 evidenter-con-

1380 834 1506 871 sonum
1547 835 1733 883 principiis
1758 837 1924 882 praeficis
1937 861 1947 876 ,
1975 836 2008 871 8(
2036 834 2332 871 conclusionibus

1380 886 1510 921 exinde
1526 885 1701 925 detinetis,
1717 898 1844 922 marem
1861 913 1871 927 ‚
1885 887 1919 922 8(
1939 885 2119 921 foeminam
2132 898 2236 921 unam
2249 895 2334 930 per-

1381 947 1494 983 petuo
1506 936 1660 982 obligari
1672 936 1715 971 ad
1728 935 1832 972 finem
1846 935 2056 986 procreandi
2068 938 2220 985 prolem,
2234 935 2334 971 debi-

1379 997 1416 1026 te
1432 985 1654 1022 educandam
1668 1012 1678 1025 ‚
1848 987 1851 989 ’

1480 1036 1539 1072 Ad
1559 1035 1702 1071 tertium
1715 1036 1904 1077 dicendum
1922 1065 1933 1080 ‚
1962 1037 2053 1073 lllud
2067 1048 2212 1084 propter
2227 1034 2327 1084 quod
2356 1048 2388 1114 ἔ.
2423 1038 2563 1109 ‹132de
2603 1040 2606 1090 ζ

1381 1086 1546 1124 laudatur
1559 1086 1668 1121 homo
1684 1088 1716 1121 in
1727 1088 1911 1133 operando
1925 1115 1935 1131 ‚
1949 1100 2018 1124 non
2036 1087 2084 1123 est
2101 1087 2324 1122 statuendum

1381 1138 1415 1173 in
1428 1150 1470 1172 co
1485 1163 1497 1179 ‚
1511 1136 1611 1185 quod
1629 1135 1679 1172 est
1696 1137 1755 1173 fibi
1772 1149 1961 1175 commune
1983 1150 2063 1173 cum
2082 1137 2328 1178 bruti53babet

1381 1199 1500 1228 autem
1516 1199 1800 1224 communecum
1815 1191 1930 1225 brutis
1961 1190 2158 1237 appetitum
2191 1189 2333 1224 sensiti-

1382 1251 1465 1276 vum
1483 1267 1494 1282 ,
1525 1240 1586 1285 qui
1602 1249 1664 1284 pro
1679 1238 1880 1275 diversitate
1893 1241 2203 1286 complexionum,
2219 1241 2252 1276 8(
2266 1251 2329 1273 va-

1382 1290 1520 1327 liditate
1534 1289 1726 1336 passionum
1738 1288 1975 1326 diversimode
1991 1291 2329 1337 inclinatur,nempe

1380 1340 1424 1374 ad
1444 1339 1584 1385 objecta
1599 1338 1902 1386 concupiscibilis,
1916 1342 1948 1376 8(
1971 1341 2177 1380 irascibili33
2199 1342 2227 1376 8<
2243 1352 2328 1376 cum

1380 1391 1619 1429 inteileffivus
1634 1390 1815 1434 appetitus
1828 1390 1866 1424 {it
1884 1390 1916 1424 ei
1928 1391 2050 1426 unitus
2069 1416 2078 1429 ‚
2102 1389 2249 1426 subinde
2262 1402 2337 1425 va-

1381 1441 1430 1480 rie
1444 1441 1636 1478 inclinatur
1653 1463 1660 1475 ‚
1689 1440 1741 1472 vel
1758 1450 1864 1483 aptus
1895 1439 1943 1474 est
1972 1440 2157 1480 inclinari,
2187 1441 2218 1475 8(
2234 1440 2330 1476 flesti

1381 1494 1425 1529 ad
1441 1489 1578 1528 diversa
1596 1488 1683 1522 vitia
1698 1513 1709 1523 .
1729 1487 1974 1525 Veruntamen
1994 1490 2046 1525 hae
2079 1490 2330 1528 inclinationes

1379 1542 1532 1580 sensitivi
1549 1538 1730 1586 appetitus
1745 1550 1815 1575 non
1834 1538 1991 1586 spectant
2009 1540 2050 1574 ad
2069 1540 2248 1587 propriam
2265 1539 2333 1573 ho-

1382 1595 1487 1631 minis
1506 1592 1655 1626 formam
1674 1615 1685 1630 ‚
1715 1600 1787 1636 qua
1803 1589 1996 1625 secundum
2013 1589 2190 1627 essentiam
2208 1588 2331 1626 differt

1383 1659 1402 1680 a
1416 1644 1531 1678 bruris
1547 1669 1554 1676 .
1574 1640 1635 1675 llla
1655 1638 1767 1683 igitur
1781 1640 1829 1675 est
1848 1641 1937 1676 ratio
1958 1653 1969 1681 ;
1995 1639 2102 1686 cujus
2121 1641 2169 1676 est
2186 1642 2334 1687 ope-rari

1383 1693 1578 1731 secundum
1597 1691 1709 1734 leocm
1724 1694 1919 1727 naturalem
1937 1691 1997 1727 libi
2017 1701 2140 1726 notam
2155 1717 2166 1733 ‚
2193 1692 2227 1727 8(
2255 1691 2334 1727 cui-

1383 1740 1619 1790 cumqueipsa
1647 1741 1782 1777 ratione
1797 1767 1808 1783 ,
1838 1741 1991 1787 ejusque
2019 1742 2250 1777 inclinatione
2282 1743 2335 1778 uti

1383 1795 1520 1833 volenti
1539 1806 1552 1834 ;
1575 1793 1607 1827 8(
1621 1802 1702 1824 cum
1719 1790 1793 1825 haec
1813 1794 1903 1829 ratio
1922 1793 1958 1827 lit
1979 1805 2045 1828 una
2061 1803 2121 1837 per
2143 1793 2336 1839 participa-

1387 1847 1523 1882 tionem
1550 1844 1584 1877 in
1597 1841 1766 1876 omnibus
1793 1840 2001 1879 horninibus
2026 1844 2132 1877 unius
2160 1844 2248 1878 lucis
2281 1844 2338 1877 in-

1386 1904 1600 1934 creatae‚una
1613 1890 1812 1937 eademque
1828 1895 1892 1928 erit
1907 1893 2001 1940 apud
2014 1905 2136 1930 omnes
2153 1894 2213 1930 lex
2232 1902 2340 1929 natu·

1386 1959 1431 1984 1·ae
1447 1959 1459 1987 ;
1487 1943 1586 1991 quod
1601 1951 1674 1979 erat
1686 1940 1944 1979 declarandum
1958 1969 1968 1981 .

1560 2043 2064 2083 ARTICVLVS
2116 2045 2169 2083 V.

1537 2146 1672 2182 Utrum
1689 2147 1750 2183 lex
1768 2154 1905 2182 naturae
1922 2145 2053 2180 mutari
2066 2144 2166 2193 poffit
2180 2169 2191 2179 .

1464 2244 1600 2281 votior
1618 2256 1650 2292 3.
1668 2245 1757 2282 dm.
1775 2257 1830 2292 37.
1846 2256 1878 2290 q.
1896 2256 1956 2280 tan.
1975 2245 2014 2281 S.
2036 2244 2158 2281 Thom.
2177 2257 2207 2282 r.
2225 2258 2262 2285 2.

1734 2307 1769 2344 q.
1787 2306 1845 2342 94.
1859 2303 1930 2331 art.
1949 2302 1983 2339 5.

1516 2394 1708 2431 ldeturlex
1724 2406 1859 2431 naturae
1873 2394 2107 2430 mutationem
2124 2394 2246 2432 subire
2257 2395 2340 2441 pos-

1525 2445 1571 2482 se.
1588 2449 1683 2482 Nam
1701 2457 1824 2482 contra
1842 2447 1952 2490 legem
1967 2446 2163 2482 naturalem
2179 2445 2226 2483 est
2238 2447 2339 2480 occi·

1390 2497 1440 2532 fio
1459 2497 1826 2537 bominisinnocentis
1840 2522 1850 2538 ,
1881 2496 2040 2531 fimiliter
2056 2497 2088 2532 8(
2103 2496 2277 2539 scortari,
2301 2497 2337 2534 8(

1393 2547 1529 2582 furari.
1548 2546 1661 2592 Atqui
1677 2546 1749 2583 haec
1764 2546 1997 2582 inveniuntur
2014 2545 2113 2582 fuiffe
2139 2559 2272 2586 mutata
2289 2561 2338 2582 a„

1395 2600 1476 2635 Deo
1490 2598 1717 2643 precipiente
1735 2597 1944 2636 Abrahamo
1962 2622 1972 2638 ,
1997 2608 2034 2631 ut
2053 2597 2270 2634 interficeret
2296 2596 2340 2632 fi-

1391 2649 1478 2686 lium
1499 2647 1598 2683 suum
1623 2647 1777 2684 isaacum
1793 2648 1947 2683 Genaz.
1968 2648 2001 2682 8(
2016 2646 2162 2692 jubente
2177 2649 2340 2694 Hebrqos

1391 2702 1557 2736 exituros
1573 2697 1615 2732 de
1635 2700 1776 2745 Egypro
1793 2697 1970 2744 asportare
1987 2697 2135 2742 pretiosa
2153 2710 2340 2745 quaqua,

1392 2752 1539 2787 illorum
1555 2774 1565 2785 .
1584 2748 1699 2785 Exadi
1715 2760 1724 2784 ι
1741 2761 1768 2784 1.
1787 2749 1905 2785 6712.
1923 2752 1963 2782 l-Lt
1978 2748 2133 2793 deni-que
2151 2748 2340 2787 mandante

1391 2800 1494 2836 Oseae
1514 2826 1524 2840 ‚
1547 2809 1586 2832 ut
1626 2798 1759 2834 faceret
1794 2797 1856 2833 sibi
1894 2796 1988 2834 filios
2014 2811 2057 2834 ex
2090 2797 2341 2839 fornicatione,

1394 2850 1489 2896 Osee
1505 2862 1512 2883 t
1526 2875 1536 2885 .
1554 2848 1669 2890 lgitur
1681 2853 1738 2885 lex
1753 2859 1889 2885 naturae
1903 2848 2097 2895 aliquando
2109 2859 2243 2883 mutata
2255 2847 2341 2889 fuit,

1394 2903 1430 2939 &
1447 2898 1596 2937 subinde
1610 2901 1739 2934 mutari
1759 2900 1869 2945 potest
1885 2925 1896 2936 .

1496 2949 1669 2987 Praete'rca
1684 2973 1694 2989 ,
1708 2949 1914 2987 Secundum
1942 2947 2114 2984 Isidorum
2131 2961 2163 2991 4.
2195 2948 2343 2995 etymol.

1393 2997 1718 3049 cap.4.Comraunir
1733 3004 1884 3035 omnium
1898 2997 2168 3045 pffffio,&una
2180 2998 2342 3039 libertas,

1395 3054 1444 3097 ef?
1460 3048 1596 3096 dejure
1611 3049 1772 3085 naturali
1809 3050 1879 3086 Sed
1897 3049 1918 3082 h
1931 3060 1970 3083 ec
1984 3061 2043 3094 per
2058 3049 2231 3084 humanas
2248 3050 2343 3094 leges

1396 3104 1468 3151 ij
1484 3100 1719 3136 mutationem
1736 3099 1825 3146 palsa
1855 3100 2084 3134 inveniuntur
2099 3126 2107 3139 ‚
2127 3098 2343 3144 superindu-

1398 3155 1453 3193 ἂι
1469 3162 1585 3187 rerum
1601 3148 1772 3185 divisione
1790 3176 1800 3192 ,
1815 3150 1848 3185 &
1865 3150 2101 3184 dominiorum
2117 3149 2338 3190 diversitate,

1399 3214 1439 3238 ac
1455 3201 1618 3249 pluribus
1636 3200 1798 3246 adempta
1833 3201 2019 3238 libertate3
2044 3211 2130 3245 ergo
2155 3200 2212 3234 lex
2233 3210 2343 3234 natu·

1400 3254 1482 3289 ralis
1498 3250 1546 3286 est
1562 3251 1740 3285 mutabilis
1754 3262 1813 3295 per
1827 3250 1919 3295 leges
1931 3249 2103 3284 humanas
2120 3276 2128 3285 .

1501 3301 1638 3335 Contra
1654 3326 1664 3341 ‚
1686 3300 1773 3335 Dist.
1790 3309 1822 3344 ς.
1840 3300 1953 3334 statim
1974 3312 1990 3333 a
2006 3300 2180 3347 principio
2194 3325 2203 3334 .
2229 3296 2344 3347 Coepn'c

1401 3351 1568 3389 naturale
1589 3351 1650 3396 jas
1674 3349 1717 3382 ab
1745 3349 1892 3386 exordio
1922 3350 2110 3385 rationalis
2138 3362 2312 3388 crearurae
2329 3375 2341 3391 ,

1401 3415 1464 3440 nec
1475 3403 1647 3436 variatur
1661 3409 1813 3448 tempore
1823 3395 1887 3447 sed
1903 3399 2119 3435 immutabile
2136 3411 2314 3442 permanet
2330 3424 2342 3437 .

1507 3450 1719 3495 Respondeo
1735 3475 1747 3491 ‚
1764 3451 1875 3494 legem
1897 3461 2029 3485 narurae
2047 3453 2178 3486 mutari
2193 3451 2327 3498 duplici

1403 3513 1455 3538 ter
1472 3501 1621 3548 intelligi
1641 3498 1757 3545 posse.
1778 3504 1871 3538 Nam
1888 3499 2045 3545 subjecit:
2064 3501 2152 3537 foret
2177 3502 2347 3535 variatio-

1405 3554 1464 3592 ni,
1483 3552 1537 3586 vel
1553 3564 1613 3597 per
1631 3550 1848 3585 additionem
1876 3561 2134 3596 praeceptorurn
2164 3550 2204 3584 ad
2235 3551 2348 3596 legem

1409 3612 1548 3638 naturae
1567 3628 1576 3642 ‚
1596 3601 1651 3636 vel
1670 3611 1806 3636 murata
1838 3601 2018 3636 <liceretur
2050 3614 2112 3648 pet
2137 3602 2350 3637 diminutio-

1413 3664 1490 3688 nem
1505 3651 1701 3687 eorundem
1714 3675 1724 3686 .
1740 3651 1780 3686 Et
1799 3651 1914 3696 primo
1931 3652 2077 3697 quidem
2102 3652 2208 3686 modo
2220 3678 2231 3694 ‚
2262 3652 2350 3685 citra

1410 3713 1517 3737 omne
1535 3702 1789 3736 inconveniens
1806 3703 2017 3748 intelligitur
2034 3714 2166 3738 mut-tta
2181 3704 2236 3738 leit
2250 3713 2353 3737 natu-

1409 3766 1454 3788 rae
1471 3779 1478 3787 .
1499 3748 1682 3798 Siquidem
1697 3752 1743 3786 est
1763 3752 1818 3787 lex
1844 3763 1977 3787 natura:
1995 3778 2006 3794 ,
2037 3755 2151 3788 Deum
2177 3763 2350 3796 tanquam

1410 3803 1516 3842 finem
1554 3804 1717 3838 ultimum
1733 3829 1743 3845 ‚
1767 3814 1999 3851 primumque
2022 3805 2185 3840 omnium
2219 3802 2352 3848 princi·

2186 3863 2301 3899 pium,

2353 677 2384 705 4.
2412 660 2477 692 dist.
2507 661 2559 690 26.

2353 716 2384 739 n·
2395 708 2425 735 ⁷·

2356 1120 2430 1154 763Ῑο
2442 1135 2454 1149 ο

2383 3438 2428 3467 De
2463 3434 2605 3474 praesenti:

2383 3476 2478 3514 quaest.
2492 3473 2605 3502 ΑΙιης.ἰ

2385 3522 2412 3549 3.
2435 3524 2465 3552 p.
2483 3523 2508 3548 q.
2539 3515 2605 3544 27.)

2386 3562 2423 3580 m.
2438 3559 2466 3586 ς.
2487 3559 2547 3579 art.
2558 3560 2586 3578 ι..

2390 3738 2513 3770 prowm&
2533 3748 2548 3772 q
2564 3747 2603 3764 ιω

2392 3786 2414 3809 0-
2449 3784 2487 3804 :Ic
2509 3785 2604 3814 qun-l

2392 3823 2418 3844 to
2432 3833 2441 3843 0

2604 1152 2617 1182 ll

2604 1177 2606 1194 l

2603 1186 2617 1226 :¹
