2576 3991
249 251 352 275 verto
368 251 412 276 ex
435 239 589 275 fraterna
615 236 789 274 charitate
807 265 817 280 ,
845 236 959 277 sciens
980 243 1189 288 proximum

248 290 329 326 inde
349 288 617 327 aedifieartonem
631 298 820 334 capturum
837 314 846 324 .
861 291 929 326 Hae
941 301 1066 328 omnes
1085 294 1189 330 boni·

29 352 31 379 ι,
248 351 340 376 tates
358 367 368 382 ,
384 339 515 385 quibus
529 347 623 371 unus
638 337 806 386 idemque
816 339 920 377 aftus
929 344 1110 389 propriam
1126 344 1189 379 ha-

246 392 332 427 bent
351 389 500 438 speciem
512 398 563 423 ex
576 385 726 433 obieeto
737 391 929 437 proximo,
955 402 1067 439 atque
1082 395 1188 430 etiam

245 444 291 477 ab
304 436 497 477 extrinseco
513 435 611 480 fine,
633 439 910 478 ubiintenditur
935 451 946 476 ε
973 441 1033 478 sed
1055 443 1188 492 species

244 493 351 528 unius
373 488 440 525 sub
462 489 571 525 altera
594 488 823 532 continetur,
853 491 1051 529 secundum
1085 494 1187 541 quod

244 555 316 579 una
330 550 413 579 nata
429 537 480 574 est
494 538 572 576 aliis
583 552 630 577 ex
645 539 977 590 objeftoimperate
993 569 1002 579 .

341 588 512 638 Amplius
527 589 564 627 in
575 591 699 628 eodem
716 588 802 629 aetu
812 603 1031 632 concurrere
1042 595 1187 643 possunt

240 644 362 681 multae
372 641 514 678 malitiae
527 670 540 685 ‚
565 650 618 677 tot
630 643 775 688 quidem
789 669 803 687 ,
828 655 920 691 qu0t
939 644 1017 682 sunt
1028 647 1188 682 dictami-

239 706 283 730 na
310 693 354 729 de
374 690 547 739 oppofitis
569 692 801 729 bonitatibus
826 719 839 734 ,
878 706 962 744 quae
986 697 1050 744 ipsi
1091 697 1188 732 aaut

231 742 346 779 ineffe
359 743 531 780 deberent
547 770 561 786 ,
588 744 622 779 8(
637 755 708 781 non
724 743 843 781 insunt
866 770 877 781 .
904 747 949 783 Et
976 746 1126 784 subinde
1143 747 1188 783 fi-

231 795 312 830 ·miii
330 792 441 830 modo
455 805 578 831 earum
590 792 725 846 species
742 793 882 845 sumpta
898 808 945 833 ex
970 797 1120 847 objeao
1149 797 1185 836 8(

239 843 310 882 fine
324 872 336 888 ,
357 843 572 882 ordinantur
585 871 596 882 .

375 946 886 988 ARTICULUS
937 949 1052 987 vm.

260 1044 398 1086 v-trum
415 1047 548 1099 aliquis
561 1049 662 1087 aetus
677 1049 718 1086 fit
738 1051 944 1089 indifferens
965 1047 1164 1091 secundum

561 1098 661 1138 suam
676 1099 828 1151 speciem
848 1126 861 1139 .

258 1199 393 1239 ,DoFt‘or
408 1215 444 1240 z.
460 1203 493 1240 d.
508 1216 571 1253 4¹·
585 1201 915 1254 utriusquefiripti
924 1231 934 1241 .
973 1206 1014 1243 S.
1035 1206 1160 1245 Thom.

537 1267 573 1296 ι,
587 1255 739 1303 2.q.18.
755 1262 829 1291 art.
848 1256 884 1295 8.

26 1365 150 1401 ,474
161 1370 206 1398 1ae
346 1350 468 1392 ldetur
483 1355 584 1395 haud
602 1355 738 1394 adstrui
756 1354 852 1406 pofl'e
862 1356 967 1395 uetus
979 1355 1188 1395 indifferens

22 1401 202 1449 furfurum.
356 1401 552 1445 secundum
570 1407 726 1458 speciem
741 1433 753 1445 .
765 1411 862 1446 Nam
877 1409 1074 1445 necessario
1085 1408 1187 1446 aetus

22 1452 120 1521 {gwn—
147 1485 204 1516 hoe
234 1457 358 1493 tranfit
375 1450 478 1504 supet
487 1459 675 1508 objectum
687 1472 698 1497 t
712 1470 774 1495 aut
790 1469 878 1505 ergo
889 1457 940 1497 est
971 1459 1070 1495 actui
1097 1470 1188 1495 con·

20 1530 203 1560 rga-nemum
234 1508 406 1548 veniens,
431 1518 496 1544 aut
509 1510 788 1548 disconveniens
806 1538 817 1548 .
834 1508 872 1546 Si
896 1510 1057 1558 primum
1072 1535 1086 1553 ‚
1119 1509 1187 1546 bo-

25 1559 105 1604 [vipes
125 1571 154 1591 ι.
170 1574 203 1604 p.
237 1560 382 1592 nuterit
407 1567 454 1592 ex
475 1569 607 1600 genere
622 1585 633 1598 ‚
661 1559 711 1592 sm
735 1560 883 1601 minus,
903 1563 1020 1597 malus
1034 1563 1065 1602 ἒς
1101 1569 1184 1607 ergo

24 1598 124 1636 ἴθ’-69·
142 1609 206 1630 Μ’·
230 1605 325 1654 ficut
339 1609 438 1641 inter
444 1608 685 1651 privationem
700 1605 746 1646 ὠ·
757 1605 921 1642 habitum
935 1608 1185 1646 immediatum

20 1641 206 1706 ζκεζοὲξζῑζζ
238 1667 302 1692 non
313 1656 362 1702 est
374 1656 529 1692 medium
544 1671 554 1693 ε
574 1661 628 1693 ita
641 1654 770 1692 bonum
783 1667 970 1701 exgenere
984 1659 1028 1699 ὠ·
1049 1657 1184 1695 malum

24 1714 112 1745 emite
139 1717 202 1745 aem
240 1705 510 1752 exgenerestmt
523 1707 703 1742 contraria
714 1705 925 1742 immediata
945 1721 957 1748 3
983 1709 1103 1744 nullus
1125 1721 1183 1745 er·

24 1751 204 1783 afferentem
235 1755 366 1801 goess‘e
382 1752 499 1802 potest
512 1752 833 1793 aetusindifferens
858 1755 1052 1794 secundum
1078 1758 1182 1798 suam

232 1805 382 1854 ’speciem
395 1828 407 1840 .
1148 1803 1151 1807 ’

336 1854 507 1894 Praeterea
523 1884 535 1900 ‚
562 1855 714 1894 Bonitas
730 1853 766 1891 in
783 1853 868 1891 astu
894 1852 1097 1891 attenditur
1127 1851 1182 1892 se·

234 1906 391 1943 eundum
407 1907 699 1945 convenientiam
712 1904 756 1941 ad
772 1905 904 1942 rei-‘tam
921 1907 1098 1942 rationem
1127 1916 1182 1942 re-

233 1956 408 2005 gulasque
435 1971 603 1997 morum:
630 1956 764 1993 malitia
791 1958 930 1992 veroin
954 1955 1032 2005 ipso
1054 1956 1104 1993 est
1129 1957 1180 1993 ob

232 2007 573 2046 disconvenientiam
591 2011 637 2044 ad
651 2006 830 2044 dic-‘tamen
845 2007 982 2043 rectum
1010 2008 1177 2044 rationis.

230 2060 347 2106 Atqui
365 2059 487 2097 nullus
508 2061 558 2098 est
574 2061 680 2097 aetus
698 2059 811 2095 libere
827 2070 844 2092 a
863 2058 1054 2094 voluntate
1081 2058 1179 2095 elici.

231 2119 290 2145 tus
315 2111 379 2157 qui
405 2121 475 2146 non
496 2110 538 2147 fit
557 2109 740 2150 consonus
769 2120 830 2145 aut
856 2109 1096 2146 diffentaneus
1123 2120 1176 2144 ra.

228 2162 318 2195 ttoni
348 2160 765 2207 proponentiobjeetum
786 2187 796 2202 ,
819 2161 911 2195 circa
927 2160 1026 2206 quod
1058 2158 1176 2196 versa-

228 2221 285 2245 tur
302 2224 313 2252 3
341 2221 427 2254 ergo
444 2224 508 2250 nec
534 2215 665 2260 aliquis
677 2211 746 2250 esse
771 2210 887 2259 potest
910 2211 1014 2247 actus
1032 2212 1177 2248 moralis

227 2260 273 2296 {ic
287 2262 323 2297 in
338 2261 390 2299 sui
407 2261 526 2310 specie
549 2262 760 2300 indifferens
779 2289 790 2304 ‚
824 2272 860 2296 ut
896 2273 967 2298 non
985 2262 1023 2298 stt
1043 2265 1176 2304 bonus,

225 2312 280 2346 vel
306 2314 421 2350 malus
445 2342 458 2357 ,
489 2315 522 2351 8(
553 2313 780 2365 imputabilis
810 2312 857 2348 ad
878 2314 1090 2361 praemium,
1116 2312 1176 2352 vel

224 2374 361 2410 poenarn
377 2390 389 2400 .

326 2414 501 2453 Praeteree
517 2443 527 2459 ,
561 2417 701 2455 Malitia
716 2417 752 2451 in
780 2414 941 2452 motibus
971 2414 1172 2451 formaliter

222 2463 386 2508 quaedam
405 2469 563 2515 privatio
577 2469 626 2505 est
641 2468 807 2505 omnium
824 2493 833 2509 ,
859 2466 915 2502 vel
945 2467 1171 2513 aliquorum,

224 2527 284 2550 aut
297 2519 404 2553 etiam
419 2519 527 2556 unius
543 2532 588 2556 ex
603 2522 654 2558 eis
669 2547 679 2563 ,
705 2519 842 2565 quibus
860 2515 955 2552 resta
971 2514 1172 2563 ratiojudi·

222 2577 281 2602 <²³¹²
296 2591 306 2608 ›
331 2580 499 2615 oportere
514 2567 634 2608 a&um
652 2571 721 2608 effe
733 2580 905 2605 ornatum
926 2580 938 2609 ς
970 2578 1096 2604 contra
1110 2579 1171 2602 ve-

225 2628 266 2651 ro
279 2619 423 2654 bonitas
439 2619 578 2667 integra
600 2621 893 2658 convenientiam
923 2618 1084 2654 omnium
1111 2630 1172 2654 eo·

227 2679 305 2704 rum
322 2669 370 2705 est
388 2696 402 2712 ‚
428 2669 533 2715 juxta
551 2670 640 2706 illud
658 2671 845 2712 Dionvlii:
878 2669 1011 2705 Bonum
1026 2681 1072 2705 ex
1093 2678 1169 2705 tota

225 2718 328 2766 cattss
349 2747 358 2762 ‚
395 2721 527 2756 malum
556 2733 601 2757 ex
623 2730 832 2770 quocunque
855 2717 994 2765 deserite
1016 2744 1025 2753 .
1053 2720 1169 2769 Qod

223 2778 290 2806 art.
311 2782 341 2805 ι.
355 2770 396 2805 ad
411 2772 558 2816 longum
571 2774 693 2808 extitit
709 2771 928 2806 declaratum
945 2797 954 2806 .
987 2767 1082 2805 inter
1098 2771 1165 2806 for-

221 2834 316 2866 mam
335 2833 453 2858 autem
471 2823 502 2858 8(
516 2822 757 2869 privationem
780 2818 862 2868 ejus
876 2832 950 2856 non
967 2819 1061 2855 cadit
1094 2833 1168 2857 me·

221 2871 347 2914 dium3
377 2884 463 2921 crgo
477 2873 576 2909 aStus
606 2876 722 2909 omnis
733 2872 877 2909 moralis
891 2872 928 2907 in
942 2871 1002 2906 sua
1020 2868 1168 2919 speciea

225 2934 289 2958 aut
303 2924 419 2960 bonus
437 2936 497 2959 aut
512 2924 625 2960 malus
637 2923 684 2959 est
699 2950 710 2962 .

322 2975 463 3009 Contra
488 3001 498 3017 ‚
534 2974 746 3010 Ambrosius
762 3000 772 3016 ,
801 2985 830 3009 t.
856 2970 953 3008 offic.
984 2983 1065 3020 cap.
1106 2983 1165 3018 30.

219 3024 245 3068 (
257 3025 288 3061 3(
305 3025 460 3062 refertur
475 3036 495 3062 a
511 3025 689 3071 Magistro
705 3036 738 3060 2.
755 3024 869 3071 d.4o.
885 3035 968 3070 cap.
987 3035 1017 3059 1.
1031 3025 1051 3070 )
1066 3024 1167 3069 efis-

210 3075 326 3123 ftflut
349 3084 436 3112 tuus
453 3103 462 3118 ,
486 3077 604 3123 inquit
623 3101 637 3118 ,
655 3076 751 3123 operi
776 3084 836 3111 tuo
856 3085 977 3110 nomen
1005 3076 1163 3122 imponit.

219 3127 324 3164 Sedsi
342 3125 579 3163 nullusaaus
607 3138 652 3161 ex*
669 3125 701 3160 se
731 3126 826 3162 foret
848 3122 1077 3165 indifferens,
1104 3137 1165 3160 ne·

217 3179 339 3226 quiret
355 3176 439 3225 quis
450 3188 495 3214 ex
511 3189 585 3214 uno
604 3175 738 3214 affeetu
749 3172 818 3213 effe
839 3177 958 3213 bonuz
972 3187 1033 3222 per
1048 3174 1080 3210 se
1093 3201 1105 3218 ,
1128 3175 1162 3209 8(

219 3240 266 3265 ex
280 3230 351 3265 alio
369 3229 485 3264 malus
500 3253 509 3262 .

320 3278 537 3326 Respondeo
555 3305 565 3320 ‚
594 3277 649 3314 Est
664 3275 723 3314 hic
748 3273 924 3313 sententia
946 3273 1165 3315 dicentium,

217 3329 378 3372 Omnino
391 3328 653 3365 admittendum
668 3327 736 3366 cii‘e
751 3328 870 3364 aetum
898 3325 1164 3363 indifferentem

223 3378 420 3415 secundum
437 3381 584 3426 speciem
602 3406 615 3425 ,
642 3381 706 3425 qui
725 3390 795 3414 non
814 3378 853 3413 fit
872 3378 989 3414 bonus
1016 3375 1073 3412 vel
1087 3386 1164 3409 tna-

216 3430 274 3466 ius
287 3430 508 3467 formaliter.
535 3429 632 3464 Cum
662 3432 755 3466 enim
780 3429 881 3465 aetus
910 3428 1064 3475 quilibet
1089 3424 1164 3469 spe-

219 3481 310 3515 ciem
326 3482 479 3527 accipiat
494 3481 541 3514 ab
553 3478 726 3527 obj‹‘6io;
757 3479 899 3514 moralis
919 3478 1021 3514 actus
1036 3478 1081 3512 ab
1099 3475 1163 3511 suo

220 3529 367 3575 objeeto
383 3531 609 3578 specificatur
624 3555 637 3573 ,
662 3540 769 3576 prout
786 3529 829 3565 ad
848 3529 1024 3564 rationem
1054 3527 1162 3562 reici·-

220 3589 284 3615 tur
311 3606 323 3621 ,
348 3592 427 3626 quae
452 3585 543 3617 ratio
569 3581 618 3616 est
645 3579 861 3626 principium
886 3577 1160 3613 humanorum..

223 3629 373 3664 astutum
387 3656 395 3665 .
425 3633 465 3670 Si
482 3642 571 3677 crgo
582 3629 764 3675 objefium
779 3628 938 3665 includat
950 3626 1087 3674 aliquid
1099 3636 1160 3660 or-

223 3680 295 3715 dini
311 3681 460 3717 rationis
474 3681 671 3717 consonum
687 3707 695 3721 ,
710 3680 745 3716 in
760 3680 810 3715 sui
825 3679 937 3723 specie
950 3680 1066 3713 bonus
1081 3677 1157 3712 erit.

224 3729 260 3767 Si
275 3741 362 3765 vcro
380 3734 539 3767 involvat
553 3730 687 3777 aliquid
706 3731 835 3767 rationi
849 3728 1023 3763 dissonum
1047 3727 1160 3780 malus

227 3781 268 3815 fur
294 3791 460 3825 oportet.
490 3783 603 3827 Atqui
633 3783 808 3827 contingit
837 3779 1037 3818 interdum,
1059 3779 1161 3821 obje-

228 3833 324 3867 ξὶϊη
344 3832 444 3866 affin:
457 3843 525 3866 non
543 3830 743 3880 praeseferre
759 3829 892 3877 aliquid
910 3829 1090 3876 pertinens
1117 3826 1159 3861 ad

23 1793 202 1826 :genet-este!

20 1839 31 1866 ¹t
43 1828 89 1857 sua
103 1829 202 1866 speeie,

20 1877 30 1893 ἰ
43 1877 98 1901 qua.
109 1868 198 1901 insa,

23 1906 117 1934 Turiinfi
146 1907 200 1936 de-

19 1952 91 1981 ⁴:ptus
101 1944 140 1973 est
148 1964 161 1975 .

21 2031 139 2071 podhq.
152 2042 161 2061 ι
169 2035 199 2063 8,

18 2069 28 2097 '.
40 2070 200 2108 Defieundo

21 2108 143 2150 ,vincfpalz
156 2128 169 2138 0

18 2451 48 2478 ii
55 2450 197 2487 ffipraeart.

18 2499 79 2518 mmo
90 2509 102 2517 .

670 163 831 217 Tomus'
847 169 930 219 III.
944 174 1076 222 Part.
1092 175 1130 221 J.
1142 174 1310 248 Qaest.
1328 178 1420 223 XV
1414 177 1497 223 III.
1513 180 1615 227 Art.
1630 180 1678 228 V
1671 180 1755 228 III.

1265 243 1427 280 ordinem
1446 248 1596 283 rationis
1613 274 1625 290 ,
1656 259 1696 283 ut
1711 251 1829 286 levare
1840 251 1882 285 de
1897 261 1991 287 terra
2021 253 2203 299 festucam,

1266 305 1414 342 pergere
1431 295 1474 330 ad
1487 308 1653 343 campum
1667 325 1678 339 ,
1706 301 1740 335 8(
1760 301 1825 336 alia
1838 300 1870 334 id
1884 313 2017 344 genus:
2047 314 2131 340 tunc
2147 319 2203 341 er·

1265 356 1313 390 go
1328 356 1432 380 erunt
1447 344 1642 384 secundum
1657 348 1808 396 speciem
1828 350 2066 390 indifferentes
2087 381 2096 390 .
2110 358 2203 392 Eam

1263 393 1345 430 dem
1364 395 1573 433 sententiam
1584 398 1688 435 docet
1703 401 1881 435 Dominus
1893 400 2145 442 Bonaventura
2169 420 2203 443 2.

1263 443 1291 479 d
1309 454 1370 491 4¹.
1385 454 1462 484 art.
1483 460 1559 495 μς·
1574 459 1606 495 3.
1630 447 1777 491 dicens,
1799 449 1976 487 afflonem
2004 457 2202 494 voluntatis

1265 494 1531 539 deliberativae,
1558 511 1630 545 qua
1650 500 1886 537 deliberativa
1908 501 1982 544 est,
2012 517 2081 540 non
2107 507 2201 542 divi-

1264 545 1302 580 di
1321 557 1386 592 per
1406 549 1541 584 bonum
1567 550 1601 586 8(
1628 551 1787 592 malum,
1818 553 1932 588 veluti
1960 565 2022 599 per
2035 554 2201 593 differen-

1263 596 1332 631 tias
1348 598 1598 635 immediatas.
1628 601 1871 648 thuoniam,
1899 605 2018 651 inquit
2030 604 2076 641 de
2089 607 2200 642 aetio.

1265 656 1309 681 ne
1332 648 1532 686 voluntatis
1575 650 1817 688 deliberativae
1852 651 2048 701 dupliciter
2073 656 2123 692 est
2148 658 2200 692 io-

1262 698 1353 741 qui,
1381 696 1516 736 scilicet
1540 710 1720 747 quantum
1751 701 1796 737 ad
1820 713 1934 748 genus
1957 704 2136 750 aelionis,
2166 709 2199 743 8<

1261 746 1298 785 in
1314 752 1582 795 comparatione
1597 751 1640 787 ad
1652 763 1860 800 operantem
1878 765 1888 788 :
1916 755 2109 803 dupliciter
2121 757 2204 805 pos·

1262 796 1343 835 sunt
1371 799 1445 836 istae
1467 800 1676 839 differentiae
1697 804 1742 838 ad
1768 802 1944 841 actionem
1974 810 2173 852 comparari
2191 822 2202 844 :

1263 859 1325 885 aut
1343 848 1534 888 secundum
1549 863 1663 899 genus
1688 855 1807 902 operis
1822 879 1833 895 ,
1860 866 1922 891 aut
1940 856 2104 904 respeftu
2118 871 2202 906 ope-

1265 901 1397 935 rantis.
1428 902 1467 938 Et
1489 904 1605 951 primo
1630 906 1776 950 quidem
1803 905 1913 941 modo
1937 933 1949 949 ,
1978 908 2124 954 pianum
2138 908 2203 951 est',

1262 961 1342 985 earn
1369 951 1579 990 divifionem
1607 965 1677 990 non
1702 955 1769 992 eise
1794 968 1857 1004 per
1879 957 2206 1007 immediat22qt1ia

1264 1001 1358 1037 inter
1383 1001 1562 1039 actionem
1587 1005 1719 1042 bonam
1751 1034 1763 1049 ,
1802 1007 1838 1043 8(
1865 1009 1996 1044 malam
2024 1011 2204 1055 contingit

1264 1051 1416 1088 mediam
1443 1053 1703 1093 indifferentem
1729 1057 1898 1106 reperiri:
1926 1059 2010 1095 &in
2023 1059 2092 1097 hoc
2105 1053 2204 1106 com*-

1261 1102 1420 1141 munitet
1433 1116 1557 1142 ornnes
1572 1107 1795 1143 concordant
1809 1132 1821 1143 .

1368 1157 1450 1193 Nos
1464 1156 1616 1194 dicimus
1641 1183 1650 1198 ‚
1681 1158 1747 1194 hos
1768 1157 1947 1196 moerores
1965 1161 2059 1197 refte
2083 1161 2203 1200 seniis-

1261 1201 1296 1241 se
1313 1229 1325 1248 ‚
1352 1217 1462 1253 atque
1487 1207 1557 1242 hoc
1581 1207 1739 1254 ipsorum
1776 1208 1950 1256 placitum
1975 1213 2205 1259 probandum

1261 1254 1345 1298 esse,
1363 1257 1473 1304 idque
1489 1260 1641 1306 amplius
1655 1258 1876 1297 declaratur.
1894 1263 1988 1300 Nam
2003 1273 2090 1299 tunc
2103 1263 2208 1300 astus

1263 1305 1445 1344 humanus
1471 1311 1653 1346 moraliter
1684 1312 1802 1348 bonus
1827 1309 1877 1347 est
1893 1337 1904 1353 ,
1930 1324 2013 1349 cum
2031 1315 2066 1349 in
2078 1326 2123 1350 eo
2140 1326 2206 1359 ag·

1263 1369 1461 1404 gregantur
1489 1362 1605 1396 omnia
1631 1361 1713 1403 illa,
1742 1373 1824 1408 quae
1845 1362 1907 1398 fibi
1924 1363 2055 1401 debent
2069 1366 2206 1400 conve·

1263 1410 1338 1444 nire
1355 1435 1368 1451 ,
1397 1422 1466 1446 non
1493 1409 1650 1459 speciata
1665 1412 1776 1461 ipfius
1791 1424 1947 1457 natura,
1974 1413 2033 1451 sed
2054 1426 2207 1451 concur-

1265 1470 1341 1497 rere
1369 1460 1500 1498 debent
1532 1461 1641 1509 juxta
1682 1462 1878 1499 dietamina
1907 1465 2054 1502 rationis
2086 1465 2204 1502 κείω.

1263 1508 1526 1550 Deficientibus
1539 1525 1625 1560 ergo
1648 1515 1740 1557 illis,
1768 1525 1830 1551 aut
1854 1517 1978 1562 aliquo
2000 1514 2206 1564 ipsorum-n,

1261 1561 1363 1599 astus
1389 1564 1439 1599 est
1465 1565 1650 1602 moraliter
1676 1566 1823 1608 malus3
1852 1578 1914 1614 per
1939 1564 2207 1614 respeaumer-

1260 1624 1308 1658 go
1333 1613 1377 1648 ed
1411 1617 1584 1655 rationem
1611 1627 1874 1664 proponentem
1905 1613 2094 1662 objeetum
2115 1644 2126 1659 ,
2154 1628 2208 1651 at-

1258 1674 1331 1708 que
1369 1663 1565 1701 dietantem
1594 1669 1737 1712 regulas
1767 1693 1777 1707 ,
1807 1665 2004 1703 secundum
2032 1678 2124 1714 quas
2152 1667 2204 1702 est

1259 1711 1551 1761 prosequendum
1578 1741 1589 1758 ,
1617 1726 1679 1753 aut
1709 1715 1921 1762 fugiendum
1944 1740 1956 1756 ‚
1985 1716 2205 1752 attendenda

1257 1761 1308 1801 est
1333 1765 1474 1803 bonitas
1501 1764 1536 1800 &
1565 1766 1699 1802 malitia
1713 1767 1954 1801 humanorum
1968 1766 2206 1807 acinummon

1258 1812 1396 1856 semper
1420 1825 1541 1849 autem
1567 1816 1661 1849 ratio
1685 1816 1779 1851 reela
1807 1813 1965 1851 iddietat
1990 1842 2001 1857 ‚
2031 1816 2088 1852 sed
2118 1828 2202 1863 pro·

1257 1871 1392 1907 ponere
1418 1860 1536 1907 potest
1552 1860 1739 1911 objefftum
1769 1888 1782 1907 ‚
1810 1862 1913 1912 supet·
1933 1876 2010 1912 quo
2037 1868 2130 1902 nulla
2145 1869 2203 1903 lex

1256 1910 1395 1959 aliquid
1426 1911 1589 1960 disponat
1622 1939 1635 1959 ‚
1674 1912 1789 1959 idest,
1817 1925 1880 1949 nec
1900 1915 2108 1963 praecipiat,
2137 1927 2202 1952 nec

1256 1972 1382 2008 vetet,
1410 1963 1484 2005 imo
1509 1975 1575 1999 nec
1602 1963 1765 2003 consulat
1787 1963 1874 2013 quid
1892 1963 1987 2002 factu
2009 1966 2203 2012 expediens

1255 2012 1323 2052 fit:
1351 2016 1422 2052 tale
1449 2026 1536 2061 ergo
1556 2012 1741 2061 objeaum
1769 2015 1820 2053 est
1832 2015 1980 2054 omnino
1997 2015 2204 2054 indifferens

1254 2066 1404 2112 quando
1430 2063 1535 2114 super
1551 2067 1658 2102 modo
1673 2095 1684 2110 ‚
1699 2080 1776 2115 quo
1793 2066 2082 2116 prosequendum
2100 2094 2111 2110 ,
2136 2078 2199 2103 aut

1255 2116 1468 2162 fugiendum
1498 2116 1564 2161 iit,
1593 2116 1682 2154 nihil
1704 2119 1855 2154 omnino
1877 2118 2203 2167 dispoiitumin‘ve-

1254 2168 1376 2205 niatur
1397 2196 1406 2209 ‚
1436 2167 1492 2204 sed
1521 2179 1586 2215 per
1612 2171 1838 2217 negationem
1866 2169 2060 2219 praecepti,
2092 2171 2204 2206 inter-

1253 2218 1337 2255 dial
1358 2246 1369 2262 ‚
1398 2220 1432 2259 8<
1459 2219 1597 2255 confilii
1623 2222 1854 2267 permittatur
1890 2220 2061 2270 potentiae
2083 2220 2200 2257 feren-

1253 2271 1288 2305 di
1318 2268 1351 2306 se
1377 2269 1480 2318 super
1509 2269 1598 2307 illud
1614 2282 1653 2309 ut
1675 2272 1839 2311 maluerit
1854 2297 1866 2314 ,
1892 2271 2002 2307 modo
2020 2272 2115 2307 nulla
2130 2272 2198 2307 alia

1250 2321 1520 2359 circumstantia
1533 2332 1578 2358 ex
1593 2333 1690 2368 parte
1701 2323 1884 2371 operantis
1893 2321 2053 2360 accedat.
2071 2322 2200 2360 Ratio-

1252 2384 1299 2408 ne
1323 2384 1411 2419 ergo
1434 2371 1540 2420 iplius
1563 2373 1711 2417 operis,
1738 2374 1795 2411 vel
1826 2374 1926 2412 aStus
1943 2399 1955 2414 ,
1981 2384 2057 2421 quo
2091 2369 2199 2408 attin-

1253 2422 1353 2470 gitur
1378 2421 1566 2469 objeSium
1595 2422 1829 2467 indifferens,
1857 2422 1945 2463 idest
1961 2424 2061 2459 omni
2094 2424 2197 2468 lege-,2

1251 2471 1471 2511 exsolutum.
1499 2485 1593 2521 opus
1620 2474 1669 2511 est
1690 2486 1731 2511 ut
1753 2475 1793 2511 iit
1821 2473 2017 2512 secundum
2040 2473 2093 2509 sui
2120 2471 2197 2522 spe·

1252 2524 1343 2561 ciem
1361 2522 1568 2562 indifferens
1586 2552 1596 2568 ‚
1624 2537 1689 2564 nec
1710 2527 1828 2563 bonus
1865 2536 1931 2561 nec
1950 2524 2064 2561 malus
2079 2536 2197 2559 mora-

1252 2577 1336 2612 liter
1351 2587 1414 2623 per
1443 2586 1687 2615 extremorum
1714 2577 2008 2625 abnegationem,
2034 2576 2119 2619 quia
2133 2574 2196 2611 has

1251 2626 1480 2662 conditiones
1505 2628 1664 2663 mutuari
1688 2639 1760 2663 non
1788 2627 1919 2676 poterit
1940 2637 1957 2660 a
1985 2626 2124 2662 ratione
2141 2625 2196 2660 di-

1251 2676 1370 2714 stante
1397 2679 1542 2722 regulas
1567 2704 1578 2720 ,
1605 2675 1712 2725 juxta
1741 2688 1849 2724 quas⁴
1868 2675 2058 2722 ponendus
2083 2676 2164 2712 effer
2180 2689 2193 2716 3

1249 2729 1335 2776 quia
1359 2728 1476 2764 nullas
1501 2729 1591 2766 tales
1617 2726 1691 2775 ipsa
1723 2730 1817 2765 ratio
1840 2726 1978 2764 invenit
2009 2754 2018 2762 .
2049 2729 2193 2763 Horum

1249 2778 1415 2826 exempla
1441 2778 1545 2826 plura
1556 2779 1705 2817 exhibet
1717 2780 1967 2827 Hieronymus
1983 2776 2136 2813 scribens
2149 2778 2194 2813 ad

1252 2828 1499 2873 Augustinum
1525 2829 1630 2878 epist.
1657 2829 1718 2873 89.
1747 2830 1882 2867 fimum
1909 2825 1959 2872 est
1986 2854 1995 2869 ,
2026 2829 2192 2876 inquiens

1247 2882 1484 2921 continentia,
1510 2881 1642 2918 malum
1668 2879 1817 2917 luxuria
1839 2906 1851 2922 ,
1883 2881 1976 2917 inter
1998 2888 2192 2929 utrumque

1248 2928 1454 2976 indifferens
1465 2931 1663 2974 ambulare,
1676 2933 1800 2980 capitis
1814 2930 1972 2968 manibus
1984 2939 2193 2976 purgamen.

1246 2981 1467 3028 taprojicere
1485 3008 1496 3024 ,
1517 2977 1635 3031 sputis
1651 2982 1942 3027 reumatajacere
1956 3007 1965 3021 ,
1987 2980 2051 3016 hoc
2063 2993 2123 3016 nec
2135 2983 2191 3017 bo-

1245 3044 1329 3069 num
1343 3043 1405 3068 nec
1419 3032 1575 3073 malum3
1598 3033 1673 3078 five
1687 3032 1780 3068 enim
1789 3031 1944 3081 jeceris,
1958 3030 2035 3077 five
2057 3043 2122 3066 non
2135 3032 2191 3078 se.

1245 3086 1354 3124 ceris,
1379 3083 1635 3131 uecyustitiam
1655 3082 1820 3126 habebis,
1846 3092 1909 3120 nec
1941 3081 2182 3127 injustitiam.

1245 3135 1332 3176 Haec
1353 3133 1432 3174 ille,
1462 3145 1587 3180 nempe
1612 3134 1697 3182 quia
1724 3146 1763 3169 ea
1794 3160 1804 3175 ‚
1833 3132 1875 3168 de
1902 3134 2040 3178 quibus
2067 3145 2189 3168 exem-

1243 3181 1380 3231 plificat
1425 3194 1466 3221 ac
1496 3182 1738 3220 indifferentia
1758 3194 1865 3217 vocat
1889 3210 1901 3226 ,
1928 3183 1973 3216 ab
1997 3183 2097 3218 omni
2125 3185 2186 3219 ab.

1242 3233 1433 3271 solvuntur
1456 3236 1583 3271 ordine
1609 3233 1655 3270 ad
1680 3235 1858 3270 rationem
1875 3258 1887 3274 ‚
1914 3243 1995 3282 quae
2012 3244 2076 3318 t}ec
2103 3235 2185 3269 talia

2036 3294 2138 3320 acere

1281 3380 1326 3411 (a)
1365 3381 1499 3413 Cavellue
1514 3382 1540 3411 in
1552 3380 1666 3410 scholio
1678 3379 1830 3417 cinquaen.
1839 3379 1911 3411 alios
1922 3388 2057 3418 ptaeterea
2069 3389 2187 3409 enume-

1242 3425 1285 3446 rat
1300 3419 1393 3450 Patres
1406 3423 1553 3451 renuente<
1564 3430 1628 3449 cum
1642 3420 1821 3457 Hieronymo
1833 3437 1845 3453 ‚
1864 3421 1894 3449 &
1916 3420 1999 3449 soluit
2027 3419 2093 3447 illud
2113 3438 2121 3446 .
2143 3421 2187 3446 De

1242 3457 1317 3485 omni
1327 3462 1417 3491 verbo
1429 3459 1503 3498 oriofia
1515 3462 1569 3488 Str.
1593 3458 1694 3488 Matth.
1719 3468 1765 3487 ιι.
1788 3457 1883 3488 dicen:
1894 3476 1905 3492 ‚
1931 3457 2040 3496 otiosum
2060 3467 2111 3485 non
2135 3456 2185 3490 eff?

1242 3497 1313 3531 quod
1323 3498 1405 3528 babet
1416 3499 1540 3536 aliquam
1553 3498 1707 3526 utilitatem
1721 3498 1885 3526 naturalem
1896 3515 1907 3530 ‚
1932 3505 1964 3525 m
1976 3495 2113 3534 expellere
2124 3494 2184 3532 fri·

1238 3536 1355 3602 gwlfne
1367 3538 1425 3566 ulla
1436 3537 1542 3565 ratione
1555 3535 1656 3570 honesti
1666 3554 1675 3564 .
1687 3535 1738 3565 Sed
1749 3534 1901 3574 legendum
1912 3534 2053 3565 Scholium
2066 3535 2093 3561 in
2107 3542 2185 3562 utro·

1242 3583 1296 3607 quc
1319 3585 1356 3603 (Π
1378 3586 1409 3604 ῐΟ
1420 3595 1428 3603 ι

1359 3585 1442 3642 pHac
1454 3613 1536 3642 nobis
1548 3613 1656 3642 videtur
1668 3614 1780 3653 propria
1792 3622 1870 3641 mens
1886 3613 2017 3642 Doftotit
2028 3611 2098 3638 circa
2113 3609 2184 3638 tita-

1243 3655 1303 3675 lum
1313 3650 1417 3689 paffiem
1428 3671 1436 3679 .
1450 3653 1575 3680 Maurius
1586 3652 1703 3680 Stotista
1716 3652 1804 3681 multa
1816 3651 1883 3680 dicit
1896 3653 1922 3680 in
1941 3654 1996 3684 eius
2020 3648 2182 3689 objectioni:

1244 3686 1379 3716 s0¹¹¹⁰050
1394 3708 1404 3722 η
1425 3690 1493 3728 disp.
1509 3692 1541 3717 de
1554 3690 1650 3719 omib.
1662 3691 1737 3718 bum.
1750 3702 1775 3727 q.
1786 3694 1817 3717 6.
1828 3698 1884 3717 art.
1896 3699 1923 3717 ι..
1937 3689 1979 3717 sed
1993 3697 2049 3715 non
2075 3687 2182 3715 latitia-

1241 3726 1276 3751 tit
1291 3724 1391 3755 leecnu’
1404 3748 1412 3755 .
1426 3729 1543 3757 Poucius
1555 3729 1584 3756 in
1593 3731 1743 3756 Commi-nt.
1757 3728 1836 3760 vult,
1860 3730 1896 3755 ali
1921 3727 2013 3755 nando
2029 3725 2183 3753 Ductorem

1239 3765 1296 3797 eju*
1310 3759 1328 3792 st
1338 3767 1449 3794 ntentioe
1464 3767 1537 3794 fuisse
1551 3787 1559 3800 ‚
1572 3766 1616 3794 scd
1627 3767 1720 3805 postca
1732 3768 1875 3805 sequutum
1889 3738 1941 3793 erile
1964 3763 2181 3802 probabiliorem

1238 3803 1314 3835 quod
1327 3812 1422 3831 vetum
1433 3814 1488 3832 non
1501 3814 1629 3841 putamur
1643 3805 1756 3834 ,Subdit
1781 3813 1875 3832 tamen
1897 3803 2101 3840 responfiouem
2125 3810 2181 3828 non

1240 3840 1470 3877 improbam-³1:15
1491 3846 1556 3883 quia
1568 3843 1721 3872 conformis
1736 3844 1817 3876 huic,
1838 3851 1923 3878 quam
1943 3842 2041 3870 damus
2066 3849 2101 3869 cx
2123 3838 2182 3875 ipso

1239 3879 1314 3909 Scoti
1325 3889 1460 3912 contextu
1476 3899 1485 3911 .

2248 1145 2306 1173 2.d.
2317 1153 2366 1181 40.
2377 1146 2449 1178 §.De

2242 1183 2360 1221 secundo
2373 1201 2383 1212 .

2287 2848 2348 2896 (1¹)
