2628 4011
755 108 913 156 Tomus
929 108 1012 155 ΙΙΙ.
1026 110 1155 157 Part.
1176 108 1241 164 II.
1269 107 1463 178 Qaestio
1481 107 1601 157 LIV.
1615 110 1719 158 Art.
1730 110 1770 158 Ῑ.

597 195 1479 341 QUAESTIO
1594 238 1939 328 LIV.

440 399 568 452 DE
636 397 1452 460 DISTINCTIONE
1517 397 2098 460 HABITUUM

509 527 595 567 IN
642 527 1072 582 QuA·ru0R
1124 524 1636 568 ARTICULOS
1687 527 2029 568 nivrsA.

2076 113 2107 169 si
2120 129 2138 172 5
2149 130 2180 176 7-

737 637 889 678 Deinde
901 636 1190 684 confiderandum
1200 637 1256 674 eff
1268 639 1314 679 de
1332 638 1556 676 diflinf't'ione
1566 637 1756 677 habituum
1790 665 1802 676 .

310 745 399 782 ET
451 747 717 788 ciRCA
770 747 1111 796 PRlMUM
1163 749 1732 808 QUAERUNTUR
1787 743 2223 804 QUATuoR.

586 861 617 897 1.
723 864 859 899 Utrum
874 860 980 900 multi
996 858 1145 896 habitus
1157 859 1283 908 poffint
1297 859 1366 898 effe
1381 862 1416 898 in
1429 875 1498 903 una
1514 864 1675 911 potentia
1690 887 1703 899 .

587 911 641 948 ll.
719 913 858 949 Utrum
874 910 1022 947 habitus
1033 910 1300 956 distinguantur
1311 912 1507 954 secundum
1521 911 1666 959 objeeta
1680 939 1691 949 .

587 963 620 998 ll
631 962 656 998 l.
719 962 854 999 Utrum
870 962 1018 998 habitus
1029 959 1297 1007 distinguat-,tur
1314 964 1510 1000 secundum
1526 964 1662 1000 bonum
1674 990 1685 1006 ‚
1716 963 1752 998 &
1767 961 1900 998 malum
1913 985 1925 997 .

588 1013 658 1050 lv.
723 1013 861 1052 Utrum
879 1022 974 1051 unus
985 1011 1133 1057 habitus
1146 1024 1192 1049 ex
1210 1016 1331 1055 multis
1345 1013 1532 1053 habitibus
1546 1013 1786 1060 constituatur
1800 1035 1812 1049 .

464 1131 498 1169 A
528 1135 562 1171 R
590 1135 625 1171 T
654 1138 672 1175 Ῑ
698 1137 732 1174 C
761 1138 799 1174 U
827 1138 856 1174 1⁴
887 1137 924 1173 U
952 1136 978 1175 S
1029 1138 1061 1173 1·
1308 1137 1537 1176 versaliffimo
1551 1136 1698 1184 obje&o
1711 1136 1754 1173 ad
1769 1134 1890 1171 omnia
1906 1134 1973 1170 alia
1986 1128 2145 1179 objeeh.
2158 1132 2255 1169 Hinc

1306 1191 1435 1228 habitu
1449 1189 1699 1227 universaliori
1716 1187 1893 1230 contingit
1916 1185 1994 1226 uti,
2022 1196 2093 1220 non
2120 1183 2256 1219 utendo

1309 1243 1437 1289 aliquo
1450 1242 1521 1277 alio
1536 1242 1656 1277 minus
1669 1237 1856 1275 universali
1873 1262 1885 1273 .
1902 1234 2011 1272 Unde
2035 1234 2150 1283 potest
2172 1232 2258 1280 qiiiS

1310 1293 1440 1329 elicere
1456 1291 1575 1332 aflurn
1594 1293 1690 1334 circa
1703 1286 1942 1325 universalius
1959 1309 1973 1328 ,
1998 1297 2042 1321 eo
2054 1283 2260 1331 mod0,quo

1309 1342 1499 1390 respicitur
1512 1344 1556 1378 ab
1571 1342 1694 1383 habitu
1708 1341 1768 1376 illo
1779 1337 2031 1379 universaliori
2042 1347 2112 1371 non
2124 1334 2259 1371 haben-

1309 1394 1359 1429 do
1371 1393 1490 1430 afftum
1506 1395 1600 1429 cIrca
1617 1394 1735 1429 minus
1748 1388 1950 1427 universale
1976 1400 1988 1427 ς
2013 1387 2107 1424 Sunt
2120 1397 2206 1433 ergo
2218 1384 2262 1420 si·

1311 1445 1435 1486 mulin
1451 1456 1522 1479 una
1535 1442 1730 1490 eademque
1746 1442 1906 1489 potentia
1919 1439 2038 1487 plures
2066 1436 2236 1473 habitus.
2295 1467 2325 1497 D
2345 1470 2364 1496 6
2401 1468 2495 1495 met,-

1416 1496 1458 1530 Et
1470 1496 1616 1542 quidem
1635 1507 1716 1530 cum
1728 1493 1874 1528 habitus
1889 1487 2095 1530 intelleftus
2106 1488 2146 1524 sit
2169 1498 2262 1536 qua·
2297 1485 2407 1546 piiysq.
2433 1515 2458 1533 ¹„
2471 1507 2499 1534 ⁶.

1313 1545 1395 1581 litas
1409 1545 1568 1593 quae'dam
1586 1544 1731 1582 industa
1743 1554 1850 1590 atque
1867 1541 2008 1583 firmata
2022 1548 2067 1578 ex
2082 1537 2261 1586 frequenti
2296 1548 2376 1579 ‚inm
2400 1543 2497 1588 ᾱζθρς

1315 1596 1601 1636 consideratione
1620 1622 1630 1637 ,
1661 1595 1717 1630 vel
1748 1595 1853 1633 unica
1875 1590 2033 1640 perfefta
2047 1615 2057 1631 ,
2082 1590 2260 1627 inclinans
2297 1593 2360 1621 ’Ψ
2390 1590 2498 1623 ΨΜ·

415 1233 551 1274 Utrum
566 1238 670 1274 multi
684 1236 833 1276 habitus
849 1237 917 1274 else
934 1236 1107 1286 possintin

620 1300 691 1331 una
707 1290 867 1338 potentia
882 1314 892 1325 .

446 1387 584 1425 ‘DoFt'or
594 1388 676 1426 locis
692 1392 731 1427 in
741 1393 903 1438 margine
927 1391 1049 1427 citatis
1063 1414 1073 1425 .

471 1439 519 1479 S.
538 1441 685 1477 Thomas
705 1455 735 1479 i.
756 1455 790 1486 2.
804 1455 839 1490 q.
857 1452 916 1488 54.
932 1450 1003 1477 art.
1019 1453 1050 1483 ι,

548 1540 795 1582 IDENTUR
821 1542 928 1577 multi
961 1542 1108 1584 habitus
1141 1541 1239 1578 haud

494 1601 519 1613 υ
564 1589 633 1625 eise
648 1590 795 1637 possein
814 1603 882 1626 una
897 1593 1056 1637 potentia
1072 1615 1081 1624 .
1100 1593 1242 1629 Etenim
2297 1632 2366 1653 nes·

61 1989 257 2030 Quodl.q.13.

65 2041 93 2058 n.
109 2039 155 2065 30.

62 2079 91 2101 9.
103 2077 171 2097 met·
183 2082 214 2112 q.
228 2080 257 2108 ς,

62 2117 90 2135 ii.
102 2117 131 2140 9.

65 2549 129 2578 1.·d.
146 2557 174 2583 3.
187 2557 217 2584 q.
228 2553 257 2576 6·

65 2590 97 2616 In
110 2595 259 2624 argumen-

61 2627 98 2654 u‘t
111 2625 259 2665 principa-

16 2670 17 2674 ’
61 2664 134 2694 libus
145 2683 154 2693 .

68 3414 93 3431 t.
108 3403 134 3432 dt
150 3412 176 3438 3.
188 3415 216 3442 q.
230 3410 258 3434 6.

67 3445 197 3486 m-Cvfitra
206 3444 264 3482 ista*

62 3489 211 3517 opinionem

564 1639 709 1676 habitus
726 1640 776 1677 est
804 1642 947 1688 propria
971 1642 1139 1693 potentiae
1164 1654 1244 1690 per-

502 1691 507 1694 “
564 1689 673 1728 fefflo
686 1690 901 1738 disponens,
924 1703 964 1726 ac
995 1694 1170 1727 inclinans
1191 1695 1245 1742 ip·

390 1741 402 1762 ''‘
441 1748 444 1756 ¹
488 1750 498 1756 ‘
561 1737 689 1774 samad
713 1740 988 1786 produfflonem
1029 1742 1175 1777 aftuum
1207 1745 1247 1784 fi.

294 1793 431 1831 milium
458 1790 556 1836 illis,
581 1801 624 1824 ex
653 1790 789 1837 quibus
813 1789 981 1826 induc-'tus
1007 1790 1056 1833 est
1080 1817 1091 1826 .
1126 1790 1245 1838 Atqui

290 1842 453 1893 potentia
471 1852 539 1875 una
554 1865 563 1880 ‚
591 1840 818 1886 simplexque
837 1838 886 1874 est
905 1852 1018 1885 3ergo
1034 1841 1144 1876 unico
1161 1854 1242 1889 per-

290 1894 412 1932 ficitur
426 1890 555 1934 habitu
570 1917 582 1938 ,
609 1902 680 1926 non
698 1890 862 1938 indigens
875 1889 1025 1935 subinde
1051 1891 1240 1937 aliorum..

290 1960 309 1983 a
324 1945 458 1992 quibus
473 1938 728 1989 perfeeiionem
742 1941 912 1988 εκρεξὶεῑ
926 1967 936 1979 .

391 1996 565 2031 Praeterea
577 2017 590 2033 ‚
614 1992 667 2027 Ex
682 1989 837 2037 objeffis
850 1989 1101 2038 specificantur
1115 2005 1244 2042 poten-

291 2049 348 2084 tiae
365 2057 407 2083 ut
424 2043 547 2080 scribit
566 2041 779 2086 Aristoteles
797 2054 830 2080 z.
847 2043 892 2084 de
921 2046 1067 2082 Anima
1094 2056 1170 2086 tex.
1188 2057 1244 2093 33.

289 2097 440 2141 tendens
451 2105 535 2142 ergo
552 2093 714 2140 potentia
728 2094 762 2132 in
777 2095 961 2143 proprium
983 2095 1168 2143 objefieum
1196 2109 1244 2134 ex

289 2160 332 2186 eo
346 2147 386 2183 fit
399 2172 411 2185 ‚
438 2155 478 2181 ut
491 2143 653 2190 acquirat
674 2142 839 2180 habitum
853 2156 929 2192 quo
947 2149 1062 2192 magis
1091 2149 1125 2183 in
1152 2147 1244 2184 illud

290 2199 484 2237 inclinatur
501 2220 510 2229 .
529 2192 647 2242 ipsum
666 2205 786 2231 autem
799 2195 985 2242 objec‘tum
1003 2199 1111 2239 unius
1134 2201 1245 2241 ratio·

291 2251 346 2286 nis
359 2249 403 2284 ab
415 2260 455 2284 ea
469 2255 611 2284 tantum
640 2246 804 2292 potentia
835 2246 884 2283 est
909 2247 1115 2296 attingibile
1130 2277 1142 2292 ,
1164 2262 1245 2298 quae

289 2311 351 2347 per
365 2298 453 2335 illud
467 2294 716 2345 specificatur,
747 2308 835 2343 ergo
846 2299 892 2333 ab
909 2309 982 2332 uno
1012 2310 1154 2339 tantum
1181 2301 1243 2336 ha-

290 2353 368 2387 bitu
380 2349 430 2385 est
447 2345 704 2394 perfeciibilis,
732 2360 858 2396 nempe
871 2348 917 2383 ab
931 2360 975 2383 eo
991 2348 1055 2396 qui
1080 2351 1245 2396 gignitur

290 2415 338 2439 ex
362 2400 501 2442 astibus
516 2425 527 2442 ‚
550 2408 613 2445 per
634 2409 727 2444 quos
751 2401 911 2446 potentia
934 2402 1031 2436 circa
1055 2404 1243 2448 propritim

290 2451 454 2488 versatur
469 2448 658 2497 objeEkum
673 2476 685 2483 .
1060 2453 1063 2455 “

392 2503 565 2543 Praeterea
580 2526 590 2542 ,
611 2500 715 2536 Sicut
727 2513 839 2536 unum
856 2512 989 2549 corpus
1018 2503 1121 2540 limul
1152 2505 1246 2551 figu-

292 2553 361 2594 rari
374 2553 498 2600 nequit
516 2550 664 2588 diversis
681 2551 830 2598 figuris,
858 2553 905 2588 ita
921 2565 985 2588 nec
1009 2557 1172 2601 potentia
1204 2555 1243 2591 si-

291 2605 364 2639 mul
383 2602 531 2648 figurari
544 2602 708 2649 pluribus
724 2602 943 2649 diver-filque
957 2605 1113 2651 objefflis
1128 2633 1139 2648 ‚
1159 2619 1243 2653 quae

291 2655 362 2695 fnit
379 2655 467 2688 ratio
481 2652 670 2697 Algazelis
685 2678 696 2693 ,
720 2663 757 2696 4.
788 2654 960 2704 mo'l'aphjy⁴
990 2655 1027 2691 ld
1050 2669 1169 2693 autem
1192 2655 1245 2694 se..

289 2715 467 2752 queretur
498 2701 664 2752 ponendo
689 2702 909 2738 intelleaum
927 2731 938 2745 ‚
964 2717 1026 2741 aut
1054 2708 1155 2744 aliam
1180 2721 1245 2756 po-

292 2755 442 2792 tentiam
455 2753 556 2789 simul
574 2752 692 2788 ornari
708 2752 858 2796 diversis
871 2753 1058 2794 habitibus
1077 2771 1089 2799 ς
1114 2758 1163 2795 est
1178 2759 1246 2808 igi-

292 2817 351 2843 tur
363 2804 432 2841 hoc
449 2802 541 2839 fafiiu
558 2803 764 2850 impoliibile
780 2829 788 2838 .

390 2856 530 2891 Contra
547 2881 558 2897 ‚
582 2854 790 2893 lntellefiius
804 2866 872 2889 una
890 2860 1052 2903 potentia
1063 2859 1113 2896 est
1127 2887 1139 2902 ,
1154 2872 1246 2908 que-

292 2906 524 2944 madmodum
538 2907 572 2942 3<
586 2906 757 2941 voluntas
769 2931 777 2940 .
795 2906 858 2942 Ille
872 2919 992 2945 autem
1011 2911 1142 2957 pollere
1172 2926 1244 2948 una

290 2957 408 3009 potest
427 2958 592 3005 pluribus
609 2955 764 2997 scientiis
781 2983 790 2998 ,
814 2969 896 3004 quae
915 2959 995 2996 sunt
1011 2961 1157 2999 habitus
1172 2963 1244 2998 dis.

290 3019 463 3058 ponentes
480 3007 596 3056 ipsum
614 3007 657 3047 ad
671 3007 946 3054 intelligendum
961 3010 1105 3058 objesta
1132 3013 1243 3050 scien-

288 3062 420 3096 tiarum
434 3087 444 3103 ,
470 3061 503 3095 3<
517 3072 555 3095 ea
574 3086 584 3101 ,
607 3070 689 3106 quae
703 3059 906 3095 virtualiter
922 3062 956 3095 in
970 3061 1024 3097 his
1047 3063 1242 3100 includun-

289 3122 365 3147 tur.
389 3110 562 3146 Similiter
579 3112 751 3145 voluntas
765 3110 815 3145 est
829 3122 942 3157 capax
959 3114 1152 3149 multarum
1166 3117 1240 3150 vir-

289 3173 409 3198 tutum
426 3188 435 3203 ,
459 3171 549 3207 quas
565 3174 626 3208 per
638 3163 806 3208 proprios
822 3163 962 3197 illarum
976 3163 1076 3199 acius
1090 3165 1153 3200 fibi
1176 3177 1241 3214 po·

288 3212 354 3248 test
372 3223 577 3260 comparare
597 3237 606 3247 .

392 3262 606 3309 Rel'pondco
620 3261 811 3299 dicendum
827 3289 837 3303 ‚
865 3262 1000 3298 multos
1017 3265 1240 3311 variosqueo

290 3314 434 3350 habitus
449 3325 519 3348 una
532 3312 598 3349 else
614 3311 754 3359 possein
772 3315 929 3360 potentia
942 3313 1063 3350 eadem
1078 3341 1087 3349 .
1105 3318 1145 3352 Et
1158 3316 1241 3363 qui-

290 3365 370 3401 dem
385 3364 427 3398 de
442 3362 626 3399 habitibus
645 3362 889 3399 scientialibns
908 3375 961 3398 res
976 3363 1025 3399 est
1043 3366 1242 3402 manifesta.

290 3416 385 3463 Quis
403 3415 494 3450 enini
514 3415 615 3450 simul
631 3415 765 3460 pollere
782 3414 896 3461 potest
914 3413 1039 3450 habitu
1053 3417 1241 3465 metaphy-

293 3467 368 3503 sica:
388 3491 397 3507 ,
424 3462 575 3501 scientiae
591 3465 765 3499 naturalis
782 3489 792 3503 ‚
816 3466 849 3499 8<
867 3464 1126 3503 mathematicae
1142 3495 1153 3510 ‚
1180 3469 1244 3513 qui

292 3516 439 3551 habitus
453 3514 725 3560 distinguuntur
738 3514 780 3549 ad
795 3513 1059 3551 distinbiionem
1077 3517 1245 3564 objeSto·

293 3578 371 3602 rum
388 3566 481 3600 cii-ca
497 3576 577 3611 qua:
597 3563 784 3600 versantur
805 3590 813 3599 .
832 3567 927 3601 Nam
946 3565 1095 3602 habitus
1125 3569 1243 3606 minus

292 3614 504 3652 universalis
529 3639 541 3658 ,
579 3627 618 3651 ut
650 3615 802 3650 scientiae
826 3617 1001 3651 naturalis
1029 3643 1038 3658 ,
1068 3618 1100 3652 8:
1130 3619 1242 3664 magis

293 3666 528 3707 universalis,
554 3677 593 3701 iit
614 3665 863 3713 metaphysica}
892 3665 971 3702 sunt
995 3666 1152 3702 distinffi
1179 3669 1243 3701 ha-

292 3719 415 3754 bitus:
436 3717 607 3763 Alioquin
627 3716 869 3764 metaphysica
885 3727 922 3752 ut
939 3717 1021 3754 talis
1052 3730 1121 3754 non
1149 3718 1240 3754 foret

293 3770 437 3805 habitus
452 3767 636 3803 distinentis
650 3768 853 3803 inient-etus
866 3792 877 3808 ‚
901 3769 983 3812 quia
999 3766 1080 3804 cffet
1101 3769 1143 3805 de
1160 3769 1243 3804 uni·

1316 1644 1537 1681 intelleemm
1563 1644 1727 1691 respeStu
1752 1642 1932 1690 complexi
1953 1639 2159 1688 speculandi
2184 1653 2194 1677 ε
2219 1650 2263 1676 ex

1317 1693 1678 1739 huiusmodiaf'tibus
1701 1691 1947 1733 considerandi
1972 1689 2110 1725 diversa
2132 1700 2264 1734 genere

1316 1747 1582 1791 attingentibus
1595 1744 1738 1791 objeeta
1752 1771 1762 1785 ,
1781 1744 1901 1791 qualia
1914 1741 1994 1778 sunt
2022 1739 2267 1777 communiffi·

1318 1807 1374 1830 ma
1386 1819 1400 1838 ‚
1424 1808 1506 1842 quae
1521 1796 1586 1832 sub
1600 1794 1850 1845 metaphysicae
1866 1792 2187 1829 considerationem
2205 1803 2268 1827 ca-

1316 1846 1437 1887 dunt,
1463 1846 1638 1882 naturalia
1668 1872 1679 1888 ‚
1708 1845 1800 1885 circa
1827 1855 1909 1891 quae
1936 1841 2098 1881 versatur
2122 1840 2267 1878 scientia

1317 1895 1514 1938 naturam,
1540 1897 1573 1933 Sc
1604 1895 1858 1934 mathematica
1884 1918 1895 1935 ,
1933 1904 2014 1940 quae
2037 1893 2153 1939 primo
2185 1891 2268 1928 sunt

1317 1946 1560 1992 imaginabilia
1576 1973 1587 1989 ‚
1607 1957 1647 1985 ut
1666 1945 1860 1995 phyficalia
1875 1971 1887 1987 ,
1909 1945 2026 1994 primo
2037 1941 2265 1984 sensibilia,&

1319 1995 1891 2045 methaphystcaliaintelligibilia
1905 2019 1919 2041 ,
1946 1993 2003 2031 sed
2016 1994 2268 2040 necimagina-

1319 2049 1403 2084 bilia
1415 2074 1426 2089 ,
1452 2060 1517 2083 nec
1533 2047 1705 2085 sensibilia
1719 2073 1730 2089 ‚
1754 2047 1836 2083 licet
1851 2058 1896 2083 ex
1908 2047 2093 2095 principiis
2109 2047 2166 2081 via
2196 2043 2270 2080 sen-

1317 2098 1421 2134 suum
1434 2098 1591 2145 cognitis
1604 2125 1616 2141 ,
1628 2099 1897 2144 intelligantur:
1915 2098 2052 2134 neceffe
2066 2097 2117 2134 est
2128 2096 2171 2132 de
2182 2106 2271 2132 con-

1319 2148 1531 2185 fidetatione
1549 2148 1729 2196 frequenti
1744 2149 1871 2185 talium
1888 2147 2270 2196 objeaorum,diver-

1319 2199 1375 2236 sos
1390 2199 1511 2236 induci
1527 2199 1672 2236 habitus
1689 2201 1723 2235 in
1745 2198 2107 2241 intelleGIu'naturali
2130 2198 2269 2236 lumine

1318 2251 1352 2287 se
1370 2251 1404 2288 se
1417 2251 1450 2286 in
1460 2251 1592 2287 talibus
1605 2261 1794 2286 exercente
1810 2250 2159 2288 considerationibus
2182 2274 2193 2285 .
2218 2252 2268 2287 Hi

1317 2314 1430 2350 porro
1445 2301 1593 2338 habitus
1611 2302 1808 2339 formaliter
1821 2301 1996 2338 inclinant
2013 2302 2057 2337 ad
2080 2301 2269 2350 speculan.

1318 2353 1361 2388 da
1375 2354 1517 2401 propria
1533 2352 1677 2399 objeeia
1693 2379 1703 2395 ,
1731 2354 1763 2389 ἃ
1782 2352 1985 2393 virtualiter
1999 2353 2043 2389 ad
2069 2352 2273 2391 considera-

1319 2405 1456 2440 tionem
1468 2415 1591 2439 eorum
1608 2429 1621 2446 ‚
1645 2415 1724 2449 quae
1754 2404 1789 2437 in
1814 2401 1972 2448 objeftis
1995 2404 2196 2441 virtualiter
2219 2404 2273 2439 in·

1319 2455 1521 2490 cluduntur
1538 2479 1547 2489 .
1562 2453 1617 2490 De
1628 2455 1767 2501 quibus
1780 2453 1815 2487 in
1828 2450 2062 2502 sequentibus
2073 2455 2139 2490 erit
2157 2453 2271 2490 sermo

1318 2505 1534 2554 explicatior
1552 2531 1563 2540 .
1877 2505 1882 2508 “

1419 2555 1479 2591 Ad
1492 2567 1716 2602 argumenta.
1730 2556 1790 2593 Ad
1806 2559 1960 2605 primum
1973 2556 2130 2592 dicimus
2142 2566 2273 2601 quam-

1318 2607 1376 2644 vis
1390 2606 1551 2655 potentia
1575 2619 1646 2647 una
1668 2605 1732 2643 suo
1763 2608 1871 2644 modo
1893 2606 2021 2648 habitu
2050 2605 2272 2654 perficiatur,

1318 2670 1385 2707 pro
1415 2655 1495 2704 ejus
1518 2667 1639 2693 tamen
1661 2660 1896 2706 amplitudine
1921 2658 1955 2698 8<
1980 2658 2180 2704 capacitate
2198 2668 2273 2692 non

1320 2709 1508 2755 adaequate
1521 2708 1705 2755 perficitur
1721 2737 1731 2752 ,
1757 2711 1864 2746 etiam
1882 2708 2064 2758 loquendo
2074 2707 2117 2742 de
2140 2707 2274 2743 habiti-

1324 2761 1393 2796 bus
1407 2760 1564 2795 naturali
1579 2760 1714 2795 lumine
1725 2760 1911 2808 acquisitis
1926 2759 1936 2794 .’
1951 2763 2078 2810 Qare
2092 2758 2174 2794 licet
2187 2759 2273 2803 quis

1322 2811 1498 2859 praeditus
1510 2810 1551 2846 sit
1564 2810 1815 2859 perfeaislimo
1831 2810 1956 2851 habitu
1985 2821 2103 2848 rerum
2134 2808 2271 2845 mulie·

1319 2863 1535 2898 mancatum
1551 2888 1562 2903 ,
1589 2861 1677 2897 nihil
1695 2873 1812 2902 tamen
1827 2861 2002 2910 impedit,
2029 2873 2112 2897 eum
2139 2858 2274 2900 versari

1317 2925 1469 2960 quoque
1480 2914 1573 2949 circa
1592 2925 1647 2951 res
1660 2914 1887 2951 naturales&
1905 2926 1923 2948 a
1951 2912 2099 2953 materia
2122 2914 2272 2951 omnino

1317 2962 1538 3006 abstraehs,
1561 2965 1614 2999 uti
1642 2963 1723 3000 sunt
1750 2963 2068 3013 methaphylicalia
2095 2973 2269 3010 quaeque.

1316 3016 1672 3061 frequeiirerautem
1690 3015 1951 3056 confiderando
1964 3014 2035 3055 alia
2048 3011 2192 3058 objeeia
2221 3014 2267 3050 ab

1314 3066 1378 3101 illo
1397 3092 1408 3107 ,
1432 3067 1467 3100 in
1484 3065 1584 3112 quod
1600 3066 1750 3102 inclinat
1778 3066 1928 3103 habitus
1944 3092 1953 3107 ,
1978 3076 2086 3112 quem
2113 3064 2268 3112 acquifi-

1314 3116 1370 3152 vit
1399 3143 1408 3158 ‚
1433 3127 1558 3163 quove
1585 3117 1749 3164 potentia
1771 3115 1982 3165 perficitur,
2013 3113 2162 3153 subinde
2185 3115 2266 3152 aliis

1315 3167 1501 3203 habitibus
1520 3167 1707 3203 imbuatur
1720 3177 1866 3215 oportet
1882 3192 1894 3207 ,

1418 3217 1478 3253 Ad
1492 3216 1687 3254 secundum
1705 3218 1860 3257 dicimus
1875 3243 1884 3259 ,
1899 3215 2018 3263 qualis
2031 3214 2071 3251 sit
2084 3215 2265 3254 distinfiio

1316 3267 1560 3316 potentiarum
1582 3281 1627 3304 ex
1641 3268 1796 3313 objefftis
1813 3266 2032 3304 declaratum
2054 3265 2154 3304 fuisse
2185 3281 2214 3305 t.
2227 3277 2263 3316 p.

1313 3331 1350 3366 q.
1363 3329 1424 3365 77.
1440 3328 1500 3353 arc
1515 3329 1548 3363 3.
1564 3321 1616 3355 Ex
1629 3316 1786 3364 objec‘tis
1799 3319 1893 3353 enim
1905 3315 2054 3356 diverfis
2078 3319 2264 3370 cognosci-

1314 3380 1394 3405 mus
1420 3368 1567 3416 quidem
1593 3368 1855 3406 distinffionem
1882 3368 2124 3415 potentiarum
2152 3394 2165 3412 ‚
2205 3368 2263 3405 sed

1313 3430 1542 3466 nequaquam
1559 3430 1620 3454 aut
1646 3418 1717 3465 ipsa
1736 3445 1748 3460 ,
1774 3429 1836 3454 aut
1859 3419 1963 3456 :Eius
1983 3446 1993 3460 ,
2018 3420 2074 3456 vel
2101 3420 2193 3454 ordo
2215 3419 2260 3454 ad

1313 3469 1432 3505 astum
1449 3469 1586 3515 ingredi
1604 3469 1745 3517 possunt
1778 3470 1950 3508 rationem
1976 3470 2161 3508 formalem
2186 3470 2262 3505 illa·

1312 3530 1391 3554 rum
1407 3545 1416 3560 ,
1440 3520 1571 3555 adeout
1585 3520 1665 3555 inde
1678 3519 1946 3557 distinaionem
1958 3522 2134 3568 accipiant
2148 3520 2262 3568 speci-

1317 3567 1419 3604 ficam
1439 3596 1448 3605 .
1462 3570 1632 3606 Tendens
1645 3582 1731 3615 ergo
1747 3573 1909 3618 potentia
1925 3573 1962 3608 in
1984 3573 2167 3619 proprium
2194 3574 2261 3608 ob·

1316 3617 1468 3664 jefkum‚
1482 3621 1637 3667 acquirit
1653 3621 1887 3657 sibiliabitum
1904 3621 2014 3668 ipsam
2028 3622 2259 3661 facilitantern

1317 3669 1360 3702 ad
1373 3669 1692 3707 considerationem
1710 3672 1807 3707 illius
1829 3698 1839 3713 ,
1862 3675 1893 3710 8<
1911 3673 2063 3710 subinde
2077 3673 2136 3707 tali
2161 3676 2261 3711 liabi-

1318 3730 1357 3754 tti
1373 3719 1559 3766 perficitur
1573 3747 1581 3755 .
1595 3723 1663 3757 Sed
1676 3734 1745 3759 non
1761 3734 1946 3770 propterca
1973 3736 2089 3760 tamen
2110 3724 2262 3771 impedi-

1318 3781 1380 3806 tur
1394 3796 1405 3812 ,
1419 3773 1509 3817 quin
1526 3773 1593 3807 alia
1607 3771 1672 3809 sub
1685 3775 1830 3821 proprio
1841 3773 1992 3820 objecto
2007 3801 2020 3817 ,
2034 3774 2258 3813 considerans

2115 3835 2207 3871 pari-
