2628 4011
12 2737 13 2743 ¹
57 2734 112 2771 prin
122 2732 257 2763 collativa

12 2879 13 2882 Ἰ
55 2856 144 2876 utus.

10 3240 11 3246 ¹
55 3227 134 3256 (ioris
160 3230 253 3260 Virtu-

708 106 870 157 Tomus
886 110 968 158 m.
983 114 1110 158 Part.
1138 112 1199 157 ΙΙ.
1227 113 1420 186 Qaestio
1442 116 1558 162 LVI.
1582 118 1685 164 Art.
1700 121 1745 165 V
1741 117 1777 163 Ῑ.

315 179 448 217 mirum
463 177 660 217 videturid
675 204 685 220 ,
711 189 858 223 propter
875 180 975 223 qnod
1001 179 1110 215 homo
1137 177 1258 216 lauda.

315 240 378 267 tur
395 233 428 265 in
440 230 625 279 operando
643 227 787 273 praecise
801 230 943 275 reperiri
960 232 994 264 in
1009 241 1051 264 eo
1078 228 1256 274 subjefsto,

312 281 413 326 quod
427 283 476 319 est
491 283 552 318 fibi
563 290 755 316 commune
770 290 851 314 cum
867 281 982 315 brutis
1006 305 1016 316 .
1046 280 1137 314 lllud
1161 293 1256 327 quo-

314 344 387 383 que
400 331 598 369 mirandum
615 357 627 373 ‚
655 340 736 364 cum
750 341 821 365 non
837 341 990 374 negetur
1016 330 1162 365 babitus
1186 333 1252 368 in...

310 383 493 419 intelleftu
510 407 522 424 ‚
547 382 611 426 qui
628 381 742 423 magis
759 381 969 417 naturaliter
983 382 1056 424 agit
1072 407 1084 422 ‚
1108 393 1253 426 quarm..

310 434 481 470 voluntas
497 460 508 476 ‚
528 443 572 468 eo
583 430 679 478 quod
697 431 899 467 {melleetus
913 443 983 468 non
998 431 1037 466 fit
1052 443 1096 467 ex
1113 430 1146 467 se
1160 432 1253 468 sum-

311 498 369 523 me
392 484 651 520 determinatus
675 483 730 516 vel
768 483 959 519 inclinatus
983 509 994 525 ,
1028 482 1255 518 abdindicari

309 536 517 576 voluntati,
542 547 623 581 quae
639 534 672 568 in
690 532 928 580 suiporestate
955 533 1062 568 babet
1087 533 1252 581 proprias

311 586 472 622 ofiiones
485 608 498 626 ‚
520 597 558 620 ac
573 583 722 632 proinde
733 585 848 620 multo
868 586 978 631 magis
1001 584 1253 620 indetermina-

310 648 345 673 ta
361 662 372 679 ‚
392 648 462 670 non
480 635 780 671 inderminatione
803 647 881 670 orta
897 649 942 671 ex
968 635 1250 682 imperfetfflone,

310 686 369 724 sed
387 686 499 731 magis
513 689 561 722 ob
577 684 628 720 sui
642 686 795 722 αξὶίνειῐη
813 686 1069 732 ρει-ΐεξὶὶοηειπ
1088 711 1099 721 .

406 737 532 772 Tertia
547 738 639 772 ratio
653 737 696 772 de
711 738 952 774 moderatione
969 735 1161 782 passionum
1189 735 1254 770 du-

307 787 404 825 citur
418 788 460 822 ad
475 788 678 833 oppositum
696 788 763 824 sic:
783 791 878 824 Nam
897 788 931 822 in
959 788 1145 822 voluntate
1173 785 1251 820 sunt

307 838 479 886 pastiones
504 837 701 874 secundum
729 838 973 884 Augustinum
1002 843 1115 880 14.de
1129 834 1248 872 Ci—zit.

307 897 384 937 top.
403 899 435 933 ς’.
451 889 496 931 &
512 890 548 925 6.
564 890 600 926 Si
614 901 701 934 ergo
714 890 830 933 gratia
847 887 1144 924 moderandarum
1174 885 1257 932 pas·

306 939 446 976 ffionum
474 939 696 976 adstruendae
718 940 783 974 sint
806 940 982 979 virtutes,
1007 936 1056 972 esl:
1087 937 1253 985 profesto

305 991 425 1026 virtus
439 989 624 1027 statuenda
640 992 675 1026 in
691 988 858 1037 supremo
887 987 967 1034 ejus
992 990 1163 1035 potenriae
1180 1014 1190 1029 ,
1212 990 1248 1024 in

301 1052 377 1088 qua
392 1040 441 1077 est
459 1042 567 1084 naffio
582 1067 591 1077 .
607 1044 662 1079 Ac
679 1041 829 1089 proinde
844 1040 1018 1086 quoniam
1037 1039 1070 1074 in
1089 1039 1251 1087 suprema

302 1102 407 1141 parte
421 1091 570 1135 animae,
599 1104 680 1138 quae
695 1090 742 1129 est
760 1095 929 1126 voluntas
957 1088 1125 1135 paffiones
1152 1101 1252 1131 repe-

304 1142 454 1177 riuntur
467 1169 476 1183 ‚
506 1141 586 1179 sunt
605 1143 654 1179 ibi
668 1140 840 1190 ponendae
855 1140 1008 1176 virtutes
1023 1167 1033 1181 ,
1065 1153 1102 1176 ut
1121 1141 1154 1175 in
1169 1140 1250 1176 sub-

301 1189 402 1238 jefiw
415 1219 425 1234 ,
441 1194 578 1240 quibus
593 1191 856 1233 retundantur,
873 1201 913 1225 ac
924 1190 1138 1237 frangantur
1154 1193 1248 1228 vires

302 1242 433 1291 paffion
443 1255 500 1279 um
513 1272 521 1280 .
1096 1265 1098 1267 >

405 1291 546 1330 Deinde
576 1321 587 1337 ,
623 1291 824 1330 Paffionum
848 1291 1050 1328 moderatio
1094 1292 1248 1337 intelligi

67 1315 134 1353 Q*
155 1316 266 1345 &50⁰⁶
472 1345 480 1352 .
702 1344 735 1351 ..
1080 1344 1086 1351 .
1137 1343 1144 1350 .
1221 1345 1229 1351 .

303 1342 419 1390 potest
444 1342 635 1386 bifariam,
661 1343 820 1384 scilicet,
850 1352 911 1377 aut
942 1343 1107 1390 passionis
1137 1354 1247 1377 inexi-

66 1354 218 1383 voluntatis
235 1353 267 1382 stt

66 1391 270 1437 ’md‘ffliPss—s·
305 1395 424 1430 stentis
449 1420 459 1435 ,
484 1405 547 1430 aut
577 1395 708 1430 futurae
734 1419 744 1427 .
773 1391 1026 1429 inexcistentem
1068 1392 1254 1428 moderari·

22 1480 23 1483 ,
67 1430 268 1507 ξζξξεΐξζῗ
305 1445 486 1491 contingit
517 1444 799 1491 duplicitertvel
829 1443 1023 1479 minuendo
1056 1444 1245 1490 pastionem

304 1506 385 1544 quae
400 1505 478 1529 nata
492 1495 541 1530 est
552 1491 840 1538 fieriabobje&o
854 1491 1049 1529 secundum
1067 1493 1099 1529 se
1117 1521 1128 1536 ,
1150 1507 1192 1529 ne
1206 1494 1244 1529 stt

303 1544 536 1579 immoderata
551 1570 562 1585 ‚
590 1541 887 1587 ficutiobjeetum
900 1542 983 1579 esset
999 1555 1122 1579 natum
1148 1543 1244 1579 dele-

304 1594 400 1630 aare
414 1594 611 1642 potentiam
624 1590 821 1628 senfitivam
835 1590 898 1626 fibi
916 1591 1120 1629 derelietam
1149 1607 1158 1630 :
1183 1604 1244 1629 aut

303 1643 489 1680 referendo
500 1642 772 1679 deleEkationem
795 1643 889 1677 illam
916 1643 952 1677 in
982 1641 1088 1679 finem
1113 1655 1247 1682 conve,

306 1696 461 1730 nientem
479 1693 607 1728 rationi
626 1691 727 1726 reE'tae
744 1717 756 1732 ‚
785 1692 828 1726 ad
842 1703 949 1738 quem
968 1692 1075 1728 finem
1094 1705 1167 1729 non
1191 1707 1246 1731 re-

303 1744 416 1780 fertur
429 1755 473 1778 ev<
487 1745 624 1778 ratione
639 1740 799 1776 absoluta
811 1740 947 1780 obieffti
961 1745 1143 1789 appetitus
1168 1745 1245 1780 sen-

300 1794 395 1831 fitivi
412 1818 420 1828 .
436 1795 611 1830 Naturam
629 1791 735 1826 etiam
754 1791 928 1826 moderari
945 1791 1061 1837 potest
1082 1795 1242 1838 intelligi

298 1843 518 1892 dupliciter}
554 1843 609 1878 vel
639 1840 852 1876 declinando
878 1841 923 1874 ab
943 1839 1115 1886 obje&o,
1139 1844 1240 1890 quod

294 1905 423 1931 natum
435 1893 483 1930 est
496 1893 764 1929 immoderatam
777 1889 1048 1928 delec'kationem
1068 1896 1241 1940 potentiae

296 1944 427 1981 inferre
443 1971 454 1986 ‚
476 1945 530 1980 vel
546 1942 795 1991 prosequendo
811 1955 850 1977 ea
880 1952 1022 1978 tantum
1053 1942 1237 1989 objeeta„

293 2007 376 2043 quae
390 2007 470 2030 nata
486 1994 565 2030 sunt
582 1994 763 2029 moderate
778 1993 960 2028 delectare
974 2021 983 2035 ‚
1012 2007 1088 2037 quo
1105 1996 1138 2030 in
1154 1997 1238 2032 casu

294 2045 402 2095 paffio
419 2045 537 2080 futura
555 2055 625 2080 non
643 2044 849 2079 moderatur
870 2046 903 2078 in
931 2042 962 2079 se
980 2071 988 2085 ‚
1017 2044 1071 2079 sed
1101 2059 1145 2082 ne
1175 2049 1239 2083 im-

291 2097 473 2132 moderata
488 2095 564 2130 infit
581 2106 798 2136 praecavetur
811 2120 820 2129 .
837 2098 1074 2142 Quocunque
1090 2096 1238 2136 istorum

291 2146 482 2183 modorum
516 2146 736 2189 intelligavur
772 2144 970 2180 moderatio
1009 2146 1238 2192 passionum..

292 2197 404 2243 magis
422 2195 537 2242 potest
557 2196 733 2231 voluntati
750 2206 951 2241 competere
967 2223 976 2235 ‚
1004 2209 1112 2240 ouem
1132 2212 1241 2244 appe-

291 2248 373 2283 titui
393 2245 560 2282 senfitivo
576 2274 585 2286 ,
610 2246 633 2282 st
648 2246 849 2293 paffioinest
868 2273 878 2287 ‚
908 2247 963 2281 vel
980 2247 1084 2282 inerit
1102 2251 1239 2297 apseti-

291 2299 344 2334 tui
366 2296 533 2333 seniitivo
549 2323 558 2332 .
577 2299 617 2333 Et
646 2297 791 2343 quidem
822 2297 842 2331 fi
874 2296 1032 2343 poffibile
1052 2297 1101 2333 est
1127 2300 1240 2335 minui

292 2349 482 2396 pastionem
496 2347 746 2384 inexistentem
767 2376 776 2391 ‚
802 2349 922 2395 potius
939 2347 974 2381 id
990 2348 1127 2385 efficere
1149 2354 1242 2385 vale.

291 2400 346 2436 bit
362 2399 549 2435 rationalis
566 2401 748 2446 appetitus
763 2426 773 2442 ,
799 2397 906 2445 cujus
921 2397 970 2433 est
1002 2400 1110 2435 libere
1135 2413 1241 2445 agere

290 2462 400 2497 quam
417 2452 602 2499 appetitus
615 2451 798 2489 senfitivus
815 2477 826 2494 ‚
851 2451 912 2497 qui
929 2452 1066 2496 patitur
1081 2477 1092 2492 ,
1114 2452 1144 2485 ἃ
1173 2453 1240 2487 du-

290 2503 388 2536 citur
414 2505 459 2537 ab
484 2500 634 2550 objecto
655 2528 668 2545 ‚
709 2503 760 2538 illi
799 2501 988 2548 coagcndo
1026 2513 1240 2548 quantum...

288 2550 406 2600 potest
420 2578 429 2587 .

394 2604 512 2648 Magis
524 2604 632 2638 etiam
648 2604 818 2639 voluntas
831 2602 947 2650 potest
981 2602 1112 2639 referre
1135 2601 1178 2637 ad
1199 2600 1239 2637 fi·

290 2663 371 2687 nem
389 2654 585 2689 consonum
610 2654 738 2689 rationi
764 2664 866 2689 recte
884 2679 894 2695 ,
924 2665 1031 2700 quam
1055 2655 1238 2700 appetitus

293 2701 480 2739 sensitivus
495 2731 504 2746 ,
524 2706 610 2750 quia
626 2705 794 2740 voluntas
816 2702 863 2738 est
886 2705 1029 2750 proprie
1054 2707 1237 2749 appetitus

294 2755 527 2796 rationalis&
545 2757 589 2789 ita
607 2757 748 2802 proprie
760 2755 926 2790 collativa
943 2753 985 2788 ad
1002 2753 1235 2800 finem‚quem

293 2805 385 2850 ratio
402 2806 466 2843 sibi
479 2805 631 2841 ostendit
647 2833 656 2842 .
672 2806 736 2842 Uti
751 2806 845 2842 enim
859 2804 960 2852 quod
974 2803 1019 2839 est
1035 2803 1160 2840 referre
1172 2806 1236 2843 ali.

290 2855 380 2901 quid
394 2858 434 2892 ad
448 2857 607 2893 debitum
621 2856 728 2893 finem
747 2883 756 2898 ‚
786 2869 855 2891 non
875 2856 923 2892 est
949 2866 1050 2892 actus
1080 2854 1236 2894 sensitivi

287 2909 474 2954 *appetitus
486 2935 496 2950 ,
524 2907 580 2943 sed
597 2908 795 2943 voluntatis
812 2908 976 2955 :proprie
989 2909 1079 2942 enim
1092 2907 1235 2942 confer·

290 2968 328 2993 re
347 2970 416 2994 non
430 2959 639 2995 conceditur
666 2960 840 3007 appetitui
867 2957 1060 3000 sensitivo,
1084 2959 1136 2992 vel
1158 2956 1233 2993 sen-

292 3007 585 3057 suicuicunque‚
600 3009 701 3046 sicuti
724 3009 930 3049 voluntati,
953 3008 987 3044 ἃ
1017 3008 1232 3044 intellectui.

289 3059 326 3096 Si
344 3058 563 3108 intelligatur
575 3060 618 3095 de
633 3059 784 3106 passione
799 3085 810 3100 ,
836 3071 915 3105 quae
929 3058 1157 3094 immoderata
1171 3059 1233 3093 de-

290 3111 351 3146 bet
368 3113 571 3156 praecaveri,
584 3112 615 3146 8<
642 3109 823 3145 moderate
841 3108 991 3152 assumi,
1005 3107 1232 3155 perspicuum

291 3160 439 3199 videtur
455 3162 676 3197 voluntatem
692 3161 803 3207 magis
828 3159 959 3194 habere
989 3159 1084 3206 posse
1107 3169 1227 3194 actum

293 3211 428 3248 fecium
444 3213 537 3248 circa
553 3211 716 3246 futurum
734 3222 846 3256 quarn
864 3208 1067 3244 sensitivam
1094 3210 1232 3256 appeti-

293 3274 367 3298 tutn
381 3275 392 3297 r
407 3262 490 3308 quia
506 3262 689 3306 cognitiva
705 3260 901 3296 voluntatis
920 3284 930 3298 ,
951 3271 1032 3305 quae
1052 3259 1100 3294 est
1126 3259 1230 3301 ratio,

293 3313 405 3358 magis
419 3310 533 3359 potest
545 3309 721 3346 consiliari
734 3309 777 3346 de
790 3311 922 3346 futuris
938 3334 948 3349 ‚
975 3321 1083 3356 quam
1099 3306 1226 3345 sensus.

391 3364 439 3398 Ea
453 3372 599 3409 propter
623 3360 814 3396 dicendum
832 3386 842 3402 ,
871 3361 1097 3395 voluntatem
1120 3358 1230 3406 ipsam

66 1517 96 1536 vt
105 1509 248 1547 appetitus
258 1527 268 1540 ι

57 2655 196 2683 Voluntas
204 2666 257 2694 po.

55 2695 140 2723 tenna
149 2693 185 2722 est
194 2704 257 2732 pro·

56 2780 112 2798 aon
124 2772 188 2799 item
201 2772 258 2801 sen.

57 2808 147 2853 sitivux
171 2819 255 2850 appe.

55 3188 165 3220 Solatio
189 3192 254 3222 Do-

62 3274 104 3295 tes
118 3269 236 3299 morales

57 3303 111 3332 effe
119 3307 146 3333 in
158 3307 254 3338 volun.

55 3350 112 3370 me
121 3352 148 3371 ut
159 3345 185 3372 in
197 3346 255 3377 sub.

55 3382 252 3452 ξᾶἶὶῖιῗυῗὲ.
291 3411 358 3448 else
372 3413 555 3460 proprium
581 3410 786 3456 subjectum
817 3411 1089 3457 appetitivarum
1117 3411 1232 3444 virtu-

8 3473 9 3500 ἶ
55 3459 174 3495 'W‘ffl‘'
189 3479 200 3488 ·
288 3475 390 3503 tum,
412 3463 445 3496 8<
461 3474 530 3496 non
562 3461 764 3496 sensitivum
787 3462 987 3508 appetitum
1013 3481 1025 3491 -
1048 3460 1231 3507 Quamvis

127 3499 189 3547 (α)
290 3514 383 3550 enim
398 3513 534 3547 virtute
557 3523 628 3546 non
656 3511 816 3555 indigeat
841 3511 1009 3545 voluntas
1037 3511 1080 3544 ad
1104 3521 1230 3546 recte.-

334 3594 384 3628 (a)
421 3592 496 3621 Huic
519 3589 687 3621 subscribunt
709 3589 869 3630 Vasquefitu
888 3590 967 3619 citat.
992 3597 1047 3618 art.
1059 3600 1088 3627 ⁴·
1101 3591 1233 3619 Valentia

294 3631 363 3669 disp.
377 3641 400 3664 ς.
416 3641 442 3667 q.
459 3634 512 3658 μῦ.
527 3633 674 3666 Quartum
686 3629 762 3663 dico,
775 3630 877 3665 aliique
891 3629 1087 3657 modernorum
1097 3635 1110 3654 ·.
1128 3630 1232 3658 Sunt-er,

295 3672 364 3708 disp.
380 3669 450 3703 3.de
464 3669 569 3697 Virtut.
590 3669 621 3695 in
634 3666 859 3708 gener5fict.7.
881 3668 932 3696 Sed
947 3667 1078 3696 videndus
1099 3667 1125 3694 S.
1139 3669 1232 3695 Bona·

294 3703 375 3736 ve'nt.
397 3715 421 3740 ς.
435 3707 463 3734 d.
479 3713 526 3740 33.
537 3714 604 3736 art„
617 3717 638 3732 ι.
654 3714 671 3741 q
694 3716 724 3741 4-
736 3707 762 3734 sc
777 3708 854 3745 Mag.
869 3706 1019 3734 Rncliarduz
1031 3705 1163 3743 ead.d1st.
1175 3713 1234 3733 art.

299 3757 310 3775 ι
323 3757 368 3782 .q.
391 3755 412 3771 ι.
426 3746 501 3783 Mag.
524 3744 660 3773 Aureolus
672 3763 683 3777 ‚
710 3755 735 3776 ς.
756 3745 824 3772 dist.
849 3752 936 3781 35·q.
962 3755 987 3774 ι.
1012 3750 1069 3772 an.
1092 3750 1121 3779 3.
1145 3742 1242 3784 satagit

296 3792 445 3819 miransque
459 3786 622 3811 lente-utiam
635 3784 804 3812 concordare
814 3799 823 3810 ι

1330 194 1450 219 actum
1463 185 1676 220 eliciendum
1690 188 1795 220 etiam
1807 187 1988 224 moraliter
1999 190 2098 226 bonu
2106 141 2266 234 m⁷jicue

1329 233 1364 268 8<
1379 233 1584 269 intellectus
1597 235 1710 281 potest
1728 246 1822 272 recte
1833 236 1967 274 dictare
1985 240 2053 275 fine
2082 243 2181 278 omni
2203 243 2268 279 ha-

1326 283 1404 318 bitu
1418 283 1650 322 intellectuali
1666 296 1678 324 :
1694 287 1829 332 primus
1844 287 1936 322 enim
1952 301 2052 325 actus
2068 303 2188 328 rectus
2205 319 2214 334 ,
2231 295 2266 331 8<

1324 345 1436 381 pruma
1463 336 1587 369 volitio
1615 347 1709 373 recta
1740 335 1900 372 habitum
1931 342 2160 385 praecedunt3
2185 353 2268 389 eget

1321 385 1553 420 nihilominus
1566 387 1754 424 habitibus
1769 388 1946 424 virtutum
1959 391 2000 425 ad
2015 390 2154 429 facilius
2171 407 2182 434 ς
2207 408 2270 431 ex·

1324 434 1531 481 peditius,&
1546 437 1738 485 perfettius
1748 436 1974 483 operandum
1989 441 2145 478 virtuose
2158 444 2267 490 idque

1325 486 1393 522 late
1403 485 1623 524 ostendimus
1640 490 1840 524 rationibus
1855 488 1969 523 allatis
1982 515 1991 530 ‚
2017 503 2095 536 qnae
2113 493 2165 526 his
2192 506 2266 529 me.

1323 536 1391 571 diis
1406 537 1604 584 procedunt
1620 563 1629 573 .
1648 543 1744 575 Nam
1763 538 1835 586 ipsa
1852 540 2080 576 voltvnnsest
2092 540 2267 578 rectifica-

1319 588 1402 623 bilis
1418 589 1451 621 in
1469 589 1609 624 actibus
1623 588 1695 624 suis
1711 616 1721 632 ,
1747 591 1780 625 8<
1795 601 1866 625 non
1878 588 1926 624 est
1941 590 1982 625 de
1998 589 2029 626 se
2042 594 2266 636 rectaffum,

1322 639 1408 686 quia
1427 638 1498 684 ipsa
1512 639 1560 676 est
1588 640 1864 676 indeterminata
1881 666 1895 686 ,
1919 639 1951 674 8<
1981 640 2266 679 determinabilis

1325 701 1395 724 non
1411 691 1526 725 minus
1541 717 1548 729 ,
1565 701 1673 737 quam
1692 691 1896 725 intellectus
1908 713 1920 732 ‚
1936 702 1954 724 a
1967 702 2042 737 quo
2057 702 2176 727 tamen
2194 704 2265 729 non

1323 751 1474 787 negatur
1487 740 1632 776 habitus
1652 767 1660 775 .
1677 740 1774 777 Tum
1796 766 1808 780 ,
1831 741 1917 787 quia
1933 740 2013 785 ejus
2028 741 2075 777 est
2090 744 2268 789 principa-

1321 790 1444 828 litasin
1468 791 1656 838 operando
1695 791 1922 836 operationes
1954 792 2127 827 humanas
2145 818 2156 833 ‚
2181 794 2267 837 quia

1319 843 1431 879 libera
1445 840 1493 877 est
1513 854 1525 882 ;
1551 843 1582 877 31
1600 842 1829 889 operationes
1840 841 2004 878 humanae
2018 844 2203 890 requirunt
2228 844 2266 879 in

1320 893 1644 941 principaliagente
1669 892 1839 927 virtutem
1856 919 1868 934 ,
1889 894 2027 929 ratione
2045 891 2153 938 cujus
2185 892 2266 930 sunt

1322 944 1557 986 laudedignae
1571 968 1579 977 .
1597 943 1698 978 Tum
1713 968 1724 984 ‚
1751 943 1837 988 quia
1856 952 1936 978 nata
1956 942 2006 979 est
2032 945 2177 989 proprie
2202 944 2267 980 de·

1321 995 1448 1032 lectari
1466 991 1537 1028 suis
1551 993 1586 1028 in
1598 992 1874 1040 operationibus
1886 1019 1898 1035 ,
1921 1005 1962 1028 ac
1975 992 2122 1029 subinde
2137 992 2268 1032 habitu

1321 1045 1440 1082 ornari
1466 1043 1579 1090 potest
1605 1070 1615 1084 ,
1641 1044 1674 1078 8<
1702 1042 1838 1087 indiget
1861 1069 1872 1084 ,
1897 1055 1974 1089 quo
2006 1043 2266 1082 delectabiliter

1321 1105 1491 1144 operetur
1507 1120 1516 1129 .
1529 1095 1625 1130 Tum
1643 1092 1819 1139 denique,
1841 1094 1927 1139 qui-³
1948 1094 2115 1129 voluntas
2151 1098 2266 1143 magis

1318 1144 1435 1196 potest
1447 1157 1505 1190 per
1515 1144 1659 1179 habitus
1676 1144 1848 1179 moderari
1866 1143 2037 1190 paffiones
2050 1144 2175 1180 debito
2191 1159 2266 1181 mo.

1315 1201 1363 1234 do
1379 1225 1388 1236 ‚
1415 1206 1523 1241 quam
1550 1195 1729 1242 appetitus
1753 1192 1940 1230 sensitivus
1961 1221 1975 1237 ,
2011 1193 2035 1230 st
2063 1197 2095 1231 ei
2114 1195 2265 1237 habitus

1310 1247 1462 1287 -ineffent
1478 1248 1656 1282 virtutum
1672 1272 1682 1283 .

1415 1296 1500 1338 Hoc
1526 1296 1639 1345 ipsum
1663 1307 1814 1343 quoque
1839 1296 1974 1332 directe
1996 1293 2153 1331 ostendit
2172 1299 2265 1333 ratio

1312 1350 1468 1386 adducta
1484 1348 1588 1396 supra
1598 1357 1666 1382 art.
1680 1359 1718 1392 4.
1731 1350 1828 1384 Nam
1844 1347 1940 1393 prius
1963 1349 2176 1383 naturaliter
2199 1350 2266 1383 eli.

1313 1403 1363 1448 git
1384 1402 1552 1436 voluntas
1569 1425 1580 1441 ‚
1603 1410 1712 1444 quam
1730 1398 1930 1445 quidquam
1955 1398 2102 1445 imperet
2124 1399 2265 1445 appexia

1311 1452 1364 1488 tui
1381 1451 1547 1488 senfitivo
1562 1477 1572 1492 ‚
1593 1448 1627 1483 8<
1647 1449 1738 1484 ratio
1760 1449 1907 1495 quidem
1921 1447 2059 1482 nonnifi
2083 1448 2263 1485 mediante

1310 1503 1472 1540 rationali
1486 1501 1650 1550 appetitu
1663 1525 1674 1542 ,
1700 1500 1846 1543 attingit
1863 1497 2065 1533 sensitivum
2082 1523 2092 1534 .
2124 1499 2262 1535 Volun-

1312 1565 1366 1589 tas
1379 1565 1502 1588 autem
1522 1553 1621 1600 prius
1638 1550 1717 1585 vult
1734 1549 1872 1595 aliquid
1887 1549 1921 1583 in
1936 1548 1967 1583 se
1983 1575 1994 1590 ,
2014 1560 2129 1595 quum
2146 1547 2258 1597 impe-

1314 1615 1368 1639 ret
1383 1604 1548 1650 potentiae
1565 1600 1730 1635 inferiori
1746 1600 1846 1634 exire
1864 1600 1899 1633 in
1912 1609 2033 1634 actum
2050 1600 2260 1641 circaillud3

1312 1655 1346 1690 8<
1363 1653 1441 1688 sane
1458 1664 1528 1688 non
1543 1650 1628 1697 quia
1645 1651 1792 1696 imperat
1805 1648 1884 1683 ideo
1901 1649 2009 1690 vult,
2033 1647 2091 1684 sed
2107 1652 2230 1696 potius
2242 1664 2260 1686 e

1313 1714 1440 1739 contra
1458 1703 1575 1737 .Cum
1589 1700 1700 1746 igitur
1712 1700 1877 1736 voluntas
1891 1700 1925 1732 in
1940 1697 2002 1734 illo
2015 1700 2125 1745 priori
2142 1700 2180 1736 fit
2207 1702 2261 1736 in.

1312 1754 1550 1790 determinata
1577 1777 1587 1792 ‚
1623 1751 1656 1785 8<
1683 1747 1964 1785 determinabilis
1986 1774 1996 1790 ‚
2023 1749 2139 1794 potest
2163 1762 2261 1789 recte

1313 1803 1480 1848 eligendo
1493 1802 1709 1847 generarein
1723 1798 1754 1835 se
1775 1799 1847 1846 ipsa
1870 1799 2037 1834 habitum
2063 1800 2105 1835 ad
2133 1813 2261 1840 recte-⁴.

1309 1852 1515 1898 eligendum
1535 1850 1764 1885 inclinantem
1785 1874 1794 1883 .
1810 1849 1844 1883 ls
1869 1849 2013 1883 babitus
2026 1852 2261 1897 propriissime

1311 1905 1427 1939 virtus
1441 1901 1489 1937 est
1508 1928 1517 1943 ‚
1542 1903 1632 1947 quia
1651 1899 1884 1947 propriillime
1910 1897 2057 1935 habitus
2081 1903 2260 1941 electivus

1306 1956 1352 1992 de
1370 1954 1419 1989 sni
1438 1963 1564 1988 natura
1578 1951 1752 1988 inclinans
1763 1950 1804 1986 ad
1821 1960 1923 1987 aetus
1937 1949 2064 1988 similes
2080 1952 2260 1991 illorum..

1308 2006 1500 2054 exquibm
1517 2003 1661 2050 genitus
1675 2001 1724 2037 est
1736 2030 1744 2038 .

1415 2055 1472 2094 Ad
1489 2064 1712 2099 argumenta.
1728 2051 1786 2087 Ad
1801 2053 1950 2099 primum
1965 2050 2163 2098 respondeo
2175 2065 2258 2099 pro-

1307 2107 1435 2143 cedere
1447 2118 1493 2141 ex
1509 2104 1797 2148 aequivocatione
1811 2101 1889 2148 ejus
1903 2130 1912 2144 ,
1935 2103 2033 2147 quod
2046 2103 2095 2138 est
2118 2106 2257 2141 bonum

1308 2158 1515 2201 simpliciter
1533 2181 1542 2190 .
1561 2153 1654 2192 Illud
1667 2154 1762 2189 enim
1778 2152 1892 2200 potest
1925 2153 2106 2200 intelligi,
2133 2156 2188 2190 vel
2216 2166 2256 2191 ut

1312 2207 1552 2252 distinguimr
1564 2216 1688 2240 contra
1704 2206 1837 2239 bonum
1853 2215 2026 2250 apparens
2043 2231 2052 2244 ‚
2080 2209 2185 2242 velut
2200 2206 2257 2240 di.

1310 2259 1506 2303 stinguitur
1518 2267 1644 2292 contra
1658 2259 1791 2291 bonum
1809 2255 1841 2288 in
1858 2254 2025 2299 singulari
2046 2267 2253 2303 acceptum.

1311 2311 1346 2347 Si
1363 2311 1478 2357 primo
1503 2307 1612 2342 modo
1640 2306 1839 2350 accipiatur
1855 2331 1866 2346 ‚
1887 2308 2019 2341 bonum
2049 2306 2254 2354 simplicitet

1311 2372 1383 2396 non
1396 2359 1445 2395 est
1460 2356 1646 2403 objeetum
1661 2357 1860 2392 voluntatis
1878 2368 1889 2396 3
1911 2356 1996 2402 quia
2010 2367 2096 2392 tunc
2122 2359 2255 2392 volun-

1312 2421 1326 2446 t
1353 2423 1368 2447 s
1381 2410 1544 2454 nequiret
1556 2408 1688 2443 babere
1701 2407 1856 2452 aliquem
1872 2405 1990 2441 aetum
2004 2407 2096 2441 circa
2114 2409 2251 2443 bonum

1311 2470 1484 2508 apparens
1515 2471 1524 2494 ε
1555 2460 1651 2496 Nam
1668 2458 1762 2493 nulla
1778 2459 1937 2504 potentia
1952 2456 2068 2504 potest
2093 2457 2253 2502 habere,

1312 2513 1431 2548 afiknm
1445 2512 1537 2544 circa
1555 2508 1640 2544 illud
1655 2536 1667 2552 ‚
1694 2509 1730 2542 in
1745 2519 1819 2552 quo
1833 2519 1903 2542 non
1918 2505 2074 2543 salvatur
2093 2510 2183 2544 ratio
2201 2509 2254 2547 sui

1312 2564 1415 2612 primi
1428 2558 1562 2606 objeffi
1576 2572 1587 2600 3
1605 2570 1715 2609 atque
1729 2558 1776 2592 ita
1788 2559 1954 2593 voluntas
1965 2557 2254 2608 cujuscunque..

1313 2615 1517 2650 viatorisex
1542 2608 1690 2656 objefto
1713 2607 1777 2643 suo
1792 2608 1879 2643 foret
1907 2606 2118 2644 confirmata
2136 2635 2146 2651 ,
2175 2624 2250 2647 ne„

1310 2663 1421 2714 posset
1440 2672 1584 2709 peccare
1602 2685 1612 2695 .
1637 2659 1807 2696 Secundo
1823 2658 1929 2694 modo
1951 2659 2065 2704 potest
2085 2661 2250 2703 concedi,

1308 2717 1393 2764 quia
1408 2716 1542 2749 bonum
1569 2709 1634 2746 sub
1658 2711 1799 2744 ratione
1829 2711 1911 2745 boni
1931 2709 1964 2744 in
1989 2712 2179 2747 universali
2199 2712 2251 2748 est

1309 2765 1494 2812 objefftum
1509 2761 1719 2810 appetitivae
1731 2786 1742 2801 ‚
1754 2762 1787 2797 ἃ
1803 2759 1871 2795 suae
1887 2763 2029 2808 proprie
2045 2765 2249 2808 cognitivae:

1308 2815 1440 2856 Sensus
1457 2824 1574 2848 autem
1591 2810 1784 2848 secundum
1798 2814 2040 2848 communiter
2055 2815 2250 2860 loquentes

1308 2866 1491 2914 cognoscit
1516 2864 1712 2908 singulare,
1741 2863 1775 2897 &
1806 2862 2004 2899 inrelleaus
2033 2862 2248 2901 universale:

1307 2919 1391 2955 ideo
1406 2917 1587 2964 appetitus
1599 2912 1783 2948 senfitivus
1795 2911 1904 2949 habet
1929 2925 1995 2961 pro
2009 2913 2157 2961 objefflo
2185 2918 2250 2951 bo-

1306 2982 1393 3006 num
1407 2979 1446 3004 ut
1463 2975 1558 3001 nunc
1574 2990 1584 3004 ‚
1597 2964 1682 3000 idest
1695 2987 1706 3005 ,
1732 2963 1865 2999 bonum
1880 2965 2056 3011 singulare
2067 2966 2248 3002 conditio-

1305 3014 1739 3059 nibusindividuantibus
1754 3014 2036 3051 determinatum
2063 3043 2072 3051 .
2106 3017 2249 3052 Volun-

1305 3073 1387 3107 tatis
1399 3080 1518 3104 autem
1548 3064 1732 3111 objeftum
1748 3064 1796 3101 est
1827 3068 1959 3101 bonum
1988 3066 2170 3103 ostensum
2198 3068 2247 3102 ab

1305 3119 1513 3160 intellefiku,
1540 3116 1640 3163 quod
1655 3115 1702 3150 est
1721 3115 1853 3150 bonum
1883 3116 2107 3158 universale,
2134 3117 2245 3162 idque

1305 3171 1355 3208 est
1370 3174 1502 3207 bonum
1519 3165 1739 3213 simpliciter.
1761 3163 1871 3215 Qod
1900 3165 2042 3202 a-idivur
2056 3193 2065 3207 ,
2086 3166 2246 3203 sufficere

1310 3223 1483 3258 rationem
1498 3217 1632 3253 refftum
1645 3213 1826 3249 ostendere
1843 3240 1850 3248 .
1864 3214 1900 3250 Si
1921 3215 1988 3251 hoc
2006 3217 2243 3258 val·:ret‚tunc

1307 3273 1473 3308 voluntas
1486 3279 1557 3302 non
1578 3264 1683 3313 posset
1701 3276 1848 3310 peccare
1864 3291 1872 3303 ,
1892 3267 1953 3309 qui
1970 3266 2017 3302 est
2034 3278 2133 3301 error
2147 3293 2155 3302 .

1412 3320 1472 3355 Ad
1487 3315 1677 3352 secundum
1693 3315 1789 3360 quod
1802 3314 1948 3351 duobus
1961 3317 2143 3352 conflatur
2161 3330 2246 3364 pro-

1307 3370 1515 3407 bationibus
1533 3364 1746 3413 Respondeo
1762 3364 1805 3399 ad
1825 3366 1972 3412 primam
1991 3394 2001 3409 ,
2020 3368 2100 3402 licet
2118 3369 2246 3403 volun-

1307 3432 1360 3457 tas
1383 3419 1495 3455 exsui
1520 3419 1685 3453 libertate
1715 3416 1829 3450 valeat
1862 3415 1894 3452 se
1921 3417 2152 3453 determinare¹
2180 3419 2246 3456 in..

1308 3469 1449 3518 agendo
1464 3496 1472 3508 .
1504 3481 1547 3504 ex
1563 3468 1702 3502 actibus
1715 3477 1831 3501 tamen
1846 3464 1915 3502 suis
1927 3467 1994 3504 esse
2022 3472 2243 3514 receptivam

1309 3518 1462 3564 alicujus
1488 3518 1683 3554 habilitatis
1696 3517 1828 3552 direete
1853 3518 2057 3554 inclinanvis
2084 3520 2123 3553 ad
2152 3520 2245 3554 {imi-

1303 3571 1374 3608 lem
1387 3571 1563 3605 astionem
1579 3593 1589 3603 .
1601 3569 1669 3603 Sua
1685 3568 1775 3603 enim
1792 3567 1897 3613 ipsius
1912 3569 2159 3605 determinatio
2172 3583 2244 3605 non

1308 3620 1358 3657 est
1373 3632 1432 3666 per
1445 3619 1596 3653 formam
1621 3617 1839 3657 naturalem,
1860 3621 1976 3665 qinalis
1991 3619 2038 3654 est
2053 3622 2085 3654 in
2109 3622 2188 3666 igne
2201 3621 2245 3655 ad

1308 3669 1588 3708 calefaciendum
1606 3695 1615 3709 ,
1645 3668 1700 3704 [ελ
1725 3681 1768 3704 cx
1797 3670 1904 3709 lb2ra
1927 3672 2066 3707 aftionc
2083 3698 2092 3712 ‚
2117 3685 2197 3718 qux
2227 3687 2247 3709 a

1313 3720 1472 3769 potentia
1497 3719 1769 3754 indeterminata
1800 3720 1989 3765 procedit,
2018 3722 2047 3757 8<
2072 3722 2115 3756 ita
2129 3722 2248 3759 deter-

1313 3771 1475 3808 minabili
1489 3781 1552 3818 per
1568 3770 1731 3807 habitum
1745 3770 1931 3810 .Secunda
1944 3773 2110 3820 probatio
2124 3773 2144 3809 si
2163 3786 2250 3811 con·

2125 3826 2204 3858 clu-

2305 1536 2425 1585 -vc'ffiffls
2445 1554 2511 1584 ideo

2306 1586 2424 1624 ¹ml³er³t
2443 1604 2511 1633 quia

2306 1618 2367 1644 vult
2380 1637 2390 1650 '
2413 1645 2471 1663 nou
2492 1641 2509 1661 e

2305 1664 2441 1704 convers(²
2451 1692 2461 1703 ο
