2628 4011
150 2416 210 2463 (a)

733 138 893 185 Tomus
909 134 990 180 III.
1012 137 1138 182 Part.
1155 133 1216 182 II.
1231 133 1399 206 Qaest.
1416 130 1630 184 LXXIX.
1646 133 1751 180 Art.
1769 132 1814 184 Ι.

303 213 407 247 beret
424 235 433 245 .
444 209 533 246 Non
545 207 645 253 quasi
663 205 824 253 superior
838 201 942 239 causa
955 203 1092 238 tribuat
1103 203 1198 240 aaut
1212 205 1248 241 8<

305 258 449 299 effeEtui
462 256 706 294 testitudinem
721 282 733 299 ‚
761 254 909 290 inferior
923 265 1012 288 vero
1024 254 1082 295 det
1091 256 1252 303 obliqui.

305 322 443 348 tatem:
461 306 705 354 sedquoniam
732 305 847 352 prima
874 303 978 344 causa
999 315 1176 350 quantum
1199 306 1251 343 est

307 375 354 399 ex
366 370 466 410 parte
480 356 530 393 sui
542 356 703 403 causaret
719 354 838 392 aftum
855 354 993 400 rebium
1005 381 1017 398 ,
1043 353 1066 395 fi
1082 354 1251 402 secunda,

305 413 415 462 juxta*
429 407 574 452 inditam
590 405 763 453 justitiam
779 434 787 444 .
815 418 896 454 quae
920 405 970 442 est
1001 407 1123 451 innata
1148 407 1253 452 liber.

306 474 360 501 tas
373 489 385 506 ‚
405 458 614 507 caeterisque
629 457 821 494 adiutoriis
837 469 909 494 non
927 456 1182 501 deficientibus
1204 473 1251 498 ex

306 523 406 564 parte
418 509 558 556 agentis
569 511 674 557 primi
692 508 840 555 subinde
865 520 975 557 agens
994 534 1006 552 ,
1032 507 1163 544 divinae
1185 523 1253 548 vo-

307 562 435 604 luntati
458 571 716 609 cooperaretur
735 585 745 596 .
774 560 967 607 Propterea
1005 558 1125 596 auum
1156 563 1253 600 obli·

306 624 421 666 quum
448 611 482 647 81
509 609 796 659 peccaminosum
827 612 934 658 poni,
957 610 1056 647 aliud
1093 622 1165 647 non
1201 613 1252 650 est

307 675 413 715 quam
433 672 589 705 creatam
606 663 827 699 voluntatem
845 688 858 705 ‚
880 672 1073 710 quamtum
1087 660 1139 697 sui
1164 665 1255 700 inte.

308 715 376 755 rest
392 740 402 753 ‚
426 711 562 749 rec-*tum
576 713 695 750 ael-'ium
711 724 783 749 non
808 714 951 758 causare
964 738 974 748 .
987 713 1084 755 Hinc
1108 713 1253 757 reffiffi.

308 780 364 805 me
381 763 441 799 soli
455 763 567 801 causae
579 764 734 801 inferiori
748 761 828 800 sunt
841 762 1062 800 attribuendi
1083 765 1255 808 quicum-

307 830 380 866 que
395 814 557 852 defeetus
573 817 606 852 8<
622 827 768 863 peccata
786 842 795 856 ,
815 826 887 850 non
904 826 1020 850 autem
1036 812 1151 856 causae
1179 818 1256 864 pri-

309 881 376 906 mae
395 893 405 910 ,
421 866 506 913 quia
522 867 667 914 praecise
679 868 783 913 culpa
798 867 892 904 illius
906 864 961 906 fit,
976 875 1015 900 ut
1032 864 1134 901 astus
1146 878 1253 906 exeat

308 931 381 956 non
396 917 529 959 rectus,
545 918 578 953 ὃς
598 916 717 954 τεεᾟις
730 918 877 953 omnino
893 917 996 957 foret,
1013 916 1034 951 fi
1055 915 1251 963 secundum

309 967 523 1020 potestatem
541 968 796 1005 antecedenter
809 982 827 1005 a
841 971 921 1014 Deo
934 977 1118 1015 acceptam
1133 995 1145 1011 ‚
1171 983 1255 1014 eum

308 1017 594 1071 repraesentaret.v
1029 1021 1031 1024 '

360 1075 362 1078 ’
412 1070 672 1112 Verumtamen
683 1072 753 1108 boc
766 1071 926 1115 sermone
952 1068 1041 1116 illud
1064 1071 1258 1117 explicari,

311 1125 348 1168 ξε
377 1122 546 1159 concludi
572 1121 742 1168 videtur,
769 1120 870 1170 quod
893 1124 971 1157 Deo
994 1133 1066 1157 non
1091 1122 1129 1158 stt
1159 1116 1261 1157 attriss

310 1174 496 1213 buendum
509 1183 695 1221 peccatum
727 1185 768 1210 ut
795 1171 939 1215 authori
956 1197 965 1212 ‚
977 1173 1115 1219 quippe
1131 1172 1197 1218 qui
1214 1175 1260 1208 ab

309 1226 366 1263 his
383 1223 628 1273 perpetrandis,
640 1224 803 1263 homines
815 1223 991 1267 deterreat
1012 1235 1025 1270 3
1052 1221 1110 1259 sed
1126 1222 1258 1261 exinde

309 1274 680 1322 haudinferr-ipoffe,
712 1277 857 1314 minime
870 1273 991 1317 Deum
1020 1275 1089 1311 effe
1113 1271 1256 1310 causam

308 1330 461 1382 primam
476 1321 700 1371 deficiendi.
726 1330 783 1366 Ex
796 1337 873 1373 quo
896 1326 990 1362 enim
1017 1325 1091 1374 ipse
1114 1325 1259 1362 libere,

308 1378 457 1428 omnino
469 1376 590 1414 causet
607 1379 860 1417 refiiitudinem
878 1401 891 1420 ‚
917 1377 945 1412 ⁵3<
963 1389 1023 1420 per
1035 1378 1134 1422 prius
1147 1389 1258 1427 quam

311 1441 432 1472 creata
449 1430 622 1465 voluntas
642 1462 647 1469 ,
669 1442 734 1466 cur
746 1442 832 1476 ergo
857 1439 926 1464 non
948 1427 1091 1465 dicatur
1117 1431 1262 1475 prima.)

311 1480 417 1522 eausa
435 1481 651 1524 deficiendi,
676 1480 752 1518 esto
767 1479 899 1518 exinde
914 1490 1060 1525 peccare
1077 1492 1148 1516 non
1162 1479 1261 1516 dica-

312 1535 403 1581 tun?
421 1533 644 1579 Responsio:
661 1532 781 1570 Deum
795 1543 900 1578 pecca
909 1545 942 1568 re
955 1544 1024 1568 non
1039 1532 1136 1580 posse
1148 1533 1265 1581 expli.

312 1596 436 1627 catum
451 1585 519 1622 fuit
532 1584 824 1630 initiosblutionis
849 1610 856 1619 .
879 1583 990 1630 Quod
1013 1596 1101 1620 vero
1126 1585 1262 1634 pariter

315 1637 384 1674 eise
397 1648 552 1684 nequeat
563 1638 676 1683 prima
690 1636 794 1673 causa
822 1634 1011 1671 deficiendi
1045 1648 1093 1671 ex
1118 1648 1162 1672 eo
1190 1637 1264 1672 evic

313 1688 440 1731 denter
451 1688 681 1724 concluditur
696 1715 706 1730 ‚
728 1688 813 1735 quia
830 1687 889 1722 tali
917 1687 952 1721 in
981 1685 1173 1730 bvnothest
1196 1698 1262 1722 vo-

315 1739 435 1775 luntas
446 1749 563 1780 creata
581 1738 679 1774 haud
695 1739 845 1775 dicenda
865 1737 952 1772 foret
966 1737 1165 1784 aliquando
1180 1748 1263 1784 pec·

312 1799 394 1829 care
406 1814 419 1831 ,
445 1788 546 1839 quod
558 1789 606 1826 est
620 1791 725 1837 plane
749 1801 939 1826 erroneum
954 1814 962 1822 .
980 1787 1049 1825 Sed
1075 1790 1262 1831 probatur:

311 1841 399 1887 quia
414 1839 518 1881 causa
533 1842 644 1887 prima
672 1841 864 1878 deficiente
878 1866 888 1882 ,
915 1850 978 1874 aut
1009 1839 1263 1878 rectitudinem

309 1890 396 1928 dare
412 1891 580 1938 nolente,
602 1905 643 1932 ut
658 1890 813 1940 speeiata
841 1891 949 1936 ipsius
972 1889 1133 1933 absoluta
1161 1901 1263 1937 pote·

309 1941 398 1980 state
412 1940 525 1983 facere
541 1942 654 1988 posset
670 1970 680 1985 ,
708 1954 781 1978 non
794 1941 878 1978 esset
892 1941 928 1979 in
946 1941 1029 1976 auu
1057 1941 1261 1977 voluntatis

309 2003 439 2029 crearat
465 1996 623 2030 carentia
646 1993 871 2032 re⁵litudinis
897 1991 1028 2028 debitae
1053 2003 1065 2033 ;
1098 2002 1170 2026 non
1211 1991 1263 2028 est

311 2045 406 2081 enim
418 2041 553 2090 justitia
565 2044 683 2082 debita
696 2058 714 2080 a
727 2054 847 2081 creata
861 2043 1049 2079 voluntate
1061 2069 1072 2082 ‚
1094 2041 1156 2078 nili
1172 2053 1265 2088 qua-

311 2094 467 2131 tenusin
483 2094 774 2143 ipiiuspotestate
798 2093 848 2130 est
871 2093 965 2129 reete
990 2105 1120 2138 agere,
1145 2092 1191 2128 fic
1223 2103 1265 2129 ut

312 2146 412 2183 nulla
427 2145 647 2189 intelligatur
663 2144 863 2182 subtrafiio
873 2143 988 2180 causae
1001 2144 1131 2191 prioris
1152 2157 1162 2185 3
1178 2157 1265 2191 pro-

313 2208 394 2246 pter
410 2194 518 2242 cujus
530 2196 708 2234 defeetum
726 2224 738 2240 ,
765 2206 920 2244 nequeat
947 2206 1068 2233 creata
1095 2196 1265 2231 voluntas

315 2259 420 2294 agere
435 2246 527 2284 reste
542 2276 551 2285 .
564 2249 600 2286 Si
618 2249 729 2296 igitur
743 2250 844 2284 Deus
873 2248 965 2284 foret
992 2248 1103 2292 prima
1129 2245 1265 2282 causa..

315 2311 387 2338 non
405 2309 513 2344 agers
525 2299 776 2336 reffitudinem
792 2326 802 2341 ‚
829 2297 931 2334 aetus
942 2309 1013 2333 non
1027 2296 1146 2333 refi'tus
1167 2297 1268 2334 baud

316 2349 399 2386 esset
412 2349 556 2387 facienti
570 2350 793 2396 imputabilis
808 2349 851 2385 ad
867 2359 1055 2397 peccatum
1070 2374 1089 2395 ³.
1109 2347 1145 2383 8<
1162 2359 1199 2383 re
1213 2349 1270 2396 ip!

319 2400 352 2445 sa
367 2412 556 2449 peccatum
571 2415 641 2437 non
655 2399 737 2437 esset
754 2426 764 2437 .

425 2450 480 2487 Ad
493 2464 701 2499 argumenta
725 2480 734 2489 .
765 2451 826 2489 Ad
855 2453 1009 2500 primum
1030 2450 1273 2495 dicendum-‚2

319 2501 439 2538 Deum
454 2515 671 2546 concurrere
687 2516 769 2541 cum
785 2504 954 2540 omnibus
970 2502 1086 2538 cautis
1106 2500 1270 2538 secundis

318 2553 378 2588 seu
395 2554 607 2592 naturaliter
621 2583 631 2596 ,
658 2555 718 2592 seu
739 2555 852 2590 libere
875 2567 935 2598 ag7
945 2563 981 2588 nt
1000 2580 1009 2594 ‚
1035 2566 1106 2589 una
1121 2565 1203 2590 cum
1218 2552 1272 2599 ip.

320 2605 362 2641 sis
378 2603 561 2639 influendo
575 2607 610 2642 in
627 2616 843 2641 communes
855 2604 1007 2640 effecius
1037 2630 1046 2639 .
1070 2604 1271 2641 peccante,

317 2653 556 2692 nihilominus
583 2658 772 2692 voluntate
797 2667 913 2691 creata
939 2680 948 2695 ‚
974 2654 1037 2689 fibi
1063 2667 1134 2689 non
1158 2654 1272 2691 causae

318 2707 440 2754 primae
453 2704 521 2741 esse
535 2718 722 2752 peccatum
742 2704 1010 2742 attribuendum
1033 2705 1148 2752 3quia
1169 2707 1270 2742 Deus

319 2769 391 2793 non
410 2757 525 2802 primo
536 2757 656 2794 deficit
678 2785 688 2800 ‚
714 2756 772 2793 sed
786 2768 964 2803 quantum
975 2755 1025 2791 est
1037 2765 1082 2791 ei<
1100 2766 1201 2802 parte
1220 2756 1274 2794 sui

317 2810 465 2843 omnino
476 2818 546 2844 non
564 2809 684 2845 delicit
702 2807 776 2850 3est
794 2819 980 2855 propterea
996 2807 1195 2851 obliquitas
1210 2809 1274 2846 in„

320 2858 460 2901 afflone
486 2871 636 2907 propter
673 2859 852 2896 defeetum
880 2856 995 2894 causae
1023 2856 1182 2893 secundae
1208 2860 1274 2897 in,

320 2909 462 2955 agendo
475 2936 483 2945 .
499 2911 666 2947 Tenetur
679 2912 771 2947 enim
789 2909 861 2950 ipsa
878 2909 970 2946 velle
983 2921 1054 2944 non
1066 2909 1270 2957 quodcum-

319 2971 393 3007 que
404 2963 505 2999 Deus
517 2963 708 2998 voluntate
724 2960 967 3009 consequente
977 2960 1057 2997 vult
1071 2987 1081 3006 ,
1095 2959 1152 2995 sed
1168 2962 1270 3008 quod

319 3011 424 3058 jubet
441 3024 519 3048 eam
537 3013 628 3049 velle
644 3039 654 3049 .
673 3013 872 3054 Voluntate
893 3011 987 3047 enim
1016 3011 1105 3053 ligni
1135 3024 1272 3061 propo-

320 3063 382 3101 {ita
399 3064 478 3110 lege
494 3062 714 3111 statutisque
727 3065 841 3110 poenis
858 3063 1015 3104 deterret
1039 3060 1205 3100 homines
1222 3077 1266 3101 aa

317 3114 503 3163 peccando
516 3137 529 3157 ‚
555 3116 641 3162 quia
657 3115 678 3150 fi
694 3115 818 3155 malint
833 3115 946 3159 legem
969 3111 1172 3158 transgredi
1190 3141 1199 3155 ,
1226 3113 1270 3150 de

318 3163 581 3211 consequenti,
607 3176 646 3201 ut
664 3165 767 3201 causa
793 3163 1007 3200 universalis
1024 3163 1197 3207 impendit
1222 3166 1276 3204 eis*

321 3214 424 3252 suum
442 3215 684 3258 concursum;
714 3228 756 3251 ac
781 3213 985 3259 {impliciter
1012 3215 1090 3250 vult
1114 3213 1188 3250 fieri
1219 3215 1270 3256 id,

321 3265 366 3300 ad
381 3266 480 3314 quod
499 3278 561 3312 per
578 3265 702 3302 causas
717 3265 889 3302 secundas
905 3264 1165 3302 determinatur
1184 3278 1196 3306 ;
1212 3263 1271 3302 sed

321 3315 398 3351 haec
414 3317 543 3353 volitio
556 3317 660 3353 aliam
680 3317 922 3365 praesupponit
940 3316 1149 3352 nolitionem
1167 3343 1176 3357 ,
1205 3319 1272 3354 in..

321 3366 435 3401 altero
447 3376 564 3402 tamen
579 3379 708 3413 genere
726 3395 735 3410 ,
756 3380 828 3415 qua
857 3366 1034 3413 fignificat
1050 3393 1059 3408 ,
1089 3364 1123 3401 se
1146 3369 1272 3404 nolle-2

321 3427 492 3465 paccata:
508 3418 627 3454 influit
644 3430 734 3464 ergo
753 3419 788 3455 in
803 3431 842 3454 ea
853 3428 1027 3465 tanquam
1054 3415 1160 3452 causa
1191 3420 1272 3455 uni-

337 3552 344 3558 ,
360 3517 406 3549 (a)
446 3514 515 3544 ΗΜ·
526 3516 635 3546 videtur
655 3527 733 3548 mens
755 3517 890 3548 nouom
903 3517 952 3547 cit.
966 3526 1033 3555 qm.
1049 3519 1095 3546 18.
1108 3516 1273 3546 expenden-

322 3552 481 3597 ttsAnselmi
490 3555 688 3585 authoritatem
701 3565 821 3593 eamque
833 3557 906 3586 recte
918 3557 1047 3589 expreflit
1063 3556 1192 3584 Massriut
1204 3556 1273 3583 <co-

322 3590 383 3620 nfla
396 3591 505 3628 Disput.
519 3602 548 3623 r.
559 3594 646 3624 naeth.
658 3604 691 3632 q.
706 3593 758 3623 ult·
770 3599 806 3624 ’θ’
817 3595 887 3634 disp.
902 3600 930 3623 6.
941 3595 1115 3623 deffleccam
1140 3596 1168 3622 ar
1195 3593 1273 3627 ἥιρει·

325 3628 466 3668 1.]εη1ρη.
477 3629 545 3668 disp.
559 3642 589 3667 4.
601 3642 626 3669 q.
645 3641 671 3665 ζ.
683 3630 859 3670 optimeque
873 3633 996 3662 cohaeret
1009 3631 1276 3670 Tridentinoseffffi

321 3677 385 3696 can.
398 3671 424 3696 6.
443 3669 574 3698 Portasti<
586 3680 644 3698 non
659 3671 732 3701 aliud
747 3672 895 3701 intendunt
912 3671 1008 3700 Canu5
1021 3691 1031 3705 ‚
1055 3673 1080 3699 ὅ(
1094 3671 1174 3700 Sotus
1193 3670 1275 3699 relati

322 3714 339 3734 a
362 3705 512 3744 Vasqnefio
534 3707 603 3747 disp.
621 3717 756 3747 129.cap.
773 3720 803 3742 7.
818 3719 974 3743 negante«,
995 3719 1141 3747 peecatum
1172 3719 1187 3737 a
1212 3709 1277 3737 Deo

322 3746 476 3781 procedere
488 3764 498 3779 ‚
519 3755 550 3774 ut
558 3748 594 3775 est
611 3747 692 3776 causa
706 3749 819 3776 ntotalit
833 3750 860 3780 &
879 3749 962 3776 libera
977 3767 987 3781 ‚
999 3749 1047 3777 etsi
1058 3748 1150 3777 verbie
1161 3747 1276 3775 videan-

322 3790 368 3851 tutr
380 3783 489 3814 differre
500 3803 510 3811 .
522 3784 659 3825 Vasquesti
672 3787 906 3826 redargutionem
921 3785 1004 3816 habet
1030 3786 1103 3826 apud
1126 3785 1279 3824 Mastriun·

324 3832 345 3851 τι
364 3840 373 3850 .

1322 202 1469 240 versalia
1489 230 1499 245 ,
1529 201 1586 238 sed
1601 212 1833 248 nequaquam
1853 199 1904 237 est
1918 202 2055 248 peccati
2073 215 2133 248 per
2153 203 2184 239 se
2196 216 2284 244 cau.

1334 253 1368 290 sa
1384 282 1394 298 ‚
1421 255 1508 303 quia
1522 253 1565 289 de
1582 252 1751 300 primaria
1769 250 2016 287 intentionein
2034 253 2120 288 illud
2138 265 2209 289 non
2228 260 2281 294 ῑῃ-

1333 305 1444 349 Ηυίῐ,’
1461 303 1519 340 sed
1546 302 1683 348 magis,
1710 313 1755 338 ne
1781 299 1842 337 fiat
1866 301 2078 339 dehortatur
2101 304 2132 339 8<
2162 305 2281 343 deter-

1334 366 1390 401 ret
1412 382 1421 392 .
1433 350 1579 402 Nequit
1591 365 1679 399 ergo
1692 354 1792 396 Deus
1805 353 1904 399 prius
1918 350 2068 389 deficere
2081 353 2101 388 st
2116 354 2277 393 defeetus

1333 407 1369 443 in
1386 405 1516 443 effefiiu
1533 404 1573 441 fit
1588 413 1775 452 peccatum
1794 427 1804 438 .
1816 403 1916 453 Quia
1929 404 1950 438 fi
1966 401 2037 449 ipse
2065 404 2182 450 primo
2205 419 2277 443 non

1332 467 1480 503 ageret,
1503 455 1660 501 carentia
1683 453 1906 491 reffiitudinis
1934 453 1970 489 in
1993 453 2076 496 abiu
2100 467 2171 491 non
2196 456 2281 493 esset

1333 505 1477 554 debita-¹

1433 559 1531 600 Cum
1546 559 1721 606 probatur
1732 555 1776 592 de
1792 554 1896 591 causa
1926 554 2100 601 superiori
2124 555 2157 591 8<
2189 557 2279 592 infe-

1332 609 1443 647 riori.
1461 608 1676 658 Respondeo
1694 635 1703 647 ,
1731 607 1764 642 id
1779 605 1846 642 effe
1858 617 1981 641 verum
2009 605 2052 640 de
2076 603 2177 645 causa
2206 607 2280 643 effi.

1332 661 1450 697 ciente
1466 687 1476 703 ‚
1505 672 1575 696 non
1595 659 1784 699 deficiente
1805 687 1811 692 .
1829 656 1926 692 Cum
1944 656 2122 701 accipitur
2145 656 2279 692 confir-

1333 712 1445 747 matio
1458 723 1503 755 εκ
1515 711 1628 747 caulis
1653 710 1878 750 naturalibus
1894 734 1905 749 ,
1933 706 2121 741 dicendum
2138 732 2147 745 ‚
2172 717 2279 743 natu.

1333 763 1424 799 rales
1437 761 1561 798 causas
1577 760 1721 799 causare
1738 773 1808 795 non
1841 757 1936 805 posse
1951 784 1961 800 ‚
1992 756 2049 790 nist
2077 756 2273 794 secundum

1331 814 1601 849 inclinationem
1628 814 1679 849 eis
1705 809 1839 854 acausa
1866 808 2039 855 superiori
2061 805 2276 851 impressam,

1332 865 1439 909 eique
1455 863 1605 901 subinde
1620 866 1653 899 in
1670 861 1808 904 agendo
1823 860 2109 896 conformantur.
2124 857 2172 892 At
2190 860 2278 902 quia

1330 915 1502 951 voluntas
1517 916 1714 951 libertatem
1726 912 1863 958 accepit
1877 938 1888 953 ,
1899 922 2004 955 agere
2020 909 2114 944 valet
2131 907 2282 946 consen-

1331 974 1436 1009 tanee
1451 964 1494 999 ad
1506 963 1597 1008 jussa
1616 962 1730 1006 causae
1747 961 1937 1009 superioris
1950 987 1960 1002 ,
1988 961 2022 996 8<
2051 958 2151 995 secus
2167 984 2176 994 .

1434 1014 1492 1059 Ad
1506 1014 1726 1057 secundum,
1753 1011 1917 1048 concesso
1942 1010 2189 1052 antecedenti,
2215 1022 2279 1046 ne·

1330 1065 1447 1113 ganda
1464 1064 1515 1109 est
1531 1065 1790 1114 consequentia
1813 1088 1822 1099 .
1840 1062 1898 1097 Ad
1914 1062 2165 1110 probationem
2181 1058 2278 1106 ejus,

1331 1116 1555 1164 respondeO,
1580 1129 1650 1154 non
1671 1129 1710 1153 ea
1737 1114 1781 1150 de
1793 1112 1898 1149 causa
1927 1124 2068 1152 tantum
2105 1113 2277 1157 imputari

1331 1179 1522 1215 peccatum
1541 1167 1718 1205 voluntati
1748 1176 1874 1203 creatae
1887 1189 1897 1205 ,
1911 1163 1996 1211 quia
2011 1161 2083 1211 ipsa
2099 1160 2148 1202 est
2166 1161 2274 1198 causa

1330 1219 1562 1265 obliquitatis
1589 1220 1622 1255 in
1655 1217 1736 1255 acin
1763 1228 1775 1256 ς
1817 1214 1874 1251 sed
1898 1215 2067 1264 praetetea
2098 1212 2274 1260 quoniam

1331 1268 1404 1316 ipsa
1417 1281 1560 1313 tenetur
1587 1282 1693 1317 agere
1717 1266 1811 1304 reeie
1829 1293 1840 1311 2
1862 1268 1898 1304 in
1921 1275 2101 1313 quantum
2126 1259 2276 1300 effecius

1331 1320 1426 1357 cadit
1439 1320 1504 1358 sub
1519 1319 1600 1367 ejus
1615 1319 1827 1366 potestatem
1843 1344 1856 1360 ,
1881 1315 1914 1352 8<
1942 1315 2083 1358 interim
2113 1315 2277 1362 perverse

1331 1382 1505 1420 operatur
1520 1397 1530 1408 .
1551 1372 1608 1414 Ad
1621 1373 1656 1417 id
1668 1381 1788 1408 autem
1802 1379 1874 1409 non
1892 1377 2037 1408 tenetur
2054 1364 2185 1401 Divina
2214 1379 2280 1401 vo-

1332 1425 1484 1469 lunt-¹³83
1510 1433 1674 1476 atqueex
1691 1419 1870 1468 eoipsain
1886 1415 1918 1458 se
1946 1427 2090 1464 peccare
2118 1427 2189 1452 non
2215 1429 2280 1457 po,

1333 1473 1399 1511 test
1414 1500 1424 1509 .
1437 1477 1571 1522 Neque
1599 1476 1707 1516 etiam
1726 1483 1799 1514 non
1820 1467 1999 1505 causando
2012 1493 2023 1509 ,
2045 1468 2141 1502 valet
2164 1469 2282 1515 primo

1334 1525 1488 1569 deficere
1516 1524 1679 1573 respec-tu
1704 1521 1933 1563 reetitudinis
1963 1518 2090 1553 debitae
2118 1519 2154 1554 in
2183 1519 2281 1561 aaa,

1335 1577 1421 1625 quia
1437 1577 1599 1624 alioquin
1615 1602 1625 1617 ,
1650 1587 1690 1612 ut
1706 1573 1841 1611 dietum
1858 1570 1907 1610 est
1924 1597 1933 1612 ‚
1959 1570 2137 1624 exeuntia
2160 1581 2282 1606 creata

1338 1628 1524 1664 voluntate
1541 1626 1647 1663 ineffe
1659 1638 1730 1663 non
1747 1623 1859 1673 poffct
1876 1620 2033 1658 carentia
2047 1619 2197 1665 Justttiae
2221 1621 2283 1658 de·

1336 1679 1420 1722 bitae
1435 1701 1446 1719 ·.

1444 1728 1506 1768 Ad
1520 1731 1673 1766 tertium
1685 1737 1781 1774 patet
1797 1738 1841 1762 ex
1858 1722 1964 1760 ὀίἒὶίε
1988 1747 1997 1756 .
2021 1724 2118 1758 Nam
2134 1721 2156 1756 st
2184 1726 2286 1760 Deus

1339 1778 1583 1819 subtrahendo
1596 1778 1900 1815 manutenentiam
1925 1772 2022 1808 suam
2057 1774 2209 1817 gratiam
2225 1788 2287 1809 an-

1339 1831 1507 1868 nihilaret
1525 1857 1536 1872 ,
1564 1831 1666 1866 nullo
1679 1827 1878 1865 voluntatis
1894 1821 2118 1871 praecedente
2143 1823 2284 1862 defeat,

1340 1883 1377 1919 in
1391 1880 1579 1929 operando
1593 1907 1603 1922 ,
1633 1892 1674 1916 ea
1691 1880 1813 1926 gratia:
1830 1875 1991 1913 carentia
2009 1898 2019 1913 ‚
2044 1883 2115 1908 non
2129 1871 2218 1912 foret
2236 1878 2284 1918 ip<

1342 1933 1365 1969 fi
1381 1931 1591 1979 imputanda
1608 1930 1651 1967 ad
1669 1940 1858 1978 peccatum
1877 1953 1887 1968 ,
1913 1922 2087 1971 fiquidem
2106 1936 2177 1963 non
2204 1926 2285 1962 esset

1338 1982 1500 2020 carentia
1514 1980 1660 2028 justitiae
1673 1982 1801 2017 debitae
1819 2005 1828 2015 .
1844 1976 2026 2012 Voluntas
2040 1974 2135 2010 enim
2153 1987 2225 2013 non
2240 1976 2289 2013 est

1340 2032 1422 2080 ejus
1435 2032 1586 2079 justitiae,
1609 2033 1794 2072 debitrix,
1816 2029 1878 2065 nili
1909 2037 2093 2074 quatenus
2117 2027 2152 2062 in
2183 2028 2295 2074 ipsius,

1340 2083 1518 2134 potestate
1535 2082 1585 2120 est
1600 2085 1754 2130 gratiam
1768 2079 1978 2118 conservare
1997 2103 2007 2118 ‚
2032 2087 2074 2111 ne
2087 2088 2157 2133 per·
2171 2076 2293 2115 deme.

1341 2138 1449 2174 ritum
1468 2135 1532 2171 sibi
1546 2135 1726 2171 adimatur
1743 2160 1751 2169 .
1764 2130 1945 2182 vais
1962 2128 2072 2172 igitur
2086 2138 2205 2173 majus
2218 2141 2293 2165 ma·

1340 2189 1415 2225 lum
1435 2186 1474 2223 stt
1488 2186 1614 2232 gratiae
1626 2185 1785 2231 privatio
1803 2209 1813 2224 ,
1839 2193 1947 2229 quam
1970 2177 2112 2225 justitiae
2142 2179 2293 2216 a6'tualis

1341 2238 1499 2275 carentia
1521 2264 1531 2277 ‚
1557 2236 1626 2273 eil‘e
1651 2233 1768 2283 potest
1793 2231 2026 2268 nihilominus
2050 2240 2068 2262 a
2101 2231 2180 2265 Deo
2223 2242 2295 2266 non

1343 2299 1473 2334 agente
1488 2315 1498 2330 ‚
1528 2286 1616 2323 idest
1631 2298 1703 2321 non
1715 2283 1954 2321 conservante
1971 2294 1983 2322 ;
2006 2279 2062 2316 sed
2081 2292 2150 2315 non
2178 2282 2298 2329 primo

1342 2350 1415 2375 non
1427 2348 1555 2383 agente
1570 2350 1581 2377 ;
1608 2337 1682 2371 imo
1694 2346 1883 2382 propterea
1896 2344 1965 2367 non
1980 2329 2192 2368 concursum
2207 2330 2297 2367 dan-

1344 2399 1382 2426 te
1403 2414 1411 2427 ‚
1439 2390 1525 2434 quia
1540 2385 1706 2431 praecenit
1719 2385 1930 2421 demeritum
1944 2408 1954 2424 ,
1976 2380 2070 2418 unde
2094 2383 2127 2418 St
2162 2381 2295 2418 facium

1345 2438 1426 2485 est,
1447 2450 1487 2475 ut
1512 2440 1593 2475 Deo
1620 2435 1853 2474 subtrahente
1884 2432 2169 2470 conservationis
2212 2430 2294 2478 ejus

1345 2485 1655 2532 manutenendam
1681 2515 1692 2530 ‚
1731 2489 1766 2523 in
1790 2485 1945 2524 nihilum
1977 2484 2089 2520 abiret
2121 2508 2134 2523 .,
2156 2480 2296 2517 Verum

1346 2540 1510 2588 respectu
1537 2540 1705 2576 carentiae
1735 2535 1963 2575 rectitudinis
1984 2532 2158 2574 ac‘iutlis,
2194 2532 2216 2568 fi
2245 2530 2296 2567 est

1347 2592 1503 2641 primum
1523 2601 1710 2638 peccatum
1729 2616 1740 2632 ‚
1761 2600 1833 2625 non
1846 2585 1895 2623 est
1917 2584 2065 2631 aliquod
2091 2583 2296 2630 praecedens

1350 2653 1544 2690 peccatum
1561 2652 1622 2676 aut
1645 2640 1862 2679 demeritum
1881 2664 1891 2679 ,
1913 2635 2021 2682 cujus
2038 2635 2174 2670 intuitu
2193 2636 2294 2669 Deus

1350 2693 1503 2740 deneget
1521 2690 1624 2729 suum
1641 2688 1856 2728 concursum
1869 2715 1878 2729 ‚
1903 2700 1946 2723 ne
1979 2684 2161 2720 teetitudo
2181 2694 2297 2731 pona-

1349 2756 1411 2784 tur
1426 2772 1434 2787 ,
1456 2744 1490 2779 8<
1511 2741 1633 2792 reipsa
1649 2743 1919 2788 iniitquantum
1935 2737 1983 2774 est
2009 2747 2054 2772 ex
2085 2747 2184 2781 parte
2210 2732 2295 2771 Dei.

1352 2797 1470 2842 igitur
1499 2807 1562 2830 nec
1587 2793 1710 2841 gratiae
1735 2793 1892 2839 privatio
1919 2787 1968 2827 est
1991 2798 2204 2834 peccatum,
2231 2785 2293 2820 nist

1350 2849 1568 2892 inquantum
1581 2844 1628 2882 est
1648 2843 1790 2888 iustitia:
1803 2842 1933 2878 debitae
1946 2838 2102 2874 carentia
2118 2863 2128 2878 ‚
2144 2849 2214 2885 qua
2232 2847 2298 2873 vo.

1349 2901 1470 2936 luntas
1487 2895 1518 2932 se
1543 2896 1774 2933 demeritorie
1785 2892 1945 2939 privavit
1960 2917 1968 2929 ,
1995 2889 2106 2924 liccta
2122 2890 2202 2924 Deo
2224 2898 2296 2923 non

1350 2947 1521 2993 causante
1539 2977 1549 2989 ‚
1569 2948 1609 2984 lit
1623 2946 1692 2992 ipsa
1705 2946 1827 2993 gratiae
1853 2940 2067 2978 annihilatio
2083 2966 2093 2980 .,

1450 2997 1690 3047 Adquartum
1721 2997 1829 3036 dico,
1852 2995 2002 3040 Sapiens
2029 3002 2098 3025 non
2123 2999 2298 3026 tanturm:

1349 3053 1436 3100 quia
1452 3061 1596 3088 tenetur
1613 3062 1658 3086 ex
1683 3057 1864 3094 praecepto
1884 3055 1954 3079 non
1981 3041 2188 3081 subvertere
2216 3049 2300 3084 pro-

1355 3105 1492 3142 ximum
1514 3128 1523 3145 ,
1547 3102 1628 3137 idco
1654 3099 1721 3136 effe
1747 3096 1874 3143 nequit
1896 3093 2023 3130 auftor
2058 3089 2153 3125 unde
2178 3089 2300 3136 proxi·

1351 3165 1430 3189 mus
1458 3150 1613 3189 deterior
1636 3149 1766 3188 evadat
1797 3174 1805 3183 .
1827 3145 1896 3182 Sed
1925 3155 1969 3178 ex
1994 3139 2214 3188 perse-&tione
2247 3137 2299 3174 sa-

1349 3204 1482 3252 pientis
1495 3204 1542 3241 est
1562 3230 1572 3245 ‚
1596 3213 1634 3238 ut
1650 3210 1794 3237 manens
1821 3196 1958 3243 sapiens
1978 3218 1988 3233 ,
2009 3190 2078 3228 esse
2105 3202 2176 3225 non
2197 3188 2298 3248 poilit

1350 3254 1464 3304 prima
1490 3254 1582 3289 ratio
1606 3249 1822 3289 deficiendi3
1851 3257 1926 3293 quo
1956 3243 2075 3290 polito
2098 3268 2107 3282 ‚
2130 3252 2300 3298 optime—f

1349 3303 1537 3340 concludit
1556 3306 1647 3339 ratio
1661 3298 1885 3345 Augustini3
1913 3295 1962 3332 est
1975 3294 2068 3329 enim
2086 3294 2185 3327 Deus
2199 3301 2301 3347 omni

1350 3355 1509 3402 sapiente
1522 3353 1691 3390 infinities
1706 3349 1929 3396 praestantior
1946 3372 1957 3388 ,
1985 3344 2019 3380 3(
2036 3344 2204 3381 voluntas
2220 3351 2302 3387 ejus

1350 3405 1558 3453 simplicitet
1575 3403 1767 3450 pet-femor
1789 3413 1800 3441 3
1827 3399 1862 3435 8<
1876 3397 1957 3433 ideo
1969 3408 2041 3432 non
2056 3393 2104 3430 cst
2119 3394 2228 3437 prima
2246 3403 2302 3427 ra·

1349 3459 1403 3492 tio
1417 3455 1609 3493 deficiendi
1624 3454 1731 3490 alicui
1748 3479 1758 3495 ‚
1780 3451 1838 3486 cui
1853 3447 1924 3495 ipse
1936 3457 2083 3493 paratus
2097 3444 2145 3502 est
2170 3454 2303 3488 coage-

1350 3520 1384 3544 re
1399 3507 1442 3546 ad
1461 3506 1713 3542 rec‘titudinem
1729 3531 1736 3540 .
1755 3505 1841 3540 Non
1863 3501 1946 3545 quia
1971 3494 2165 3534 necessario
2190 3503 2302 3529 eam..-

1350 3557 1473 3593 causat
1506 3583 1522 3606 ,
1556 3557 1614 3595 sed
1639 3555 1816 3604 quoniam
1842 3548 2017 3592 disposuit
2041 3575 2053 3592 ,
2082 3542 2303 3602 paratusque

1352 3607 1501 3644 subinde
1517 3607 1566 3643 est
1592 3622 1642 3645 ex
1671 3616 1774 3654 parte
1803 3602 1856 3638 sui
1888 3601 1972 3639 dare
1998 3612 2043 3635 ex
2069 3594 2305 3642 consequent·

1350 3658 1529 3707 quicquid
1542 3658 1643 3697 dedit
1670 3653 1921 3693 antecedenter
1938 3680 1947 3695 ,
1978 3649 2039 3686 seu
2064 3648 2106 3684 de
2136 3645 2307 3695 primaria

1352 3709 1555 3749 intentione
1571 3722 1584 3750 ;
1608 3711 1642 3747 8<
1658 3707 1819 3754 alioquin
1834 3731 1845 3746 ‚
1874 3716 1913 3739 ut
1926 3702 2061 3739 distum
2074 3698 2123 3735 cst
2139 3725 2150 3742 ‚
2169 3698 2191 3734 st
2207 3698 2308 3734 aliter

1353 3761 1484 3796 faceret
1499 3785 1508 3797 .
1536 3771 1609 3796 non
1626 3758 1738 3808 posset
1754 3755 1937 3794 voluntati
1958 3762 2086 3789 creata:
2117 3757 2309 3798 peccatum

1352 3810 1525 3859 imputari
1544 3834 1555 3846 .

2109 3849 2257 3886 ARTI-

2331 1792 2430 1828 Quare
2454 1791 2531 1820 Deus

2332 1832 2384 1859 elle
2447 1838 2532 1868 queat

2331 1868 2412 1897 causa
2439 1877 2533 1907 priv-³-

2332 1917 2423 1937 ttonts
2435 1915 2530 1946 gratie

2340 1945 2385 1974 sed
2410 1955 2465 1974 non
2488 1955 2533 1973 re-

2335 1985 2534 2013 &ituditusde-

2334 2023 2418 2053 bitae.
