2628 4027
653 184 815 232 Tamus
830 183 910 232 ΙΙΙ.
925 186 1054 233 Part.
1070 182 1109 234 I.

155 260 289 296 nicare.
304 260 466 299 Contra,
477 255 551 291 hxc
566 251 690 299 respon
700 254 746 289 fio
761 253 870 290 habet
881 253 1105 297 instantiam

155 311 251 346 Nam
264 311 326 359 ff
337 312 371 344 in
388 306 558 344 creaturis
569 304 739 340 omnibus
752 307 933 351 reperitur
943 303 1102 352 imperfe,

156 358 238 404 Re,
264 371 389 406 nempe
399 368 460 404 per
487 355 802 402 participationem
816 382 826 396 ,
858 356 892 390 in
910 356 1027 402 primo
1041 368 1104 391 au·

156 418 229 446 tem
248 411 420 458 principio
435 420 453 441 a
466 405 499 441 s:
517 407 549 442 3(
566 406 722 453 perfeete
737 433 748 448 ‚
774 406 807 441 8(
827 404 1027 443 secundum
1040 419 1104 442 naa

158 470 276 495 turam
288 458 384 506 ejus,
395 459 427 494 8(
444 456 679 492 nihilominus
692 467 866 492 creaturae
881 456 1024 502 possunt
1040 456 1107 504 effe

157 510 340 559 proprium
354 510 452 544 alteri
470 508 735 543 communicare
754 520 766 548 3
784 519 871 551 ergo
885 506 1005 541 estoin
1022 509 1105 542 bea-

160 561 211 596 tis
237 559 433 606 reperiatur
463 558 581 594 lumen
612 559 733 602 glorie
759 557 963 601 tmtperfeete
979 557 1013 591 8(
1045 570 1106 604 per

158 608 718 658 participationem‚nihilominus
732 619 900 654 poterunt
911 608 997 642 alios
1011 606 1069 656 eju
1077 607 1107 643 s·

159 661 237 697 dem
250 659 374 706 gloriae
388 659 526 695 efficere
545 657 736 704 participes
748 684 758 695 .

0 747 12 765 ³
36 738 44 744 .
258 710 380 748 Aliter
396 721 484 755 ergo
498 708 693 754 respondeo
713 722 757 745 ex
776 708 899 749 dietis.
925 709 1106 746 hominem

0 746 124 815 ,ἕὲἔᾷἶμ
157 761 287 798 habere
301 760 448 807 quidem
465 759 630 807 paffivam
647 760 884 805 capacitatem
912 761 1108 808 recipiendi

0 814 121 858 9025'11'0-
159 811 415 849 beatitudinem
433 837 443 852 ,
474 809 532 846 sed
544 811 627 856 quia
650 811 750 846 aftus
771 809 829 843 hic
841 810 889 846 est
902 811 1006 856 longe
1017 812 1106 847 emi-

0 851 123 892 Wfim'
158 863 299 899 nentior
310 863 443 909 quavis
457 860 574 896 abtiva
601 860 810 896 causalitave
837 872 1008 897 creaturae
1025 888 1035 905 ‚
1061 873 1108 898 ex

159 912 312 960 eoquod
327 913 459 958 aliquis
471 923 509 946 ea
525 911 744 960 perfefflone
756 911 909 948 donatus
939 911 978 946 lit
996 937 1008 952 ,
1033 925 1106 948 non

161 963 321 1010 sequitur
334 961 427 1010 poffe
441 960 550 1009 ipsam
566 962 666 997 alteri
679 961 855 1008 impertiri
872 988 883 1003 ,
912 961 1015 998 sicuti
1041 975 1106 998 nec

159 1027 180 1051 a
193 1013 318 1061 seipso
333 1025 408 1049 eam
427 1011 569 1060 sumpsit
587 1039 598 1055 ,
629 1011 684 1046 sed
702 1015 745 1047 ab
760 1013 830 1047 alio
846 1014 984 1059 accepit
1004 1025 1015 1054 3
1040 1026 1105 1049 nec

158 1067 289 1104 mirum
304 1090 315 1106 ,
334 1064 378 1100 ad
390 1060 561 1109 majorem
578 1062 835 1109 perfeffionem
851 1062 1010 1099 ordinari
1027 1064 1107 1111 pas-

158 1117 268 1154 fivam
281 1116 514 1164 capacitatem
529 1112 684 1160 alicujus
699 1139 709 1155 ,
733 1125 774 1149 ac
789 1113 869 1160 ejus
886 1114 1003 1150 afflva
1019 1127 1107 1151 cau·

159 1167 276 1204 salitas
293 1164 327 1203 se
341 1164 510 1202 extendat
525 1178 537 1206 3
565 1167 651 1211 quia
664 1165 698 1199 in
710 1164 779 1199 hoc
795 1165 906 1208 magis
922 1164 1108 1212 dignifica-

160 1228 222 1255 ωι-
237 1227 382 1260 natura,
408 1213 515 1261 cujus
532 1226 544 1250 t
560 1227 630 1250 .nta
648 1216 689 1251 fit
702 1215 917 1251 excellentia
933 1242 943 1258 ,
964 1228 1001 1251 ut
1022 1217 1106 1251 ulti-

161 1281 255 1306 mam
285 1266 366 1314 ejus
394 1266 649 1315 perfeetionem
678 1263 794 1303 solum
837 1266 1108 1315 supernaturale

162 1329 270 1368 agens
283 1318 348 1355 fibi
363 1317 507 1364 elargiri
519 1327 630 1366 queat
650 1346 661 1356 .

312 1418 819 1458 ARTICULUS
872 1417 962 1456 Vll.

260 1522 397 1560 Utrum
411 1520 643 1570 requirantur
659 1522 726 1570 aliq
735 1533 779 1557 ua
795 1532 903 1567 opera
919 1521 1013 1557 bona

337 1573 381 1608 ad
393 1572 464 1607 hoc
481 1582 520 1605 ut
536 1573 647 1606 homo
676 1574 787 1608 beatit
795 1573 939 1608 udinem

439 1618 685 1664 consequatur
696 1633 715 1654 a
730 1623 810 1654 Deo
821 1644 831 1654 .

329 1718 460 1756 Doffor
471 1718 552 1754 locis
565 1719 606 1752 in
624 1721 786 1764 margine
799 1718 923 1754 citatis
939 1743 951 1755 .

373 1769 416 1805 S.
434 1767 580 1805 Thomas
595 1779 625 1802 ι.
643 1777 723 1814 2.q.
739 1778 774 1812 5.
791 1775 860 1802 art.
880 1776 918 1813 7.

281 1869 429 1906 identur
441 1868 541 1905 haud
557 1867 692 1915 requiri
710 1867 830 1914 aliqua
856 1867 951 1903 bona
983 1873 1119 1914 opera-2

3 1922 57 1968 oigi
70 1936 100 1965 q.
110 1932 137 1958 t.
295 1919 339 1956 ad
352 1919 421 1956 hoc
440 1930 479 1956 ut
494 1919 606 1955 homo
620 1918 788 1955 reddatur
801 1928 953 1965 compos
967 1918 1119 1953 beatitu-

5 1968 138 2013 *Qus-rto
168 1972 274 2008 dinis.
289 1971 425 2009 Etenim
441 1969 628 2006 beatitudo
639 1969 714 2004 haec
729 1981 747 2004 a
760 1967 843 2006 Deo
853 1968 1036 2004 confertur
1053 1966 1121 2001 ho-

168 2023 324 2059 minibus
338 2049 347 2058 .
364 2021 481 2068 Atqui
497 2032 607 2068 agens
620 2019 819 2068 perfeetum
835 2018 950 2066 potest
970 2018 1120 2055 statim..

168 2072 638 2121 amovereimpedimentum
654 2083 760 2106 omne
775 2098 785 2113 ‚
803 2071 835 2107 8(
855 2069 1026 2106 inducere
1042 2074 1123 2116 per-

168 2124 359 2162 festionem
379 2135 391 2164 ς
419 2125 505 2171 ergo
521 2134 591 2159 non
604 2123 839 2169 requiruntur
851 2121 974 2168 aliqua
1001 2123 1121 2158 bona.»

168 2187 276 2222 opera
291 2186 335 2211 ex
349 2185 450 2222 parte
466 2174 671 2221 recipientis
689 2199 700 2216 ,
726 2173 841 2210 veluti
866 2170 1119 2221 dispofitiones

28 2254 29 2260 ,
170 2226 216 2262 ad
229 2226 380 2273 gloriam
395 2224 688 2271 consequendam
708 2251 716 2259 .

23 2284 27 2290 “
51 2293 99 2322 .q.
115 2292 142 2313 r·
270 2275 442 2314 Praeterea
460 2302 472 2319 ,
501 2276 616 2313 Nulla
631 2277 724 2312 bona
737 2287 848 2322 opera
864 2274 1122 2322 requiruntur,

0 2333 4 2349 ³
41 2332 140 2370 .“'¹'‚‘''·
170 2338 210 2364 ut
224 2329 324 2364 Deus
339 2327 500 2363 conferat
513 2325 880 2373 gratiarn‚secundum
901 2324 1121 2374 Apostolum

0 2370 141 2436 25:⁸⁶⁹*
171 2378 214 2414 ad
230 2381 334 2415 Rom.
351 2390 387 2426 9.
404 2379 450 2414 Si
464 2380 558 2414 enim
573 2377 621 2425 est
636 2388 681 2414 ex
707 2380 844 2414 meritis
860 2404 870 2418 ,
896 2376 974 2424 jam
996 2386 1063 2412 non
1078 2389 1124 2414 ex

32 2438 34 2444 ⁴
165 2432 292 2479 gratia
314 2454 325 2466 .
350 2430 480 2467 Gloria
496 2439 614 2464 autem
631 2427 680 2463 est
696 2428 813 2472 gratia
830 2428 1124 2468 consummata-3

172 2491 260 2528 ergo
276 2492 396 2528 neque
426 2479 589 2529 respee‘tu
621 2478 858 2517 beatitudinis
885 2478 1125 2527 requiruntur

35 2538 37 2578 ξ
173 2533 292 2580 aliqua
307 2533 401 2568 bona
413 2544 523 2581 opera
539 2556 549 2567 .

1 2591 107 2626 10519.
275 2583 451 2621 Praeterea
467 2611 478 2626 ‚
501 2581 639 2621 Christi
658 2582 776 2619 anima
805 2594 893 2619 mox
909 2593 950 2619 ac
981 2581 1127 2626 corpori

37 2630 39 2646 ¹
175 2634 244 2671 fuit
256 2636 358 2670 unita
375 2635 494 2670 extitit
512 2632 759 2682 perfeEIiffime
774 2634 878 2669 beata
896 2646 907 2674 3
935 2634 1037 2680 atqui
1066 2644 1127 2667 ne-

174 2684 269 2732 quiit
283 2685 444 2721 meruiffe
457 2684 718 2719 beatitudinem
735 2683 861 2719 mediis
879 2687 980 2719 bonis
1006 2682 1129 2727 operi-

175 2736 246 2772 bus
258 2761 270 2778 ‚
294 2746 452 2783 quorum
466 2734 564 2769 nulla
576 2732 654 2780 ejus
671 2734 930 2770 beatitudinem
947 2731 1129 2777 prcecess‘e-

180 2797 261 2823 runt
281 2799 293 2828 ς
315 2797 400 2832 ergo
415 2796 451 2822 ut
466 2783 577 2821 homo
608 2781 668 2819 fiat
697 2788 824 2821 beatus
846 2796 916 2820 non
929 2783 1008 2820 sunt
1022 2784 1053 2820 ei
1067 2795 1128 2820 ne·

42 2851 44 2883 ῑ
175 2836 319 2876 cessaria
330 2838 402 2873 ulla
413 2847 521 2885 opera
536 2837 628 2872 bona
646 2861 656 2871 .

13 2878 145 2953 ³ulmi-5·
275 2886 430 2929 Contra,
451 2886 537 2924 Psal.
559 2887 618 2922 61-
641 2885 795 2936 ‘quder
806 2884 1128 2934 unicuiquefi'cun·

15 2921 145 2998 „fpp‘fi‘
177 2939 262 2976 dum
272 2936 452 2987 operafua
466 2961 479 2982 ‚
502 2937 614 2984 igitur
627 2948 665 2973 ut
678 2938 859 2974 demeritis
876 2938 1039 2974 redditur
1054 2949 1128 2986 poe·

46 3001 47 3012 ¹
178 3003 222 3028 na
241 3017 253 3033 ‚
280 2991 329 3025 ita
344 2991 440 3026 bona
457 2999 567 3037 opera
584 2986 861 3035 compensantur
889 2988 1130 3030 beatitudine,

179 3053 220 3077 ac
236 3051 420 3089 propterea
431 3039 543 3075 homo
555 3037 625 3074 line
639 3039 812 3085 operibus
839 3040 942 3076 bonis
972 3050 1043 3075 non
1077 3038 1130 3076 est

48 3106 50 3113 ¹
177 3101 416 3142 perventurus
431 3090 474 3125 ad
488 3089 750 3126 beatitudinem
768 3114 778 3124 .

23 3155 45 3190 ι·
59 3154 148 3192 .q.14.
280 3141 497 3191 Respondeo
512 3139 702 3175 dicendum
718 3166 730 3182 ,
746 3142 883 3188 requiri
899 3153 1007 3188 opera
1022 3143 1132 3184 bona,

24 3183 43 3213 '¹
56 3186 147 3215 ''W'‘
179 3204 221 3230 ut
235 3193 348 3229 homo
365 3207 383 3230 a
402 3194 481 3229 Deo
494 3191 554 3227 fiat
567 3192 748 3239 particeps
765 3191 999 3229 beatitudinis
1025 3218 1037 3230 .
1059 3191 1134 3228 De-

53 3286 55 3293 Ι
179 3244 346 3280 claratio:
364 3242 564 3291 objeeium
579 3242 905 3289 beatificum‚quod
921 3241 970 3279 est
988 3244 1057 3281 Dei
1082 3241 1135 3278 es-

53 3299 55 3337 l
180 3294 294 3332 sentia
307 3321 318 3336 ‚
346 3293 459 3331 solum
473 3293 694 3329 intellcemm
726 3292 892 3329 divinum
924 3294 1135 3331 naturaiiter

54 3345 55 3356 ¹
187 3355 309 3383 movet
322 3370 334 3387 ,
346 3346 508 3394 illudque
530 3345 622 3380 clare
637 3342 753 3381 visum
767 3344 800 3380 8(
818 3345 962 3392 penitus
993 3345 1135 3381 intelle·

188 3396 284 3432 &tum
303 3422 314 3438 ,
339 3396 507 3432 voluntas
521 3394 713 3430 necessario
725 3405 819 3429 amat
837 3422 848 3438 ,
877 3407 922 3431 ex
937 3407 1010 3442 qua
1029 3395 1137 3431 vilio-

189 3457 234 3482 ne
251 3446 285 3481 8<
300 3458 448 3491 amore,
460 3449 560 3484 Deus
574 3445 624 3481 est
642 3444 831 3491 plenissime
847 3448 975 3482 beatus
992 3472 1001 3482 .
1017 3447 1137 3484 Beati·

190 3495 316 3533 tudine
328 3498 436 3543 igitur
447 3497 584 3547 potitur
598 3499 697 3533 Deus
713 3508 758 3532 ex
773 3507 900 3532 natura
916 3496 989 3532 sua.
1003 3499 1052 3535 At
1069 3509 1138 3533 cae-

192 3555 287 3581 teras
314 3559 460 3584 naturas
486 3545 747 3585 intellefhtales
776 3559 847 3584 non
879 3558 1004 3585 movet
1049 3547 1137 3583 illud

195 3594 376 3642 objeftum
389 3599 611 3638 naturaliter,
625 3596 681 3634 sed
695 3608 836 3634 tantum
856 3598 878 3634 li
894 3599 1006 3634 libere
1023 3599 1056 3634 8(
1073 3610 1138 3633 νο-

195 3646 346 3681 iunrarie
358 3647 566 3685 ostendatur
577 3648 642 3690 eis,
656 3649 741 3696 quia
755 3660 872 3685 tamen
890 3648 969 3684 sunt
982 3649 1139 3684 beatitu-

195 3694 290 3751 dinis
302 3707 462 3743 capaces,
475 3710 649 3745 tanquam
663 3699 926 3745 praeseferentes
943 3700 1138 3745 imaginem

195 3757 278 3788 elus
292 3772 303 3788 ,
326 3746 390 3791 qui
404 3750 616 3785 naturaliter
629 3750 677 3784 est
694 3751 821 3786 beatus
834 3777 844 3792 ,
868 3752 903 3786 ἃ
924 3749 1073 3785 subinde
1096 3751 1140 3785 li·

192 3796 331 3832 bertate
344 3797 499 3842 praeditae
512 3825 525 3841 ‚
551 3799 672 3834 decuit
683 3798 889 3846 sapientiam
904 3826 917 3842 ,
947 3802 979 3836 8<
998 3800 1143 3837 bonita-

192 3856 262 3884 tem
274 3874 286 3891 ‚
305 3848 338 3882 8<
355 3845 531 3892 justitiam
549 3849 762 3887 conditoris
773 3861 894 3889 earum
910 3875 922 3892 ‚
940 3860 1141 3900 proponere

291 3895 388 3934 Tem.
401 3895 474 3936 III.

1124 181 1316 254 Qaestt’o
1333 187 1389 233 V.
1401 186 1505 233 Art.
1522 181 1625 233 VII.
1991 205 2056 250 49

1184 256 1269 302 ipsis
1299 255 1556 291 beatitudiuem
1576 281 1588 297 ‚
1612 254 1723 290 veluti
1750 258 1945 295 mercedem
1977 259 2010 294 8<
2040 270 2132 306 μα’.
2205 287 2212 307 ¹
2347 296 2351 299 Α

1187 306 1325 345 mium3
1349 316 1425 341 eam
1439 315 1558 340 autem
1569 305 1831 344 ordinationem
1848 320 1911 345 nos
1925 309 2094 353 colligunt
2111 319 2126 343 s
2157 293 2186 362 ἶ.
2204 296 2353 363 ἐιῘῚρξρἔζ

1186 368 1232 393 ex
1245 357 1469 401 Scripturis,
1501 356 1534 390 8(
1556 367 1602 391 ex
1624 355 1730 391 dietis
1758 358 1988 396 Satistorurn.
2022 359 2094 394 inb
2110 369 2127 394 s
2156 374 2210 396 aa.
2345 358 2351 362 '

1185 408 1280 444 enim
1295 405 1422 442 diserte
1439 405 1614 448 hebetur,
1639 417 1845 454 peccatores
1865 409 1931 444 effe
1958 408 2126 455 indignos

1186 459 1265 493 vita
1291 467 1420 491 aeterna
1435 482 1447 498 ,
1466 455 1582 502 justos
1611 468 1699 492 vero
1722 457 1854 502 dignos
1869 483 1878 492 .
1907 459 2125 506 Quoniam..-

1188 509 1283 543 enim
1300 506 1422 554 suapte
1437 517 1564 542 natura
1575 516 1674 542 erant
1692 509 1874 544 vertibiles
1888 510 1920 543 in
1936 509 2094 545 deterius
2112 535 2124 552 ,

1186 558 1350 604 regendae
1381 568 1483 596 erant
1507 559 1656 605 imperio
1672 583 1683 598 ,
1707 569 1750 594 ao
1779 558 1953 595 terrendae
1984 559 2098 593 exitio
2116 584 2127 595 .

1183 610 1255 646 Seu
1269 619 1355 653 ergo
1384 609 1536 653 Angelis
1557 635 1566 649 ‚
1593 608 1650 644 seu
1671 607 1879 646 horninibus
1896 607 2010 644 danda
2031 619 2131 645 erart

1184 669 1361 706 praecepta
1378 686 1388 700 ,
1410 659 1543 706 quibus
1560 658 1583 694 st
1600 670 1762 705 parerent
1780 686 1790 701 ‚
1820 669 1956 695 merces
1969 671 2014 694 ex
2029 657 2132 706 supe·
2161 664 2187 684 2·

1186 720 1376 754 rerogante
1392 710 1603 746 liberalitate
1616 708 1947 756 repende1·etur‚fin,
1966 720 2029 756 pro
2040 719 2131 754 qua·
2161 696 2189 723 &
2224 712 2231 721 ⁸

1184 761 1284 796 litate
1313 759 1525 795 deliftorum
1543 786 1554 800 ,
1584 772 1693 807 poenae
1725 760 2003 796 immedicabiles
2034 758 2130 804 ipsos

1183 821 1366 846 manerent
1384 838 1392 846 .
1411 813 1574 847 Durante
1586 823 1673 855 ergo
1689 810 1842 847 hominis
1856 810 1950 846 statu
1976 810 2064 851 viae,
2092 809 2128 845 &

1182 862 1429 903 mortalitatis,
1446 860 1579 897 necesse
1595 861 1642 897 est
1655 872 1694 896 ut
1708 860 1738 895 se
1751 861 1914 909 disponat
1932 871 1993 909 per
2010 862 2130 895 obser-

1181 913 1340 947 vantiam
1356 938 1366 953 ,
1379 924 1503 947 eorum
1519 923 1598 957 quae
1612 912 1672 946 fibi
1692 914 1790 947 Deus
1803 911 1898 947 dedit
1910 939 1921 954 ,
1942 910 2133 946 mandato-

1178 973 1258 997 rum
1271 987 1281 1002 ‚
1309 973 1384 1008 quo
1400 972 1533 997 merces
1550 963 1711 997 lzborum
1728 989 1739 1003 ,
1765 963 1799 998 8<
1814 963 1996 1010 praemium
2012 961 2129 996 νίξὶς-

1176 1013 1237 1048 rioe
1254 1012 1598 1058 consequatur-Mite
1617 1013 1710 1047 enirn
1727 1011 1805 1058 ejus
1823 1011 2015 1060 spiritualis
2031 1022 2130 1058 quae·
2157 1037 2215 1073 4⁴³·
2231 1034 2296 1072 ”q-
2309 1035 2362 1062 ω.

1176 1062 1257 1097 dam
1276 1063 1333 1097 via
1347 1063 1396 1098 est
1412 1062 1581 1098 ordinans
1597 1089 1608 1104 ,
1628 1073 1667 1098 ut
1686 1064 1775 1099 bene
1788 1064 1915 1099 vivens
1944 1063 1979 1096 in
1993 1074 2034 1097 ea
2048 1089 2059 1104 ,
2083 1061 2127 1096 de
2160 1055 2311 1111 Reffioinm
2355 1090 2364 1099 .

1175 1108 1250 1160 ipsa
1265 1111 1335 1148 siue
1366 1112 1623 1160 impedimento
1649 1113 1803 1149 transeat
1831 1114 1875 1149 ad
1902 1113 2004 1147 aliam
2023 1138 2034 1153 ‚
2062 1122 2129 1159 pro
2164 1114 2201 1141 V·
2254 1114 2360 1139 setun-

1176 1174 1249 1210 qua
1267 1173 1490 1210 praeparatur
1507 1162 1630 1210 :quod
1649 1162 1688 1198 fit
1703 1176 1765 1212 per
1778 1164 1913 1200 τεξὶυιῃ
1931 1162 2036 1197 usum
2067 1173 2129 1198 eo·
2160 1151 2245 1179 dum.

1174 1226 1277 1257 rum,
1299 1224 1380 1260 quae
1395 1213 1496 1251 Deus
1512 1213 1722 1251 horninibus
1742 1213 1954 1264 praeparavit
1986 1212 2129 1247 adiuto-

1174 1268 1226 1303 εἰει
1239 1292 1251 1304 .

1279 1317 1339 1355 Ad
1368 1328 1580 1365 argumenta
1613 1342 1622 1352 .
1652 1316 1712 1354 Ad
1729 1318 1887 1367 primum
1917 1313 2132 1364 respondeo,
2167 1339 2246 1370 Loco
2271 1338 2320 1368 ff,
2336 1338 2364 1366 in

1179 1370 1297 1405 Deum
1310 1369 1354 1405 de
1367 1368 1529 1415 potentia
1542 1367 1705 1405 absoluta
1719 1371 1846 1417 utique
1861 1367 1955 1416 poffe
1986 1366 2132 1411 elargiri
2166 1377 2327 1418 arguendo·
2352 1408 2365 1414 ⁴

1180 1420 1443 1455 beatitudinem
1459 1419 1594 1455 homini
1609 1418 1759 1455 lineulla
1777 1420 1908 1466 praez'ia
1933 1415 2133 1464 dispofitio-

1182 1482 1226 1506 ne
1240 1497 1251 1512 ,
1267 1483 1348 1518 quae
1363 1470 1565 1518 acquiritur
1575 1481 1637 1518 per
1652 1482 1760 1516 opera
1771 1471 1865 1506 bona
1879 1469 1996 1504 elicita
2009 1467 2055 1501 ab
2068 1466 2135 1501 ho-

1180 1524 1276 1558 mine
1302 1533 1364 1569 per
1393 1520 1669 1557 misericordiam
1700 1520 1770 1557 Dei
1798 1519 2072 1565 praevenientem
2095 1518 2133 1554 8<

1183 1571 1420 1618 adjuvantem
1435 1597 1444 1606 .
1462 1575 1596 1608 Verum
1611 1570 1716 1618 juxta
1728 1572 1929 1619 praesentem
1943 1568 2137 1616 providen-

1182 1625 1270 1659 tiam
1286 1623 1386 1658 aliter
1399 1622 1512 1657 visum
1529 1621 1577 1657 est
1594 1624 1623 1656 ei
1636 1622 1842 1664 statuere‚&
1856 1621 2136 1657 ordinat-ewam

1181 1685 1265 1710 curn
1278 1672 1389 1706 homo
1401 1672 1611 1705 naturaiiter
1624 1671 1690 1705 effe
1702 1672 1829 1706 beatus
1846 1683 1916 1705 non
1933 1669 2032 1717 possit
2045 1695 2055 1710 ,
2073 1682 2140 1705 vo·

1185 1724 1254 1759 luit
1267 1735 1305 1758 ut
1322 1721 1442 1756 saltem
1456 1722 1613 1767 aliquam
1625 1720 1773 1755 haberet
1787 1720 2007 1755 afftivitatem
2021 1718 2137 1768 respe-

1183 1775 1244 1809 ξὶυ
1261 1773 1330 1806 suae
1344 1770 1571 1815 perfefifionis
1594 1769 1849 1814 consequendae
1867 1797 1878 1811 ‚
1905 1782 1945 1805 ac
1962 1770 2141 1806 interim..

1186 1830 1253 1867 pro
1264 1820 1338 1853 vita
1354 1819 1495 1851 mortali
1507 1828 1692 1852 exerceret
1709 1817 1743 1851 se
1755 1820 1788 1852 in
1800 1818 2026 1854 observantia
2041 1832 2139 1854 man·
2194 1829 2222 1850 2·
2234 1820 2372 1857 d.5.q.1.

1186 1869 1354 1904 datorum
1376 1867 1445 1903 Dei
1466 1893 1476 1907 ,
1506 1865 1621 1913 usque
1637 1866 1679 1901 ad
1698 1867 1829 1902 instans
1845 1868 2068 1913 digreditndi
2098 1872 2142 1904 ab
2174 1860 2372 1924 §.astarum

1184 1920 1254 1957 hac
1269 1920 1343 1954 vita
1358 1942 1367 1952 .
1384 1916 1539 1954 Accedit
1552 1916 1730 1965 quod‚etfi
1748 1919 1907 1966 potuerit
1924 1917 2053 1954 dediffe
2067 1920 2144 1956 Ar.-
2173 1906 2372 1974 ssssss'ssffqffi-

1187 1973 1273 2020 gelis
1303 1970 1336 2005 3<
1364 1961 1572 2007 hominibus
1599 1969 1750 2013 gloriam
1783 1968 1853 2004 {ine
1883 1969 1961 2003 ullis
1995 1970 2141 2012 meritis,
2171 1973 2268 2011 stianit
2291 1991 2299 1999 .
2338 1975 2373 2000 V.

1188 2019 1382 2069 gloriosius
1409 2017 1458 2054 est
1475 2030 1594 2055 tamen
1610 2030 1688 2052 eam
1717 2020 1850 2056 meritis
1877 2018 2072 2064 consequi,
2103 2022 2136 2057 8<
2179 2013 2218 2038 ΑΛ
2232 2010 2368 2040 Μόαήσ·

1187 2076 1238 2111 ita
1256 2071 1316 2108 sua
1328 2069 1497 2121 sapientia
1512 2066 1714 2118 disposuit,
1740 2080 1779 2105 ut
1794 2069 1967 2106 testantur
1984 2068 2087 2106 sacrae
2103 2073 2140 2108 li.
2172 2058 2237 2078 ’κω
2251 2066 2262 2078 ⁰

1186 2137 1295 2163 terae.

1291 2174 1350 2211 Ad
1365 2173 1564 2211 secundum
1595 2173 1678 2209 dico
1694 2199 1706 2216 ‚
1739 2173 1945 2210 Intellee'tus
1977 2171 2140 2220 Apostoli
2175 2199 2206 2226 4·
2220 2189 2249 2218 d.
2263 2198 2331 2226 2.q.
2350 2197 2374 2216 r.

1189 2228 1241 2268 est
1257 2255 1267 2271 ‚
1287 2227 1385 2274 quod
1398 2229 1510 2272 gratia
1525 2237 1596 2261 non
1612 2226 1718 2261 habet
1745 2224 1886 2260 causam
1919 2224 2138 2259 meritoriam
2178 2233 2192 2262 9
2208 2228 2373 2255 adsensum

1190 2281 1233 2317 de
1249 2278 1476 2325 condignoin
1492 2277 1553 2312 ilio
1566 2302 1576 2318 ,
1604 2276 1663 2310 cui
1690 2275 1873 2312 confertur
1895 2284 2013 2309 tamen
2028 2273 2142 2319 potest
2171 2267 2332 2307 P'm‘flfflle
2347 2283 2377 2302 ἰ

1188 2332 1320 2367 habere
1337 2327 1480 2363 causam
1493 2327 1536 2362 de
1553 2337 1717 2372 congruo
1733 2326 1767 2361 in
1784 2326 1908 2362 eodem
1921 2351 1933 2366 ‚
1953 2325 1986 2359 8(
2002 2325 2144 2361 causam

1191 2381 1411 2419 meritoriam
1427 2377 1665 2413 extrinsecam
1682 2377 1724 2411 de
1749 2376 1930 2423 condigno
1949 2401 1960 2417 ‚
1985 2387 2143 2423 nempe„

1193 2431 1318 2469 merita
1335 2429 1498 2476 pastionis
1513 2426 1661 2468 Christi,
1674 2427 1805 2461 intuitu
1820 2437 1978 2472 quorum
1994 2427 2143 2461 merito·

1194 2495 1273 2520 rum
1291 2481 1390 2515 Deus
1403 2477 1544 2514 confert
1558 2478 1710 2524 gratiam
1727 2475 1758 2512 se
1773 2488 1933 2523 congrue
1955 2475 2143 2523 disponen-

1191 2536 1290 2570 tibus
1307 2530 1349 2566 ad
1381 2530 1476 2568 illam
1492 2554 1502 2571 ,
1529 2539 1594 2576 per
1608 2539 1719 2574 quarn
1751 2529 1879 2565 exinde
1908 2525 2145 2563 observantur

1192 2586 1311 2621 divina
1324 2590 1498 2627 praecepta
1512 2579 1554 2613 ad
1570 2577 1719 2614 salutem
1731 2604 1741 2615 .

1297 2631 1356 2669 Ad
1373 2631 1522 2666 tertium
1553 2629 1706 2664 dicimus
1724 2657 1735 2673 ,
1762 2640 1890 2666 verum
1903 2630 1970 2667 eise
1988 2657 1998 2672 ‚
2027 2632 2144 2666 Deum
2179 2659 2235 2688 m.
2265 2658 2280 2686 s

1197 2687 1322 2724 animae
1345 2680 1482 2717 Christi
1512 2677 1698 2715 contulisse
1730 2680 1882 2727 gloriam
1908 2682 2014 2717 nullis
2040 2680 2148 2728 ipsius
2180 2671 2253 2733 §1¹31
2265 2670 2379 2737 ἓωὲἷῑ

1196 2733 1484 2786 praecedentibus
1496 2731 1647 2772 meritis,
1661 2729 1720 2766 sed
1736 2744 1780 2767 ex
1794 2729 1864 2766 hoc
1881 2743 1951 2767 non
1964 2731 2012 2767 est
2024 2742 2151 2767 exten·
2181 2738 2219 2768 cis
2236 2757 2246 2768 .

1198 2787 1312 2825 denda
1331 2784 1446 2820 illatio
1459 2781 1502 2817 ad
1516 2781 1604 2817 alios
1622 2807 1632 2823 ‚
1654 2792 1811 2829 quorum
1824 2780 1896 2829 ipse
1926 2782 1993 2818 fuit
2020 2781 2152 2818 consti·

1199 2848 1301 2877 tutus
1319 2836 1487 2882 princeps
1502 2859 1511 2873 ,
1525 2832 1558 2867 8<
1577 2841 1698 2879 caput.
1712 2835 1806 2870 Nam
1823 2834 1856 2867 in
1873 2833 2047 2868 universis
2061 2845 2148 2880 ope-

1199 2891 1299 2927 ribus
1315 2885 1447 2921 divinae
1463 2882 1655 2930 sapientiae,
1670 2894 1740 2919 non
1754 2882 1909 2924 fuit‚nec
1921 2884 1989 2919 erit
2002 2884 2114 2928 aliqu(
2127 2883 2152 2920 d

1199 2950 1291 2988 opus
1307 2947 1400 2972 mere
1411 2935 1534 2981 gratiae
1548 2959 1557 2974 ,
1584 2933 1644 2968 nili
1664 2931 1736 2969 sola
1750 2934 1946 2969 incarnatio
1972 2934 2052 2970 Filii
2071 2934 2152 2972 Dei.

1202 2993 1236 3027 is
1253 2986 1522 3034 crgoomnibus
1538 2983 1662 3019 eleetis
1679 2984 1880 3031 promeruit
1894 2985 2046 3029 gratiam
2061 3010 2075 3027 ‚
2091 2997 2154 3033 per

1199 3051 1309 3091 quam
1326 3036 1602 3083 consequuntur
1618 3035 1729 3071 vitam
1742 3046 1906 3071 aeteruam
1918 3058 1932 3071 .

1348 3134 1866 3175 ARTICULUS
1919 3136 2029 3174 Vin.

1251 3241 1389 3279 Utrum
1406 3238 1524 3275 omnis
1535 3236 1648 3273 homo
1659 3248 1803 3286 appetat
1819 3236 2075 3275 beatitudinem
2090 3266 2103 3278 .

1310 3342 1441 3380 Doffor
1451 3350 1488 3386 4.
1501 3338 1536 3374 d.
1547 3353 1610 3386 49.
1627 3353 1663 3389 q.
1675 3353 1709 3386 9.
1724 3339 1763 3375 in
1784 3339 1937 3387 “Reporn
1951 3338 2046 3377 ibid.

1379 3403 1415 3440 q.
1431 3390 1608 3428 8.Collat.
1630 3402 1680 3438 ¹7·
1697 3391 1739 3426 S.
1758 3389 1880 3425 Thom.
1900 3400 1930 3425 ι.
1945 3399 1981 3425 z.

1573 3454 1608 3490 q.
1624 3451 1658 3487 5.
1673 3449 1744 3476 art.
1762 3440 1797 3476 8.

1298 3543 1464 3592 Raefi’ntis
1474 3542 1607 3591 quaesiti
1619 3544 1807 3579 materiam
1835 3542 2027 3592 expreffitm
2050 3541 2156 3578 haber

1315 3607 1346 3631 1.
1360 3608 1395 3642 p.
1407 3607 1444 3640 q.
1461 3595 1520 3630 82.
1537 3607 1605 3631 art.
1626 3593 1858 3629 1.ide0;llinc
1882 3594 1950 3630 huc
1977 3589 2157 3636 accersen-

1210 3649 1305 3683 dam.
1320 3644 1517 3691 Caietanur
1530 3649 1638 3681 etiam
1650 3644 1697 3679 ad
1707 3655 1744 3679 eo
1753 3643 1820 3679 loci
1834 3641 1974 3689 diflase
1990 3645 2155 3678 remittit.

1213 3695 1406 3737 deendur
1424 3696 1568 3742 Magtst.
1583 3696 1759 3742 Hiquaeus
1779 3696 1814 3728 in
1841 3695 2048 3729 comment.
2075 3695 2160 3729 Sco·

1212 3758 1290 3786 tum
1304 3746 1511 3794 sequuntur
1534 3746 1712 3783 Valentia
1742 3755 1772 3781 ι.
1789 3755 1825 3779 z.
1849 3744 1975 3792 quaest.
1997 3743 2160 3792 praesenti

1214 3808 1318 3849 punt.
1343 3808 1374 3831 1.
1387 3795 1562 3842 eAlt'ique
1575 3821 1584 3831 .

1322 3896 1361 3935 G
1975 3893 2121 3943 QJAE-

2580 691 2607 832 Ᾰῦζηὲζμὲ
2596 661 2600 675 .-
2599 634 2602 638 .
