2602 4011
15 860 18 876 l

3 456 15 896 l

15 878 17 885 <
47 865 185 901 Lychetus
211 869 251 892 lu-

0 912 17 974 52

3 975 17 1009 l.

0 1018 11 1051 ι’
41 1020 167 1063 supr-act?
176 1037 188 1048 ·

12 2159 13 2173 χ
50 2138 124 2157 ctrca
137 2130 251 2168 praesens

11 2178 13 2191 ι
51 2167 194 2207 quaesitum

11 2225 13 2243 a
53 2215 251 2247 seutentiam...
282 2203 429 2252 objecto
442 2206 617 2253 prim0,de
628 2218 702 2254 qno
717 2207 804 2243 licut
817 2208 858 2244 de
873 2208 1021 2254 obje&o
1038 2212 1242 2247 formantur

889 78 1049 126 Tomus
1081 79 1163 128 m.
1195 77 1388 126 Secunda
1404 80 1602 127 Secundae
1620 117 1631 128 .

279 151 361 180 nam
377 154 446 178 non
458 144 569 190 magis
585 146 613 180 is
639 145 814 183 offensum
846 147 1027 193 praestabit
1056 149 1105 182 illi
1131 161 1228 184 com.

281 194 541 241 plexionitune
559 217 570 237 3
595 201 795 242 quamante
814 221 825 237 ,
851 194 912 233 nisi
930 198 1030 241 prius
1060 196 1228 234 edocere-

283 254 340 279 tur
351 244 466 279 deillo
489 247 663 288 articulo,
690 245 791 292 quod
822 246 865 282 fir
890 245 1090 283 credendus
1109 275 1119 292 ,
1148 260 1229 296 pro-

281 304 402 341 pterea
416 294 514 341 quod
535 297 632 331 Deus
645 297 778 331 veritas
792 298 903 343 prima
920 301 1091 333 revelavit
1122 299 1228 334 fore-2

282 345 431 379 omnino
444 345 639 390 aliquando
658 357 697 381 ut
728 349 863 383 mortui
883 360 1006 384 omnes
1028 348 1230 395 resurgant,

282 393 378 429 deiis
390 406 462 441 que
477 395 510 429 in
522 406 672 441 corpore
685 396 863 443 gesserunt
877 425 888 440 ‚
915 396 1100 444 judicandi
1122 424 1130 434 .

45 469 139 499 Latius
159 466 247 496 adhue
386 443 525 481 Deinde
540 471 551 486 ,
579 446 617 482 Si
632 446 718 482 fides
735 448 847 484 infusa
860 451 1015 495 praebeat
1046 451 1151 484 talem
1178 446 1230 483 as·

48 517 64 535 a
118 507 246 535 Doaore
286 491 424 530 sensum
437 507 499 541 pet·
516 494 660 531 modum
675 509 808 534 naturae
831 500 1007 534 inclinans
1034 499 1231 546 potentiam

45 545 183 588 reiicitur·
205 544 249 572 hic
286 546 321 579 in
339 544 456 580 aetum
472 568 483 585 ,
511 555 593 582 cum
607 547 754 584 termini
769 548 1001 585 articulorum
1014 546 1232 598 apprehendi

44 583 259 659 Ἐζῖζςηῗέξὲζ.
286 603 418 641 queant
430 604 511 630 ante
522 607 664 633 omnem
678 599 797 635 astum
813 601 1011 635 voluntatis
1028 625 1039 644 ,
1068 601 1233 647 sequitur

44 661 137 689 liastes
167 668 251 689 vocat
288 643 466 680 hominem
482 642 630 683 firmiter
644 649 798 685 assentiri
813 649 908 697 poffe
937 652 1124 688 credendis
1151 661 1234 685 anre

46 697 209 743 difficilem,
222 700 251 727 δι
288 704 429 730 omnem
444 695 563 733 aftum
581 699 777 736 voluntatis
792 725 804 742 ,
831 698 929 747 quod
942 712 1046 746 negat
1075 699 1235 747 August-

47 737 222 777 ¹⁰g⁸⁰¹0s¹¹¹¹¹
243 753 254 766 ·
290 743 393 792 supra
408 745 584 794 allegatus
600 748 742 793 dicens,
772 760 894 786 cetaera
911 752 1027 796 poter?
1047 751 1143 786 homo
1174 761 1237 786 no-

288 792 386 837 lens,
410 798 557 834 credere
567 808 688 837 autem
719 800 850 847 nonnisi
876 799 994 836 volens
1018 827 1026 836 .
1059 801 1233 847 Sequitur

289 846 395 881 etiam
433 848 575 884 credere
610 863 792 900 quemque
819 850 914 893 posse
964 851 1032 886 line
1070 851 1139 887 fide
1177 862 1236 886 ac·

46 911 96 941 pra
119 904 250 931 huncte-
288 894 417 942 quisita
434 923 444 940 ‚
474 895 715 945 quiahabitus
731 902 907 948 perfefflus
924 926 934 943 ,
954 902 1070 948 qualis
1098 899 1145 938 est
1171 901 1234 936 ha-

49 946 176 1009 }{Qstff
191 943 253 1007 “W“-
290 948 384 983 bitus
400 958 416 982 a
430 949 510 984 Deo
524 949 663 988 infusus
675 976 687 994 ,
715 963 785 986 non
798 962 877 998 eget
888 953 956 987 alio
974 962 1034 996 per
1050 952 1149 1000 quod
1162 963 1232 987 non

73 990 123 1010 “¹¹¹¹
154 991 172 1009 ‘⁸
206 988 248 1012 πο
287 995 510 1046 presentetur
527 999 607 1046 ejus
624 1001 808 1047 objeftum
827 1028 836 1037 .
851 1000 987 1048 Opinio
1000 1014 1116 1039 autem
1147 1001 1234 1037 illi„

286 1049 373 1085 dicit
388 1076 400 1092 ,
426 1062 489 1097 per
512 1049 676 1088 habitum
699 1052 780 1088 fidei
803 1050 1109 1099 supernaturalem
1128 1077 1139 1096 ‚
1167 1051 1235 1089 esse

285 1096 462 1147 presentia
478 1112 555 1137 rum
566 1102 752 1145 obieff‘tum
770 1105 923 1149 primum
938 1127 948 1145 ,
977 1115 1103 1147 nempe
1119 1106 1234 1139 Deum

284 1151 319 1186 in
331 1161 439 1196 quem
455 1153 625 1200 primario
639 1151 783 1193 tendit3
813 1163 890 1188 tum
903 1153 1045 1190 obieeta
1056 1154 1175 1189 omnia
1189 1152 1237 1188 se-

285 1200 458 1236 cundaria
474 1226 487 1245 ,
505 1202 636 1238 scilicet
650 1200 733 1238 fidei
747 1204 886 1239 articuli
904 1230 914 1245 ,
945 1205 977 1238 in
991 1206 1158 1251 primario
1172 1204 1238 1238 obe-

280 1249 381 1296 jesto
395 1251 548 1292 incluii3
577 1264 670 1300 opus
688 1253 797 1296 igitur
812 1266 880 1289 non
898 1252 964 1290 erit
993 1255 1143 1300 praedito
1169 1254 1238 1290 fide

283 1299 394 1337 infusa
414 1328 426 1344 ,
454 1302 525 1338 alio
555 1302 680 1340 habitu
710 1300 790 1339 fidei
820 1304 1002 1351 acquifitae
1029 1330 1039 1347 ,
1067 1306 1122 1341 vel
1153 1307 1236 1341 aeru

284 1348 390 1396 eju-53
417 1363 497 1389 cum
513 1352 736 1402 perinsusam
765 1354 845 1390 satis
874 1353 938 1391 lint
967 1355 1029 1392 fibi
1054 1355 1241 1404 praesentia

283 1402 407 1438 omnia
424 1426 437 1444 ,
465 1415 546 1451 quae
565 1404 713 1441 credere
728 1415 871 1452 oportet
890 1429 900 1441 .

46 823 164 854 Videndi
176 827 251 864 Mag.

460 1501 969 1544 ARTICULUS
1023 1504 1074 1547 ΙῙ.

313 1600 446 1640 Utrum
459 1602 643 1652 objeftum
662 1604 743 1643 fidei
760 1605 945 1654 litaliquid
970 1609 1206 1658 complexum

514 1668 576 1704 per
590 1657 734 1694 modum
752 1658 988 1694 enunciabilis
1002 1683 1012 1695 .

333 1727 467 1764 ὒοέἶον
482 1730 607 1779 3.dist.
625 1742 730 1779 εμπ.
751 1733 805 1768 Ad
819 1730 1063 1777 Quaestionem
1091 1744 1190 1771 vers.

439 1781 537 1826 quod
549 1793 667 1818 autem
682 1796 715 1820 n.
738 1793 791 1827 ¹5·
807 1785 850 1819 S.
866 1783 988 1820 Thom.
1006 1795 1040 1820 z.
1055 1795 1091 1820 2.

655 1844 688 1882 q.
713 1842 738 1868 t.
754 1843 825 1870 art.
842 1844 877 1868 z.

401 1905 558 1941 *ioniam
572 1903 620 1943 est
638 1906 871 1944 adstruendus
885 1906 1030 1945 babitus
1044 1908 1126 1944 fidei
1146 1904 1243 1944 infu-

414 1954 455 1992 sae
470 1983 481 1999 ‚
511 1956 643 1993 nedum
659 1969 803 2005 propter
819 1959 968 2003 gradum
985 1960 1019 1995 in
1035 1958 1242 2001 aeiu,exin·

51 2012 112 2042 Una
136 2015 248 2045 eadem·
290 2006 332 2039 de
348 2005 585 2050 perfefiiore,
616 2020 657 2043 ac
682 2009 703 2044 st
732 2008 774 2044 de
803 2008 930 2045 habitu
953 2006 1034 2046 filei
1067 2010 1241 2057 acquisit-2

51 2059 106 2086 ‘lue
120 2054 252 2098 ests-Tho
283 2063 424 2091 tantum
442 2056 675 2103 procederet3
709 2069 833 2093 verum
848 2063 953 2095 etiam
971 2071 1115 2107 propter
1133 2060 1241 2096 assen.

52 2098 98 2127 ¹²¹?
114 2095 140 2120 ἀ
165 2094 253 2121 Scon.
283 2102 358 2140 sum
377 2131 388 2148 ‚
406 2105 528 2141 narnis
541 2105 693 2143 assensus
708 2120 776 2143 non
790 2107 837 2144 est
851 2110 1056 2145 omnimode
1074 2121 1091 2143 a
1110 2110 1242 2145 volun-

283 2154 431 2192 κατε.Εῆ
445 2155 593 2203 proinde
607 2155 693 2193 fides
707 2157 818 2194 infusa
839 2159 1025 2203 respiciens
1044 2161 1158 2197 Deum
1178 2172 1243 2206 pro

282 2257 348 2303 alie
360 2257 626 2301 veritates,quae
640 2259 871 2292 continentur
887 2260 920 2293 in
938 2260 1096 2293 articulis
1111 2260 1243 2295 media.

283 2307 378 2346 tius,
406 2305 718 2342 velimmediatius
734 2307 757 2352 ⁴,
785 2306 979 2344 secundum
1002 2308 1102 2355 quod
1126 2308 1241 2357 ipsum

286 2356 333 2393 sic
357 2357 414 2393 vel
452 2355 499 2392 fic
511 2351 702 2403 respiciunt
719 2380 728 2392 .

448 2453 944 2496 ARTICVLVS
998 2456 1068 2496 ΙΙΙ.

424 2553 559 2592 Utrum
574 2553 654 2593 fidei
669 2555 771 2607 poliit
786 2556 919 2596 subesse
944 2557 1070 2596 falsum
1086 2583 1095 2596 .

283 2656 414 2694 Durior
423 2652 577 2705 quodlib.
594 2669 627 2705 q.
651 2670 704 2704 ¹4.
720 2666 761 2703 ς.
781 2658 824 2697 de
837 2659 951 2708 primo
975 2660 1094 2707 versic.
1121 2673 1163 2705 ex
1181 2659 1238 2698 his

332 2707 420 2756 &q.
441 2719 494 2754 ¹7·
510 2714 546 2748 ὃ.
565 2706 700 2745 Contra
715 2711 973 2748 Comluffonem
987 2723 1015 2757 3.
1033 2707 1113 2747 dist'.
1129 2718 1187 2759 23.

384 2765 421 2800 ς.
439 2758 693 2805 Aficerpoceff
698 2763 784 2808 poni
796 2790 805 2803 ‚
822 2762 866 2800 (ς’
881 2768 909 2805 5
921 2787 930 2798 .
945 2762 1014 2798 Ad
1039 2771 1053 2789 ο
1074 2771 1139 2797 rtae-

424 2807 575 2856 stionem
589 2811 680 2859 versi
695 2823 815 2848 contra
837 2812 899 2848 hoc
922 2813 1090 2848 ultimum

496 2859 534 2897 S.
551 2855 687 2898 Thom.
704 2873 735 2898 2.
752 2874 787 2900 2.
800 2875 838 2911 q.
861 2874 888 2899 1.
907 2873 972 2900 art.
993 2871 1027 2909 3.

402 2957 529 2996 idetur
558 2958 641 2998 fidei
669 2961 794 2999 infusa:
811 2960 907 3010 posse
927 2961 1062 3000 subesse
1088 2960 1210 2999 falsum
1229 2984 1242 2999 0

419 3011 555 3046 Etenim
573 3025 642 3048 non
659 3015 837 3060 contingit
857 3013 961 3050 fidem
990 3012 1143 3050 infusam
1174 3014 1243 3049 im·

287 3058 649 3107 pellereintellee'tum
669 3064 711 3098 ad
745 3063 985 3105 credendum,
1015 3061 1074 3099 nisi
1102 3062 1239 3099 adlit&

291 3109 382 3146 fides
395 3111 565 3157 acquisita
584 3114 627 3149 ad
640 3113 900 3151 assentiendum
933 3115 1048 3151 eidem
1078 3114 1241 3149 credibili

292 3161 468 3197 inclinans
482 3185 491 3196 ·
515 3161 622 3201 Fides
638 3166 733 3201 enim
749 3163 870 3212 <teste
889 3164 1060 3212 Apostolo
1076 3164 1117 3200 ad
1135 3164 1241 3200 Rom.

299 3215 384 3257 ιο.)
399 3210 445 3257 est
455 3222 499 3248 ex
514 3215 647 3251 auditu
661 3228 672 3256 3
700 3215 880 3252 Auditus
892 3224 1009 3251 autem
1019 3223 1084 3263 per
1093 3217 1242 3252 verbum

296 3258 434 3307 Christi
449 3286 459 3298 .
474 3262 589 3313 Atqui
604 3266 684 3302 fidei
699 3266 783 3302 huic
798 3265 978 3314 acquisita:
997 3264 1112 3315 potest
1125 3265 1244 3303 subes-

297 3308 333 3346 se
347 3309 495 3353 falsum;
518 3317 651 3360 ergo&
670 3314 793 3354 infusae
810 3343 820 3352 .

396 3359 602 3401 Declaratio
630 3377 640 3402 ε
665 3367 967 3414 Qotiescunque
990 3363 1034 3402 ad
1055 3367 1243 3403 eundem.»

295 3408 414 3446 afium
432 3420 649 3451 concurrunt
666 3420 790 3462 regula
814 3417 1010 3453 infallibilis
1024 3443 1033 3458 ,
1056 3428 1165 3464 arque
1178 3415 1242 3450 fal-

295 3460 404 3495 libilis
422 3460 521 3497 astus
548 3465 692 3501 minime
724 3468 920 3505 infallibilis
942 3467 1140 3505 censendus
1166 3463 1215 3501 est
1230 3491 1240 3501 .

292 3509 613 3560 Qemadmodum
635 3528 678 3552 ex
696 3514 838 3556 duabus
860 3518 1035 3566 praemiffis
1052 3544 1064 3560 ‚
1085 3526 1242 3565 quarum

293 3563 409 3597 altera
424 3563 612 3600 necefl'aria
625 3565 664 3601 fit
679 3593 688 3608 ,
705 3569 840 3617 reliqua
856 3568 1073 3615 contingens
1088 3596 1098 3611 ‚
1111 3569 1241 3612 utique

300 3621 372 3647 non
389 3609 551 3657 sequitur
564 3615 744 3654 conclusio
760 3618 948 3657 necessaria
966 3629 1069 3658 ;nam
1085 3617 1185 3666 quod
1200 3628 1243 3652 ex

303 3661 470 3719 pluribus
485 3661 655 3712 dependet
670 3666 737 3705 effe
751 3673 874 3716 nequit
899 3670 1051 3715 potioris
1066 3667 1243 3705 conditio-

303 3722 356 3746 ¹¹¹S
367 3717 745 3762 quocunqueillorum
762 3733 777 3764 5
791 3721 889 3759 Cum
903 3719 1015 3766 igitur
1029 3720 1240 3767 quicunque

2070 90 2176 144 439

1302 148 1403 183 anctus
1416 148 1581 183 credendi
1595 149 1787 194 dependeat
1800 165 1816 187 a
1832 149 1900 189 fide
1914 152 2086 198 acquifira
2101 165 2249 189 moven-

1301 206 1364 238 te3
1391 194 1485 233 {iilia
1497 195 1537 233 fit
1553 196 1709 234 fallibilis
1726 225 1735 240 ‚
1763 213 1948 249 nunquam
1975 204 2074 238 atius
2105 203 2249 238 elicitus

1304 249 1366 284 tali
1382 250 1530 295 pollebit
1548 248 1774 293 conditione,
1798 260 1837 287 ut
1861 252 1923 288 fibi
1944 251 2068 289 falsum
2087 251 2248 291 subesse)

1305 308 1376 339 non
1394 299 1493 344 possit
1513 326 1522 334 .

1412 349 1584 384 Praeterea
1600 374 1611 390 ,
1628 347 1768 385 Exinde
1785 349 1869 388 fidei
1881 351 2004 387 infusae
2019 352 2182 397 nequiret
2196 351 2254 389 su·

1305 398 1398 436 belse
1413 399 1540 435 falsum
1555 422 1568 445 ‚
1590 399 1672 447 quia
1691 400 1873 448 peripsam
1888 402 2042 449 quilque
2067 402 2253 439 assentitur

1305 450 1395 485 adeo
1421 447 1572 485 firmiter
1585 477 1594 491 ,
1623 460 1660 484 ur
1690 461 1844 497 nequeat
1871 463 1943 489 non
1983 451 2132 486 assentiri
2160 479 2170 494 ,
2198 453 2255 488 vel

1306 501 1425 545 aliqua
1442 502 1578 536 ratione
1595 498 1764 536 dubitare
1781 501 1822 539 de
1837 515 1880 537 eo
1896 526 1908 544 ,
1937 501 2036 549 quod
2052 502 2230 537 revelatur
2243 529 2251 538 .

1307 550 1427 597 Atqui
1443 547 1563 586 eadem
1581 550 1630 585 est
1658 550 1747 586 ratio
1771 552 1813 590 de
1837 552 1906 588 fide
1930 551 2103 597 acquifita
2119 577 2130 593 ‚
2156 563 2257 598 qua.-

1306 600 1421 636 stante
1437 601 1561 647 nequit
1575 599 1685 635 homo
1697 613 1767 636 non
1783 598 1946 650 praestare
1976 597 2146 636 assensum
2162 626 2173 642 ,
2200 600 2258 636 vel

1306 649 1474 687 dubitare
1491 650 1533 686 de
1550 652 1675 686 eodem
1690 651 1866 698 objeeiffi
1888 652 2051 697 alioquin
2075 649 2175 684 limul
2192 649 2260 684 sta·

1308 712 1385 749 tent
1400 699 1555 738 adhaefio
1568 724 1580 744 ,
1600 702 1641 737 v&
1655 702 1839 739 dubitatio
1854 704 1887 738 St
1907 704 1953 737 ita
1964 699 2145 749 oppolita,
2158 697 2259 746 quod

1307 753 1356 789 est
1370 751 1495 788 falsum
1514 765 1526 792 ;
1555 762 1643 796 ergo
1660 755 1883 801 aututrique
1896 750 1976 789 fidei
2004 748 2098 800 potst
2127 745 2260 785 iubeffe

1306 801 1433 840 falsum
1453 813 1514 839 aut
1528 803 1645 837 neutri
1661 831 1670 836 .

1387 894 1388 897 Ἰ
1406 850 1568 892 Contra,
1599 852 1706 888 Ratio
1722 850 1892 890 tendendi
1908 852 1942 889 in
1968 850 2114 898 aliquod
2143 847 2260 884 credi-

1304 900 1380 938 tum
1393 901 1462 951 fide
1482 900 1654 948 acquilita
1673 928 1682 942 ‚
1707 903 1756 939 est
1773 904 1903 938 veritas
1919 900 2018 938 testis
2044 899 2224 936 afferentis
2244 909 2256 939 ;

1307 954 1336 989 is
1349 952 1449 988 testis
1466 950 1580 997 potest
1600 947 1745 995 fallere,
1773 953 1808 989 ἃ
1825 951 1920 995 salli,
1944 963 2016 987 non
2043 953 2126 988 item
2155 946 2256 986 Deus

1308 1003 1496 1040 credibilia
1513 1000 1676 1037 revelans
1691 1028 1699 1036 .

1386 1091 1390 1095 ,
1408 1049 1625 1097 Respondeo
1639 1048 1829 1088 dicendum
1845 1051 1919 1089 fieri
1931 1062 2000 1087 non
2016 1048 2111 1099 posse
2126 1078 2136 1093 ‚
2161 1060 2200 1086 ut
2215 1049 2256 1084 fi-

1307 1098 1363 1139 dei
1378 1100 1504 1139 infusae
1517 1101 1715 1147 quicquam
1735 1101 1806 1137 falfi
1825 1102 1960 1138 subsit:
1989 1101 2046 1138 Ad
2060 1101 2165 1147 cujus
2183 1102 2257 1136 evi-

1309 1153 1465 1191 dentiam
1484 1151 1759 1199 supponendum
1780 1150 1830 1188 est
1844 1177 1855 1194 ,
1883 1149 2046 1186 habitum
2069 1151 2152 1186 fidei
2167 1151 2259 1187 infu-

1308 1203 1349 1240 sae
1366 1201 1572 1240 immediate
1584 1202 1695 1237 creari
1708 1215 1726 1238 a
1741 1201 1822 1238 Deo
1837 1201 1879 1238 ad
1896 1201 2097 1237 ornandum
2114 1228 2126 1243 ,
2155 1202 2189 1237 ἃ
2206 1213 2258 1236 re-

1306 1252 1539 1291 formandum
1557 1252 1781 1289 intellCRtim
1798 1263 1860 1301 per
1874 1262 2061 1300 peccatum
2082 1250 2259 1288 deforma-

1305 1315 1417 1346 ·tumg
1443 1304 1487 1339 ad
1504 1313 1611 1350 quem
1649 1303 1729 1339 licet
1758 1301 1870 1340 homo
1887 1301 1921 1338 se
1938 1301 2122 1349 disponere
2149 1311 2261 1348 queat

1305 1369 1348 1392 ex
1365 1355 1590 1390 naturalibus
1603 1349 1677 1389 suis
1690 1364 1769 1389 cum
1785 1355 1967 1389 communi
1997 1352 2260 1398 generalique..

1309 1406 1378 1443 Dei
1393 1404 1577 1441 influentia
1589 1404 1846 1451 praevenientis
1864 1403 1922 1439 sua
1939 1401 2180 1439 misericordia
2205 1428 2213 1443 ‚
2227 1404 2260 1438 8<

1303 1453 1515 1503 adjuvantis
1545 1455 1792 1502 impotentiam
1825 1464 1959 1489 narurae
1987 1454 2262 1491 intelleetualis:

1306 1517 1378 1545 non
1396 1516 1515 1543 tamen
1537 1516 1580 1540 ex
1612 1514 1746 1541 naturae
1772 1504 1972 1540 intrinsecis
1992 1531 2001 1544 ‚
2028 1514 2093 1540 nec
2122 1505 2262 1539 etiam...

1306 1554 1904 1600 concurrentibusquibuscunque
1920 1554 2035 1591 causis
2055 1552 2262 1590 naturaliter

1305 1609 1450 1645 motivis
1469 1605 1668 1641 intelleehts
1684 1631 1695 1648 ,
1724 1605 1766 1640 ad
1780 1617 1855 1640 eam
1873 1605 1988 1651 potest
2006 1603 2262 1649 attingere,sed

1306 1658 1402 1694 solus
1422 1658 1521 1692 Deus
1535 1683 1546 1699 ‚
1575 1666 1615 1691 ut
1633 1656 1766 1691 dietum
1782 1655 1831 1691 est
1848 1679 1861 1702 ,
1878 1656 1974 1690 illam
1992 1655 2152 1690 infundit
2169 1681 2181 1696 ,
2195 1655 2261 1700 qui

1305 1721 1378 1746 non
1392 1706 1441 1743 est
1457 1706 1558 1742 causa
1573 1706 1785 1742 naturaliter
1800 1708 1937 1743 motiva
1963 1703 2122 1752 alicujus
2151 1704 2256 1740 intel·

1305 1757 1423 1796 letfhrs
1438 1755 1570 1792 causati
1587 1780 1597 1792 .

1409 1807 1653 1843 Veruntamen
1670 1802 2002 1842 animavertendum
2020 1831 2032 1848 ,
2058 1803 2093 1841 in
2111 1816 2154 1840 eo
2167 1816 2257 1841 con·

1311 1857 1436 1896 venire
1449 1856 1555 1894 fidem
1578 1856 1730 1892 infusam
1748 1866 1855 1901 atque
1878 1856 2087 1902 acquisitam
2103 1881 2116 1898 ‚
2139 1866 2255 1891 cutm

1306 1919 1563 1955 comparantur
1578 1906 1619 1942 ad
1634 1905 1751 1944 als-‘tum
1768 1905 1932 1942 credendi
1952 1933 1961 1947 ‚
1987 1905 2085 1954 quod
2107 1907 2255 1951 quando

1305 1958 1424 1995 insunt
1438 1957 1553 1996 eidem
1568 1960 1693 1994 animae
1709 1968 1801 1991 unus
1813 1955 1980 2003 idemque
1991 1957 2092 1993 aetus
2106 1953 2253 1991 creden·

1307 2009 1342 2045 di
1358 2011 1502 2045 elicirur
1526 2008 1634 2056 juxta
1661 2008 1928 2043 inclinationem
1957 2006 2101 2043 habitus
2125 2005 2258 2041 utrius-

1308 2070 1408 2106 que;
1433 2063 1529 2098 Nam
1543 2072 1657 2108 quum
1674 2058 1752 2093 sunt
1770 2057 1849 2093 dua:
1877 2056 1997 2092 formae
2013 2081 2024 2100 ‚
2048 2068 2130 2103 quae
2154 2067 2254 2091 natu-

1309 2111 1427 2146 raliter
1451 2111 1625 2145 inclinant
1647 2106 1689 2143 ad
1718 2105 1835 2142 aetum
1862 2106 1898 2141 in
1922 2105 2046 2142 eodem
2061 2117 2256 2154 operante,

1310 2170 1465 2207 utraque
1481 2170 1657 2207 qnantum
1675 2156 1724 2193 est
1740 2157 1783 2192 de
1799 2156 1829 2193 se
1842 2183 1853 2198 ‚
1878 2156 2071 2192 necessario
2089 2184 2099 2198 ,
2124 2157 2159 2193 8<
2176 2156 2260 2193 sem.

1308 2210 1527 2258 per-inclinar
1544 2210 1586 2245 ad
1600 2208 1746 2244 afrum:
1772 2209 1805 2243 8<
1835 2206 1919 2242 ideo
1944 2206 2260 2253 quotiescunque)

1308 2259 1412 2295 εξὶιιε
1428 2258 1574 2295 elicitur
1591 2258 1633 2294 de
1660 2255 1848 2303 utriusque
1874 2255 2107 2292 inclinatione
2134 2269 2261 2305 proce-

1309 2308 1361 2344 dit
1380 2322 1391 2347 3
1417 2310 1447 2344 8(
1466 2306 1489 2343 fi
1507 2321 1566 2353 per
1583 2306 1653 2343 boc
1668 2333 1680 2349 ‚
1704 2304 1807 2353 quod
1823 2303 1872 2342 est
1887 2306 2006 2342 aetum
2019 2306 2186 2343 credendi
2204 2309 2263 2344 in-

1306 2358 1371 2395 niti
1388 2357 1470 2394 fidei
1483 2356 1580 2398 huic,
1595 2357 1819 2401 intelligatur
1832 2353 1950 2391 aetum
1967 2355 2049 2392 elici
2065 2355 2262 2394 secundum

1304 2408 1578 2444 inclinationem
1595 2403 1675 2454 ejus
1687 2433 1699 2450 ,
1723 2406 1826 2453 plane
1843 2403 2027 2442 fatendum
2046 2406 2095 2443 est
2108 2406 2263 2447 aftum..

1307 2457 1477 2496 credendi
1491 2458 1594 2494 inniti
1609 2459 1754 2503 utrique
1775 2455 1857 2493 fidei
1877 2479 1888 2492 .

1410 2507 1456 2545 A·
1476 2506 1510 2544 in
1530 2509 1694 2552 pluribus
1706 2505 1852 2544 differre
1867 2515 2006 2542 certum
2023 2506 2071 2543 est
2089 2533 2098 2542 .
2127 2506 2260 2545 Nam..

1306 2558 1466 2609 primum
1484 2560 1517 2596 in
1530 2571 1572 2596 eo
1588 2557 1756 2595 differunt
1774 2584 1785 2600 ,
1804 2556 1906 2605 quod
1933 2556 2001 2593 fide
2031 2555 2145 2593 infusa
2164 2569 2264 2595 non..

1307 2611 1500 2648 inhaerente
1515 2636 1525 2652 ,
1553 2609 1632 2646 elici
1650 2607 1764 2657 potest
1779 2608 1881 2644 actus
1894 2605 2059 2643 credendi
2076 2618 2136 2654 per
2151 2606 2264 2644 fidem

1308 2659 1516 2708 acquilitarn
1536 2686 1548 2703 ,
1572 2670 1642 2697 non
1661 2670 1748 2695 vero
1765 2657 1786 2694 ii
1805 2658 1863 2694 illa
1893 2657 2118 2696 solummodo
2144 2658 2232 2694 adlit
2250 2684 2262 2700 ,

1307 2711 1386 2748 haec
1399 2723 1488 2749 vero
1503 2719 1734 2760 nequaquam
1751 2734 1761 2747 .
1787 2710 1884 2747 Nam
1899 2707 2092 2746 haerericus
2115 2719 2262 2745 unum.-

1308 2775 1451 2801 tantum
1468 2760 1550 2798 fidei
1567 2761 1761 2798 articulum
1781 2770 1916 2805 negans
1932 2787 1940 2801 ,
1966 2759 2035 2796 fide
2059 2758 2173 2796 infusa
2205 2772 2268 2795 ca-

1307 2826 1386 2856 ret;
1416 2812 1591 2862 liquidem
1610 2810 1700 2848 fides
1714 2809 1829 2847 infusa
1848 2811 1935 2847 stare
1954 2821 2023 2846 non
2052 2808 2165 2858 potest
2185 2821 2267 2846 curu

1308 2862 1430 2901 haereii
1446 2867 1480 2901 in
1497 2871 1723 2911 quocunque
1740 2860 1898 2898 articulo
1913 2875 1924 2903 3
1940 2859 2184 2906 ergocredens
2197 2873 2265 2897 cae-

1307 2915 1391 2952 teris
1407 2915 1569 2952 articulis
1586 2912 1656 2949 fide
1678 2923 1821 2949 tantum
1849 2909 2022 2959 acquisita
2048 2910 2183 2947 credit.
2213 2915 2264 2951 At

1309 2976 1434 3002 contra
1448 2965 1491 3002 de
1510 2964 1614 3000 solius
1632 2962 1713 2999 fidei
1727 2962 1851 2999 insusae
1880 2963 2108 2999 inclinatione
2141 2964 2265 3008 nequit

1310 3017 1392 3065 quis
1411 3017 1539 3053 elicere
1554 3013 1671 3050 abtum
1690 3013 1871 3049 credendi.
1888 3016 1981 3051 Nam
1999 3024 2084 3058 puer
2098 3013 2161 3046 rire
2179 3015 2266 3059 bap-

1309 3069 1448 3105 tizatus
1460 3090 1473 3109 ‚
1487 3067 1508 3102 fi
1524 3067 1614 3101 inter
1625 3063 1786 3100 infideles
1800 3064 2008 3106 nutriretur,
2024 3063 2155 3098 nullam
2174 3063 2265 3098 intc-

1311 3119 1377 3155 rim
1393 3118 1542 3154 audiens
1554 3115 1596 3151 de
1608 3113 1794 3150 credendis
1808 3112 2090 3156 dodirinammec
2103 3114 2264 3158 aliquan-

1310 3168 1358 3205 do
1372 3170 1485 3204 ullum
1503 3166 1618 3202 aftum
1637 3163 1802 3199 credendi
1817 3163 1951 3200 reffkum
1969 3164 2136 3200 haberet.
2154 3163 2195 3200 Et
2212 3176 2262 3199 ra.

1309 3221 1362 3257 tio
1372 3217 1525 3266 est,quia
1536 3215 1622 3252 fides
1636 3213 1750 3251 infusa
1766 3216 1909 3251 inclinat
1925 3215 1966 3249 ad
1979 3214 2194 3251 credendum
2208 3229 2261 3257 ea,

1310 3281 1391 3317 quae
1407 3281 1479 3305 non
1493 3268 1624 3304 habent
1642 3265 1858 3301 evidentiam
1873 3276 1918 3301 ex
1933 3264 2115 3307 terminis,
2128 3277 2193 3300 nec
2211 3267 2262 3301 in-

1314 3319 1472 3357 cludunt
1487 3318 1644 3364 aliquam
1662 3316 1876 3351 evidentiam
1894 3317 2129 3351 connexionis
2144 3318 2262 3351 termi-

1310 3368 1490 3415 norum,s1
1507 3367 1651 3405 termini
1671 3366 1733 3413 ipfi
1748 3364 2061 3415 apprehendantur
2088 3379 2133 3402 ex
2158 3364 2260 3402 senfi-

1314 3424 1407 3459 bus.

1408 3472 1504 3516 Quae
1522 3466 1748 3513 intelligenda
1771 3464 1851 3503 sunt
1878 3463 1979 3513 juxta
2004 3465 2146 3502 cursum
2172 3465 2260 3511 legis

1310 3522 1539 3560 communi33
1566 3519 1697 3554 etenim
1719 3517 1908 3555 Deusfidei
1928 3517 2051 3553 infusoe
2078 3516 2260 3551 assistendo

1314 3569 1424 3616 posset
1439 3581 1581 3605 movere
1597 3569 1816 3604 intelleftum
1834 3569 1876 3603 ad
1900 3566 2133 3614 praestandum
2152 3564 2260 3602 aisen.

1312 3619 1386 3655 sum
1404 3620 1476 3655 illis
1489 3646 1501 3662 ,
1526 3619 1569 3655 ad
1583 3629 1654 3665 que
1668 3616 1755 3654 fides
1773 3617 1886 3654 infusa
1903 3618 2048 3652 inclinat
2064 3642 2076 3661 ,
2101 3614 2159 3650 sed
2173 3627 2260 3653 tunc

1312 3681 1384 3706 non
1400 3681 1444 3705 ex
1463 3669 1538 3705 sola
1551 3670 1781 3706 inclinatione
1791 3666 1871 3714 ejus
1886 3667 2030 3703 habitus
2045 3665 2145 3702 aetus
2159 3668 2261 3704 elice-

1313 3729 1408 3755 retur
1424 3745 1435 3760 ‚
1464 3719 1520 3755 sed
1539 3728 1681 3767 propter
1693 3720 1888 3756 morionem
1904 3716 2063 3756 divinam
2080 3741 2089 3750 .

2084 3766 2165 3803 Alia

2290 1048 2497 1089 4„dist.14.q,2.

2290 1810 2323 1839 In
2353 1816 2503 1851 quonam-3

2293 1861 2464 1881 conveniant

2291 1890 2360 1919 fides
2387 1889 2500 1929 acquili-

2291 1937 2321 1957 ta
2334 1948 2343 1963 ,
2364 1930 2392 1956 ὃ(
2416 1930 2504 1957 infula

2291 1969 2375 1996 Etim
2391 1975 2503 1996 evenire

2292 2006 2462 2038 sent1endum

2292 2052 2329 2079 est
2346 2048 2371 2073 ln
2384 2057 2504 2087 particu-

2294 2089 2393 2119 lauba<
2427 2097 2503 2116 reve.

2295 2129 2443 2157 lationibus
2456 2145 2464 2155 .

2298 3470 2333 3499 Et
2345 3468 2380 3497 ita
2392 3469 2503 3497 evenire

2300 3517 2330 3536 re
2343 3507 2391 3536 sen·
2403 3514 2505 3542 endum

2298 3547 2336 3574 ell
2362 3548 2387 3573 in
2416 3555 2502 3588 parri-

2299 3584 2441 3617 cularibug
2462 3601 2501 3618 rc,

2298 3623 2499 3657 vchtlombus.
