2628 4011
24 1240 25 1247 ¹
59 1250 86 1277 3.
97 1240 156 1270 dist.
169 1248 218 1274 29.
229 1244 254 1274 §-

23 1277 25 1311 J
56 1280 97 1310 Ad
105 1279 259 1320 oppositum.-

59 1866 216 1910 :.dist.6.q.
229 1877 262 1905 22

59 2327 87 2345 ε.
102 2317 155 2345 Ubi
179 2316 258 2354 supra

12 2385 13 2398 ἵ
56 2360 119 2390 §.yn
131 2355 178 2391 ssa
188 2364 257 2392 quae.

57 2394 146 2423 §tione
158 2411 167 2420 .

67 2481 259 2510 Pulcherrima

58 2520 212 2550 declaratio

57 2558 192 2587 Dofforis
223 2568 261 2586 o-

58 2595 204 2625 stendentis
215 2605 259 2624 ra-

61 2636 151 2664 dicem
203 2635 259 2672 pri-

10 2694 11 2699 i
61 2683 136 2701 mam
161 2682 260 2712 peeca-

62 2721 153 2742 torum
165 2711 260 2740 omnit‘t

61 2751 113 2780 elle
124 2750 262 2779 inordina.

61 2796 121 2818 tum
134 2796 261 2817 amorem

63 2831 102 2859 lui
118 2845 127 2855 .

70 3538 195 3575 Estidem
217 3557 265 3577 οἵ,

69 3576 106 3604 do
120 3589 143 3605 in
162 3587 266 3616 affibm

69 3618 165 3650 elicit-'5
188 3627 269 3655 vom-

68 3663 128 3685 13115
139 3676 149 3692 9
164 3674 194 3693 a<
208 3673 270 3695 lm)

70 3695 108 3725 his
125 3718 133 3730 ‚
159 3713 204 3740 qui
235 3704 269 3731 ab
310 3695 431 3729 peccat
456 3709 466 3725 ,
480 3686 573 3720 Nam
587 3687 724 3722 nullum
738 3686 826 3722 nolle
837 3686 887 3722 est
904 3690 1036 3733 primus
1049 3689 1252 3724 aetusobli-

71 3736 270 3780 ipiaimperan.
310 3745 406 3780 quus
421 3735 626 3771 intelleftivi
638 3739 820 3784 appetitus
832 3764 841 3772 .
857 3740 950 3773 Nam
966 3739 998 3771 in
1016 3739 1152 3774 nullum
1167 3738 1254 3774 nolle

73 3782 113 3801 {121¹
131 3793 138 3802 ο

643 140 798 188 Tamus
819 141 899 189 Ill.
931 141 1059 191 Part.
1079 138 1137 188 ῙΙ.
1158 136 1349 214 Qaestio
1366 135 1596 188 LXXVII,
1624 138 1728 184 Art.
1752 142 1797 184 V

440 257 946 300 ARTICULUS
1012 259 1081 302 1V.

300 358 429 401 Vtrum
443 372 539 397 arnor
553 357 606 398 sui
621 357 660 400 fit
679 360 892 409 principium
917 361 1036 402 omnis
1061 365 1224 409 peccati.

344 461 474 498 Ποῖ-’ἔον
491 458 571 496 locis
584 462 623 502 in
632 464 792 506 ‚margine
813 465 861 498 cit
900 464 943 501 S.
958 461 1079 500 Thom.
1097 474 1126 508 r.
1140 474 1177 502 z·

639 523 673 566 q·
689 523 746 560 77·
762 523 818 550 art
820 540 831 559 ·.
843 525 881 561 4·

417 610 535 648 ldetur
561 624 659 649 amor
687 612 739 650 sui
763 616 861 651 haud
886 614 954 651 effe
978 617 1230 661 principium-.-

423 665 538 698 omnis
553 667 692 707 peccati
711 690 721 700 .
736 668 874 702 Etenim
895 666 1067 714 Magister
1095 677 1130 709 2.
1142 667 1230 704 diff.

291 725 355 757 42,
369 722 442 759 cap.
458 713 562 750 Modi
571 725 687 758 autem
704 742 714 757 ,
739 716 859 757 scribit
878 743 888 758 ‚
915 716 1144 763 Augustinus
1160 729 1230 754 tra-

292 764 343 799 dit
358 763 459 798 suner
473 765 572 799 illum
601 768 722 803 locum
750 767 876 804 Psalmi
906 776 967 814 75.
982 766 1123 811 Incensa
1151 769 1230 813 igni

289 812 479 865 &fitff'osllt
496 839 508 856 ‚
535 816 590 851 his
606 816 750 854 duobus
764 819 878 854 modis
907 819 1028 852 omnia
1055 829 1232 862 peccata.»

293 865 454 905 mortalia
472 866 630 909 includi,
653 869 687 904 8(
700 869 835 916 incenfit
849 869 925 915 igni
938 894 948 910 ‚
970 880 1008 903 ea
1024 868 1112 910 dicit
1126 897 1136 912 ‚
1149 881 1230 911 quae

290 915 487 962 cupiditate
499 919 587 954 male
613 918 825 957 incendente
849 919 1019 954 oriuntur
1042 932 1051 954 :
1080 918 1232 967 Suffoſj'a

291 977 378 1002 vero
393 993 406 1009 ,
433 979 577 1013 quaeex-
600 970 728 1006 timore
756 970 845 1014 male
869 969 1082 1012 humiliante
1104 982 1234 1016 prove-

292 1018 397 1054 niunt
422 1043 432 1052 .
458 1017 570 1069 Qd
591 1017 643 1066 est·
665 1046 675 1061 ,
707 1021 828 1066 inquit
858 1019 1032 1063 Magister
1060 1046 1071 1062 ,
1095 1021 1232 1068 quando

293 1069 372 1114 quis,
385 1071 482 1114 cupit
495 1080 561 1106 non
571 1071 743 1119 cupienda
757 1070 818 1106 vel
830 1071 934 1105 timet
959 1082 1024 1106 non
1048 1071 1203 1107 timenda
1221 1097 1231 1107 .

295 1120 606 1168 Igiturpeccatum
618 1134 724 1166 omne
737 1132 855 1163 ortum
881 1132 953 1156 non
975 1121 1084 1161 trahit
1109 1134 1155 1158 ex
1181 1122 1234 1162 sui

292 1182 412 1210 amore
427 1197 440 1215 n.

399 1222 576 1258 Praeterea
594 1249 605 1264 ,
622 1221 733 1272 Qod
753 1220 955 1267 injuncium
973 1221 1022 1258 est
1039 1221 1176 1258 bomini
1192 1232 1233 1259 ut

293 1273 398 1315 faciat
410 1295 423 1314 ‚
453 1272 595 1308 effefibi
613 1285 685 1310 non
699 1271 812 1320 potest
829 1267 969 1318 propria
984 1272 1088 1307 cansa
1107 1284 1233 1319 pecca-

295 1325 321 1360 ti
335 1349 342 1358 .
359 1321 428 1361 Sed
440 1323 517 1369 lege
531 1322 654 1361 divina
669 1323 875 1370 proecipitur
886 1320 1050 1362 homini3
1080 1323 1231 1370 ‘Diliget

287 1376 487 1423 proxirnum
499 1381 603 1409 tuum
619 1401 630 1416 ‚
648 1374 741 1419 ficut
756 1384 791 1409 te
804 1370 915 1415 ipsum
930 1372 1094 1409 Matthaei
1110 1385 1165 1420 19.
1179 1387 1233 1410 er-

293 1436 341 1471 go
353 1437 434 1460 cum
447 1423 557 1458 homo
571 1424 605 1460 se
630 1423 742 1472 ipsum
767 1423 915 1467 diligere
940 1433 1129 1466 teneatur,
1155 1424 1233 1460 fieri

293 1486 364 1511 non
380 1473 497 1522 potest
509 1483 548 1517 ut
565 1475 632 1510 hac
644 1486 689 1512 ex
713 1473 902 1518 dileftione
928 1475 1068 1517 oriatur
1093 1484 1230 1512 omne,

293 1536 484 1574 peccatum
499 1549 512 1560 .

393 1576 436 1610 Pr
449 1575 655 1616 ”tereaffltsr
672 1576 877 1624 frequenter
888 1585 1010 1621 peccet
1026 1574 1160 1618 bomo,
1185 1576 1241 1612 in·.

293 1625 459 1661 ordinate
485 1624 634 1673 seipsum
661 1624 879 1672 diligendos
901 1625 949 1659 ita
993 1637 1144 1672 quoque
1169 1625 1238 1660 sre-

294 1687 446 1723 quenter
462 1675 501 1711 fir
515 1702 525 1716 ,
554 1687 593 1710 nt
606 1675 793 1722 delinquat
810 1676 858 1708 ob
872 1674 1118 1711 inordinatum
1136 1688 1236 1711 amo-

295 1738 365 1761 rem
381 1737 464 1771 erga
479 1726 631 1759 alterum
652 1753 661 1765 ,
686 1737 771 1773 ergo
786 1723 956 1759 absolute
979 1724 1051 1760 dici
1074 1736 1145 1761 non
1173 1738 1239 1769 po-

294 1775 358 1812 test
376 1802 386 1817 ,
411 1787 515 1811 omne
529 1774 685 1818 hominis
699 1785 886 1826 peccatum
902 1784 1023 1816 ortum
1039 1775 1180 1819 trahere
1191 1783 1238 1821 ex

294 1825 346 1868 sui
361 1837 481 1861 amore
497 1852 507 1867 ς

395 1877 534 1918 Contra
550 1876 775 1924 Augustinus
808 1886 863 1918 ¹4·
881 1872 923 1910 de
943 1873 1149 1921 Civir.cap.
1166 1877 1234 1913 ult.

295 1929 387 1965 <Duo
398 1927 702 1972 amoresfecerunt
720 1928 806 1965 duas
821 1926 985 1961 civitates
1002 1936 1010 1958 ε
1035 1925 1240 1963 Civitatem

296 1979 372 2016 Dei
380 2003 392 2022 ‚
418 1990 510 2013 amor
524 1979 606 2014 ‘Dei
622 2005 631 2019 ‚
659 1976 768 2023 usque
780 1976 828 2013 ad
840 1984 1068 2022 contemptum
1083 1976 1145 2024 sui
1156 2003 1164 2012 .
1177 1978 1240 2015 Ci-

296 2031 445 2064 vitatem
459 2027 606 2069 diaboli‚
631 2027 790 2074 amorsm'
807 2053 819 2069 ‚,
829 2024 937 2074 usque
948 2024 1239 2075 adcontemptum

293 2077 372 2114 Dei
385 2105 396 2113 ,
412 2078 508 2114 Cum
536 2078 646 2124 igitur
674 2088 864 2125 peccatum
887 2087 994 2110 omne
1021 2075 1154 2121 spthet
1194 2077 1239 2112 ad

295 2129 490 2164 Civitatem
507 2128 640 2171 diaboli
659 2140 672 2167 ς
694 2128 802 2174 cujus
815 2128 913 2170 cives
928 2124 1050 2162 divina
1065 2126 1239 2163 sententia

295 2179 679 2225 censenturquotquot
695 2179 729 2214 in
746 2177 877 2216 lethale
893 2187 1085 2224 peccatum
1111 2178 1240 2213 labun-

294 2239 354 2264 tur
371 2244 382 2271 ;
410 2229 572 2275 profefio
588 2227 768 2275 ejusmodi
783 2227 1021 2271 omnesafi’cus
1038 2229 1140 2276 pravi
1164 2227 1239 2265 de„

297 2280 506 2321 inordinato
523 2280 577 2315 sui
594 2291 713 2315 amore
727 2280 921 2321 oriuntur.

402 2329 619 2379 Respondeo
647 2330 838 2373 dicendum
868 2354 879 2370 ,
917 2326 971 2363 sui
997 2328 1243 2367 inordinatum

300 2394 453 2420 amorem
469 2409 481 2425 ‚
511 2380 578 2416 effe
590 2380 810 2428 principium
826 2379 942 2414 omnis
959 2380 1097 2424 peccati
1125 2403 1134 2413 .
1164 2378 1242 2417 De·

299 2431 445 2468 claratio
458 2446 467 2466 τ
482 2430 690 2468 Univerfim
707 2430 840 2478 duplex
854 2428 904 2464 est
917 2428 1018 2464 aetus
1044 2428 1245 2470 voluntatis-

299 2494 371 2529 qna
384 2483 498 2530 primo
514 2509 525 2524 ,
550 2480 584 2516 8(
599 2493 660 2527 per
673 2480 706 2516 se
722 2490 895 2529 peccatur
907 2478 1039 2514 scilicet
1055 2506 1065 2521 ‚
1081 2478 1189 2520 velle,
1206 2480 1239 2514 8(

299 2531 386 2575 nolle
404 2531 510 2568 :nolle
525 2531 698 2577 fiquidem
715 2531 817 2567 ati-'tus
842 2530 1021 2577 positivus,
1044 2530 1241 2566 voluntatis

299 2582 348 2622 est
364 2609 374 2624 ‚
401 2594 476 2628 quo
488 2580 670 2616 aversatur
683 2580 851 2626 fugitque
870 2579 1142 2617 disconveniens
1159 2593 1169 2626 ς
1187 2580 1243 2620 uti

300 2645 362 2680 per
374 2630 464 2667 velle
480 2641 645 2676 acceptat
657 2657 668 2672 ,
683 2632 716 2665 8(
731 2631 810 2665 vult
825 2629 1119 2676 prosequtionem
1140 2629 1242 2676 obje-

301 2683 346 2718 6ὶί
360 2681 605 2716 convenientis
621 2706 630 2716 .
651 2680 764 2726 idque
786 2679 905 2715 adhuc
933 2678 981 2714 est
1010 2680 1144 2727 duplex
1159 2705 1171 2723 ‚
1196 2681 1243 2715 al.

298 2744 414 2769 terum
439 2743 568 2778 nempe
592 2731 754 2772 amicitiae
772 2756 782 2772 ,
817 2741 892 2777 quo
919 2729 1072 2771 atlhaeret
1095 2729 1244 2777 objeElo

301 2793 445 2832 propter
460 2780 620 2827 seipsum
638 2807 649 2822 ,
682 2772 805 2827 suique
823 2778 1080 2826 perfeciionem
1109 2794 1149 2817 ac
1178 2783 1244 2817 bo-

300 2834 445 2870 nitatem
463 2845 477 2873 ;
500 2832 649 2866 alterum
662 2830 960 2878 concupiscentiae
974 2857 986 2873 ,
1015 2844 1091 2879 quo
1107 2844 1243 2868 concu-

300 2883 450 2933 piscitur
463 2880 598 2928 aliquid
610 2880 642 2916 ei
655 2880 754 2928 quod
767 2891 909 2929 propter
927 2881 958 2918 se
970 2893 1110 2924 amatur
1129 2909 1138 2923 ,

400 2931 560 2974 Nolendi
574 2941 696 2968 autem
709 2931 809 2973 aelus
825 2933 948 2977 nequit
966 2933 1066 2969 exire
1083 2946 1100 2968 a
1114 2933 1242 2969 volun.

302 2995 376 3021 tate
394 3010 404 3025 ‚
434 2983 523 3030 quin
550 2979 742 3023 necessario
766 2982 910 3028 aliquod
927 2982 1020 3019 velle
1036 2983 1245 3032 praesuppo-.

303 3046 388 3075 nata
410 3047 428 3070 a
452 3033 551 3069 nullo
575 3033 709 3080 quippe
736 3031 876 3079 refugio
901 3044 1018 3080 neque
1039 3035 1241 3081 quidquam

303 3097 406 3121 arceo
439 3111 450 3126 ‚
493 3082 554 3118 nisi
584 3083 671 3129 quia
697 3080 786 3118 stare
816 3084 943 3128 nequit
970 3095 1053 3120 cum
1087 3088 1213 3132 aliquo
1231 3109 1242 3124 ‚

302 3134 401 3182 quod
419 3134 528 3173 veluti
546 3132 766 3168 conveniens
780 3143 930 3179 accepto
945 3161 954 3176 ‚
971 3134 1005 3170 8(
1020 3136 1140 3172 rursus
1158 3134 1245 3170 nulli

303 3183 523 3231 concupisco
537 3185 671 3219 bonum
688 3209 702 3227 ‚V
730 3184 789 3219 nisi
807 3184 891 3230 quia
909 3184 942 3219 id
956 3186 1122 3228 amicitiae
1148 3197 1246 3227 arno-

304 3246 341 3269 re
356 3235 469 3282 diligo
499 3260 508 3270 .
539 3233 712 3274 Amatum
740 3234 834 3269 enim
856 3232 1016 3280 nspefftu
1043 3235 1247 3283 concupiti,

305 3283 353 3318 est
369 3284 464 3330 quali
484 3284 562 3320 finis
580 3311 588 3325 .
611 3284 666 3319 cui
688 3285 822 3321 bonum
839 3295 986 3329 optztur
1004 3313 1013 3327 ‚
1043 3288 1075 3323 8(
1095 3296 1244 3335 propter

305 3332 419 3379 ipsum
433 3335 466 3369 in
484 3334 516 3373 se
526 3334 792 3382 concupiscitur
804 3334 865 3370 fibi
880 3338 928 3372 bo
943 3348 1015 3371 tum
1031 3363 1037 3371 .
1053 3337 1245 3385 Quoniam

306 3383 420 3428 igitur
445 3383 523 3419 finis
548 3386 748 3421 voluntatis
771 3385 880 3421 hal-et
903 3387 1051 3435 primam
1074 3389 1245 3424 rationem

306 3431 438 3478 objeeti
458 3433 561 3470 voliti
578 3462 588 3477 ‚
612 3436 762 3474 evidens
777 3434 825 3470 est
843 3463 853 3479 ‚
867 3438 958 3477 velle
974 3439 1140 3474 amicitia:
1156 3449 1247 3485 pra:-

311 3483 434 3518 cedere
450 3483 564 3528 ipsum
582 3486 983 3531 velleconcnpiscenriae
997 3514 1007 3524 .

407 3533 576 3569 Constito
600 3535 642 3570 de
674 3536 834 3585 processu
857 3536 985 3574 horum
1010 3538 1156 3575 atinum
1183 3550 1249 3573 vo-

308 3583 456 3623 luntatis
469 3609 478 3624 ,
504 3584 627 3619 eodem
646 3586 753 3623 modo
769 3585 799 3621 se
810 3586 941 3624 habere
955 3590 1249 3635 probantur‚cum

308 3636 477 3669 voluntas
494 3635 534 3669 iis
548 3635 787 3678 mediantibus
801 3638 1001 3673 inordinate
1034 3638 1065 3673 se
1094 3641 1184 3686 gerit
1215 3640 1249 3674 8<

2089 155 2181 200 271

1316 204 1474 251 respee‘tu
1492 205 1595 240 voliti
1612 231 1622 245 ,
1648 208 1707 240 cui
1723 205 1771 240 est
1793 205 2073 253 encompoisibile
2091 209 2140 249 id,
2157 208 2256 252 quod

1311 257 1486 291 molitione
1504 257 1656 303 repellit,
1671 253 1854 297 aversaiur
1867 257 1900 290 8(
1915 256 2016 302 fugit.
2035 259 2071 294 Si
2087 271 2202 295 autem
2216 261 2256 295 il-

1307 305 1372 342 lud
1387 303 1478 344 velle
1488 306 1577 343 foret
1590 305 1830 346 ordinatumt,
1846 307 2053 353 accipiendo
2067 307 2252 352 obieftum

1310 356 1431 398 debite
1455 355 1876 396 circumstantionatum,
1904 356 1993 393 nolle
2016 359 2116 402 quod
2141 359 2250 396 habe-

1311 417 1372 445 tur
1386 418 1426 450 ut
1441 407 1580 455 sequela
1593 407 1845 454 illius,paritet
1859 404 1940 441 ess‘et
1958 407 2020 442 {ibi
2030 408 2250 448 ordinatum.

1311 454 1408 499 Nam
1422 459 1619 499 fiordinate
1636 469 1717 494 amo
1747 456 1780 493 id
1795 483 1805 498 ,
1835 458 1894 492 cui
1919 458 2054 494 bonum
2081 463 2250 508 concupi.

1311 509 1396 553 sco,
1420 509 1583 546 ordinate
1595 509 1725 554 pariter
1750 507 1834 544 odio
1856 507 2055 555 prosequor
2079 520 2143 550 ea,
2167 522 2249 556 qux

1309 561 1505 608 impediunt
1522 559 1806 604 asi'equutionem
1821 559 1909 596 boni
1932 559 2116 605 concupiti
2141 583 2150 593 .
2176 564 2251 597 Ne-

1308 611 1576 657 ceii‘arioigitut
1590 610 1726 656 primus
1739 608 1838 645 achis
1862 608 2087 644 inordinatus
2119 610 2251 649 volun·

1306 665 1415 704 tatis,
1439 660 1487 697 est
1499 663 1649 708 primum
1662 658 1750 699 velle
1774 659 1937 696 amicitiae
1964 658 2124 706 respeffiti
2150 658 2247 704 ejus,

1307 714 1366 752 cui
1381 712 1684 759 concupiscuntur
1694 712 1788 746 bona
1803 735 1812 745 .
1829 711 1953 756 ltaque
1967 720 2132 756 peccator
2149 712 2247 751 inor·

1308 764 1429 800 dinate
1443 761 1652 810 fibialiquid
1669 759 1926 807 concupiscens
1943 787 1954 802 ,
1980 760 2035 795 vel
2049 758 2135 794 odio
2164 772 2248 807 pro-

1309 814 1461 863 sequens
1477 841 1488 857 ‚
1512 814 1593 849 ideo
1605 823 1726 861 peccat
1741 839 1752 854 ‚
1775 812 1864 858 quia
1902 812 1994 846 ultra
2021 809 2166 846 modum
2207 811 2244 846 &

1306 868 1453 903 omnino
1467 864 1666 903 inordinate
1693 861 1726 898 se
1755 862 1895 909 diligit,
1920 873 2001 897 nam
2028 858 2248 906 obje6'tum..

1307 917 1408 952 aflus
1421 915 1474 951 sui
1487 914 1714 962 prosequitur
1726 923 1847 955 amore
1862 909 2249 958 concupiscentiae3ali-

1306 967 1393 1014 quid
1411 965 1510 1000 aliud
1524 976 1609 1011 ergo
1619 973 1714 999 amet
1728 972 1872 1011 oportet
1885 973 2004 998 amore
2019 961 2194 1004 amicitiae,
2206 971 2247 996 ut

1306 1016 1506 1064 expositum
1522 1015 1571 1051 est
1585 1040 1593 1050 .
1609 1012 1701 1050 illud
1715 1024 1838 1048 autem
1852 1012 1950 1047 alind
1961 1010 2008 1047 est
2025 1011 2249 1058 ipsemet,cui

1307 1080 1349 1106 ut
1361 1077 1480 1103 amato
1492 1076 1614 1102 amore
1627 1064 1788 1099 amicitiae
1806 1061 2030 1109 concupiscit
2056 1073 2247 1098 externum

1305 1121 1440 1159 bonum
1453 1116 1546 1151 circa
1561 1114 1663 1162 quod
1680 1123 1850 1162 peccatur
1863 1139 1870 1147 .
1889 1112 2120 1151 inordinatus
2138 1114 2248 1159 igitur

1306 1181 1406 1205 amor
1420 1168 1499 1210 sui,
1525 1166 1575 1203 est
1602 1164 1701 1209 radix
1724 1164 1838 1206 omnis
1862 1162 2024 1210 peccati3
2049 1163 2148 1209 quod
2173 1171 2248 1197 erat

1303 1218 1556 1263 declarandum
1575 1243 1584 1253 .

1363 1262 1366 1264 ,
1412 1270 1470 1309 Ad
1481 1277 1691 1314 argumenta
1705 1292 1713 1302 .
1726 1263 1784 1305 Ad
1797 1263 1949 1312 primum
1965 1273 2061 1311 patet
2076 1275 2120 1300 ex
2133 1262 2249 1304 dietis.
2286 1294 2314 1319 3·
2326 1286 2385 1316 dist.
2399 1297 2443 1322 29·
2458 1292 2486 1322 §-

1306 1325 1403 1367 Nam
1422 1321 1482 1361 seu
1495 1329 1661 1367 peccetur
1676 1315 1871 1364 cupiditate
1896 1314 2140 1350 inflammante
2155 1340 2166 1355 ‚
2191 1312 2249 1349 seu
2282 1328 2327 1363 fix
2338 1326 2418 1359 dmg,
2432 1346 2444 1357 ‚

1307 1386 1351 1410 ex
1362 1373 1489 1408 timore
1503 1382 1626 1406 eorum
1642 1395 1651 1410 ,
1665 1380 1744 1416 quae
1759 1378 1840 1402 vere
1855 1378 1982 1401 nocere
1999 1376 2068 1400 non
2087 1364 2248 1412 poffunt3

1308 1423 1356 1464 est
1371 1424 1453 1470 quia
1465 1433 1554 1457 tunc
1572 1429 1734 1467 peccator
1748 1416 1947 1453 inordinate
1965 1414 1999 1450 se
2016 1415 2130 1459 diligit
2150 1428 2251 1451 amo·

1309 1487 1344 1519 re
1362 1473 1525 1508 amicitiae
1541 1485 1550 1511 3
1579 1471 1658 1506 ideo
1674 1470 1807 1516 quippe
1820 1469 1918 1513 cupit
1935 1467 1996 1503 {ibi
2013 1466 2252 1507 delefflbilia,

1311 1525 1344 1560 8(
1359 1536 1419 1572 per
1433 1523 1755 1570 pusillanimitatem
1773 1518 1865 1560 cedit
1881 1519 1923 1552 iis
1942 1545 1952 1560 ,
1975 1529 2055 1563 quae
2084 1518 2253 1564 pertime-

1311 1574 1435 1616 scenda
1453 1585 1522 1608 non
1541 1572 1648 1608 essent
1666 1598 1678 1614 ‚
1699 1569 1741 1605 de
1770 1569 1884 1611 nimio
1909 1569 2016 1616 igitur
2031 1593 2042 1609 ‚
2072 1566 2253 1603 inordina·

1311 1635 1425 1673 toque
1444 1623 1494 1659 sui
1508 1634 1626 1658 amore
1640 1621 1794 1663 nascitur
1808 1631 1915 1654 omne
1941 1628 2130 1666 peccatum
2143 1643 2154 1660 q

1412 1673 1470 1714 Ad
1496 1672 1688 1709 secundum
1712 1669 1909 1716 respondeo
1935 1693 1947 1710 ‚
1988 1666 2252 1704 dileetionem..

1309 1738 1418 1773 quam
1433 1723 1586 1770 quisque
1603 1722 1664 1758 fibi
1677 1733 1715 1757 ac
1727 1718 1902 1769 proximis
1927 1718 2130 1766 impendere
2154 1729 2252 1753 tene-

1311 1787 1396 1817 tur,
1423 1775 1457 1810 in
1472 1774 1539 1808 hoc
1556 1772 1740 1815 confistere
1760 1797 1769 1812 ‚
1793 1770 1893 1806 Sicut
1910 1769 2066 1804 charitas
2088 1767 2136 1804 est
2156 1769 2251 1815 prin!

1311 1826 1447 1872 cipium
1461 1822 1628 1860 tendendi
1648 1823 1682 1858 in
1701 1824 1819 1863 Deum
1832 1820 1912 1855 aeui
1930 1819 2066 1862 directo
2080 1846 2090 1860 ,
2114 1820 2146 1856 8(
2166 1830 2253 1866 prae.

1311 1888 1408 1911 terea
1421 1873 1629 1910 reflet‘fiendi
1645 1871 1746 1919 super
1767 1869 1867 1913 aStus
1891 1871 1969 1907 illos
1986 1896 1997 1911 ,
2018 1871 2152 1916 quibus
2176 1880 2250 1904 ten-

1313 1927 1412 1962 ditur
1427 1927 1462 1960 in
1476 1927 1592 1966 Deum
1612 1949 1620 1964 ‚
1646 1923 1694 1957 ita
1710 1932 1859 1968 quoquc
1874 1920 1922 1956 est
1945 1918 2160 1968 principium
2185 1931 2254 1958 νομ.

1311 1975 1405 2013 leodi
1421 1976 1568 2016 cuilibet
1583 1976 1719 2020 potenti
1738 1970 1885 2017 diligere
1903 1973 2020 2007 Deum
2039 1997 2050 2014 ,
2071 1981 2110 2006 ut
2124 1970 2251 2016 diligat

1313 2024 1429 2075 ipsum
1450 2038 1462 2066 3
1487 2025 1600 2069 igitur
1612 2023 1687 2073 post
1715 2021 1833 2059 Deum
1851 2020 2147 2058 immediatissime
2172 2022 2252 2056 vult

1313 2078 1396 2122 quis
1405 2088 1450 2112 ex
1463 2075 1635 2117 charitate
1648 2073 1680 2109 se
1696 2072 1843 2120 diligere
1858 2072 1944 2109 illud
1961 2099 1970 2114 ‚
1986 2084 2061 2118 quo
2083 2071 2196 2113 tendit
2218 2073 2253 2106 in

1314 2131 1434 2166 Deum
1448 2153 1459 2169 ,
1486 2125 1618 2162 scilicet
1634 2123 1667 2159 se
1684 2123 1828 2169 diligere
1845 2123 1963 2159 Deum
1983 2122 2107 2168 ;quod
2123 2121 2254 2163 faciens

1315 2179 1433 2224 diligit
1452 2175 1484 2212 se
1500 2203 1510 2218 ,
1535 2177 1620 2223 quia
1633 2184 1725 2211 amat
1757 2175 1891 2210 bonum
1911 2171 2059 2219 justitiae
2087 2172 2176 2212 fibi;
2201 2183 2257 2207 at-

1311 2242 1384 2278 que
1396 2231 1445 2264 ita
1460 2226 1534 2274 post
1548 2229 1663 2262 Deum
1680 2223 1832 2271 quisque
1845 2234 1989 2261 tenetur
2001 2222 2150 2271 diligere
2165 2220 2197 2257 se
2212 2234 2260 2259 cx

1312 2281 1516 2321 charitate3
1546 2278 1577 2312 8(
1594 2275 1769 2312 consimili
1787 2276 1922 2311 ratione
1950 2275 2153 2321 proximum
2180 2273 2262 2309 dili-

1314 2342 1398 2379 gere
1410 2337 1573 2362 tenemur
1585 2352 1594 2360 .
1606 2329 1699 2374 Qae
1716 2324 1862 2361 dileetio
1873 2326 2001 2371 utique
2013 2323 2194 2367 rec'tiffima
2208 2322 2259 2360 est

1316 2391 1423 2425 atque
1437 2375 1690 2411 ordinatissima
1705 2398 1716 2413 ·¹
1732 2375 1798 2412 Sed
1812 2375 1958 2410 evidens
1975 2373 2023 2409 est
2040 2385 2256 2420 quemque,

1316 2432 1361 2466 ab
1374 2429 1441 2463 hac
1460 2425 1674 2462 rthirudine
1689 2425 1850 2460 excidere
1868 2437 1954 2461 mox
1966 2435 2005 2459 ac
2019 2424 2185 2460 nimirum
2202 2424 2256 2459 di-

1316 2481 1393 2525 ligit
1414 2477 1468 2519 se,
1491 2477 1576 2523 quia
1593 2485 1678 2511 tunc
1692 2476 1811 2521 aliqua
1839 2486 2000 2510 creatura
2022 2474 2175 2515 fruitur,
2196 2476 2256 2510 cui

1317 2530 1446 2566 scilicet
1460 2525 1679 2574 concupiscit
1707 2525 1801 2561 aliud
1824 2528 1958 2561 bonum
1989 2537 2007 2560 a
2033 2526 2134 2567 Deo,
2157 2535 2257 2563 non-³

1317 2581 1415 2628 quasi
1435 2589 1498 2626 per
1510 2575 1776 2613 conversionem
1796 2576 1835 2610 ad
1854 2577 1986 2611 bonum
2000 2575 2259 2617 commutabile
2294 2588 2495 2628 2·diss-37·q·1-

1320 2631 1515 2666 formaliter
1527 2625 1730 2662 offendatur
1761 2629 1858 2662 Deus
1875 2653 1883 2667 ,
1910 2625 1966 2661 sed
1994 2626 2079 2673 quia
2109 2625 2257 2660 inbaeret
2295 2630 2446 2660 n.7.&9.

1319 2683 1507 2727 illipraetcr
1520 2678 1679 2711 ordinem
1699 2691 1715 2711 a
1730 2680 1808 2713 Deo
1821 2676 2020 2712 institutum
2033 2702 2045 2718 ‚
2068 2687 2106 2711 ut
2119 2676 2165 2710 ait
2179 2675 2260 2711 Au-

1321 2731 1415 2779 gust.
1434 2740 1486 2764 iz.
1504 2727 1547 2762 de
1561 2726 1679 2763 Civit.
1694 2737 1768 2775 cap.
1787 2728 1820 2763 8.
2231 2755 2233 2757 ,

1420 2780 1477 2818 Ad
1492 2779 1632 2813 tertium
1649 2789 1743 2826 patet
1760 2775 1939 2825 responsio
1953 2788 1997 2813 ex
2009 2777 2108 2814 diflis
2130 2803 2137 2812 .
2163 2780 2258 2815 Nam

1320 2832 1489 2868 voluntas
1517 2828 1574 2864 seu
1602 2827 1729 2876 diligat
1754 2840 1919 2866 naturam
1945 2827 2053 2873 cujus
2082 2828 2130 2863 cst
2162 2855 2173 2870 ‚
2199 2826 2258 2864 scu

1319 2884 1426 2921 alium
1443 2879 1642 2915 inordinate
1659 2891 1751 2918 amet
1770 2878 2061 2920 velodiohabeat
2079 2904 2089 2920 ‚
2112 2878 2147 2914 id
2160 2891 2258 2913 amo-

1318 2948 1356 2971 re
1372 2932 1427 2967 sui
1445 2930 1552 2971 facit,
1576 2930 1660 2976 quia
1688 2942 1790 2966 amor
1820 2929 2115 2978 concupiscentiae
2143 2929 2258 2974 sequi-

1318 2995 1378 3022 mr
1392 2981 1433 3016 ad
1447 2992 1603 3016 amorem
1617 2981 1801 3022 amicitiae,
1825 2981 1943 3016 tamin
1961 2979 2122 3029 processu
2134 2981 2259 3016 volen-

1318 3037 1381 3080 di,
1405 3045 1514 3080 quam
1533 3031 1694 3067 nolendi.

2287 284 2380 316 1.dist.
2396 300 2483 332 1·q·5·

2281 331 2309 352 n·
2321 333 2350 361 4.

2287 1715 2352 1751 Post
2367 1717 2486 1748 Deum..

2287 1754 2402 1793 quisque
2416 1766 2492 1785 tene⁴

2287 1800 2331 1820 tur
2341 1794 2454 1833 diligere
2464 1795 2490 1822 se

2287 1840 2323 1859 ex
2334 1834 2466 1861 charitate
2480 1852 2490 1865 ‚

2287 1871 2315 1897 ὃ(
2343 1881 2370 1898 1n
2398 1882 2454 1909 quo
2470 1873 2490 1899 is

2289 1917 2368 1937 amor
2400 1909 2491 1939 conii·

2287 1947 2357 1978 stat·

1493 3130 1995 3175 ARTICVLVS
2049 3130 2095 3165 V.

1319 3238 1458 3273 Utrum
1474 3234 1739 3272 convenienter
1756 3242 1938 3279 ponantur
1951 3229 2066 3267 causae
2093 3242 2261 3274 peccaro·

1370 3297 1448 3322 rum
1461 3283 1754 3333 concupiscentia
1768 3284 1882 3318 carnis
1897 3305 1909 3323 ‚
1921 3280 2212 3328 concupiscentia

1493 3336 1684 3371 oculorum
1703 3359 1714 3376 ,
1745 3335 1777 3369 8(
1796 3331 1960 3380 superbia
1978 3333 2059 3369 viix
2076 3359 2088 3368 .

1389 3434 1520 3472 Doffor
1535 3435 1615 3472 locis
1628 3437 1665 3471 in
1675 3433 1837 3480 margine
1847 3436 1908 3469 cit.
1922 3433 1965 3470 S.
1983 3431 2104 3471 Thom.
2124 3448 2152 3471 t.
2170 3446 2204 3470 2.

1678 3498 1712 3541 q.
1724 3497 1785 3534 77.
1796 3492 1864 3522 art.
1881 3494 1916 3529 5.

1440 3586 1588 3624 ldentnr
1620 3590 1740 3626 minus
1771 3586 2028 3623 convenienter
2049 3587 2132 3633 poni
2157 3583 2269 3620 causae

1453 3649 1687 3684 pcccatorum
1703 3637 1992 3685 concupiscentia
2007 3640 2271 3679 carnis,concu-
2306 3624 2423 3695 Mszss'
2437 3624 2496 3689 ΖΨ

1325 3689 1495 3733 piscentia
1513 3690 1719 3730 oculorum,
1734 3691 1765 3724 8(
1787 3688 1950 3735 superbia
1963 3689 2043 3721 vitae
2061 3713 2071 3727 ,
2099 3688 2270 3732 siquidem
2297 3672 2430 3740 ffi‘s‘fflsg
2447 3719 2455 3726 ,

1329 3737 1526 3775 secundum
1541 3739 1755 3785 Apostolum
1778 3750 1806 3773 1.
1822 3739 1864 3773 ad
1876 3737 2108 3774 Timotheum
2124 3740 2272 3783 c.1p.ult.

313 3785 387 3819 cxit
405 3811 415 3826 ,
441 3783 500 3820 nisi
520 3786 552 3820 in
569 3786 699 3823 virtute
718 3786 871 3833 alicujus
898 3789 997 3824 aetus
1021 3789 1188 3829 volendi,
1217 3788 1252 3823 8<
1333 3789 1457 3825 Radix
1503 3791 1656 3824 omnium
1698 3788 1867 3825 malorum
1909 3787 1965 3821 eil
1993 3787 2167 3833 capits‘inss
2198 3815 2204 3822 .
2238 3789 2275 3825 Si

2069 3840 2229 3872 munium
