2628 4011
76 190 147 219 nist.
165 194 287 224 :6.cit.6.

79 228 166 257 Aliud
170 231 207 258 clu
211 232 286 260 bium

77 268 97 295 (ι’
119 275 150 293 n.
174 278 218 300 ις.
238 274 273 298 U·

69 301 217 343 seweina
228 308 284 337 hz‘c

79 341 201 373 versatur
222 355 283 376 tota

78 380 205 412 dostn'na

80 418 268 462 ‘Themistatt't

78 465 105 484 m
155 461 282 496 presenti

100 498 192 527 uaefito
207 519 215 527 .
229 502 281 529 Vi-

98 536 173 564 endae
183 538 281 569 Poncii

24 593 28 601 2
40 603 41 618 χ
93 582 280 617 ’retrimenta-

22 637 27 643 .
76 614 165 643 tiones
176 634 185 645 .

722 93 880 142 Tomm
897 92 979 140 III.
995 95 1120 142 Part.
1149 95 1209 143 II·
1241 93 1432 169 Qaestio
1454 96 1594 142 LXV·
1617 96 1720 143 Art.
1733 95 1770 141 Ῑ.
2106 117 2160 148 21
2177 106 2208 161 3'

320 165 592 213 q21e.2tscientia
617 163 774 211 pras-'lica
799 162 988 204 ouaedam,
1015 174 1084 198 non
1112 173 1261 201 tamen„

321 217 510 264 prudentia
526 215 610 252 erit:
627 215 701 249 baec
715 211 886 259 siquidem
915 212 1167 258 comple-&titur
1179 241 1192 256 ,
1221 225 1263 250 ac

321 267 481 303 versatur
492 267 586 303 circa
604 264 786 298 materiam
799 260 962 296 omnium
993 262 1193 304 virtutum;
1220 276 1261 299 ae

321 329 506 364 propterea
520 315 579 362 ipsi
593 315 654 349 uni
670 312 864 358 prudentiae
887 309 1087 347 inexistenti
1103 338 1114 353 ,
1135 325 1260 353 omnes

317 369 460 404 inerunt
486 367 662 401 virtutes.
683 363 834 410 Proprie
863 373 951 406 ergo
978 362 1162 408 loquendo
1185 365 1260 402 de,

317 417 505 466 prudentia
524 442 532 455 ‚
546 413 621 461 ipsa
639 425 709 450 non
723 413 771 448 est
787 413 857 448 {ine
871 413 1009 448 virtute
1029 414 1258 460 morali‚qttia

315 469 365 506 est
381 469 467 504 ratio
481 464 577 501 recta
591 462 746 501 confesse
763 463 795 500 se
808 463 944 498 habens
959 463 1132 510 appetitui
1147 465 1258 501 recto:

317 520 380 567 qui
395 520 577 565 appetitus
590 514 710 551 renus
724 526 792 550 non
806 513 854 550 est
867 513 935 549 fine
953 514 1105 551 virtrute
1119 517 1260 552 morali:

316 569 477 614 adeoque
493 567 718 613 quicumque
731 565 874 601 habitus
885 574 1077 610 generatus
1089 567 1121 601 in
1152 567 1259 601 intel-

315 619 408 656 netu
427 644 438 659 ,
468 618 549 654 licet
575 616 756 663 prafficus
776 642 789 660 ‚
811 615 845 652 &
876 613 991 652 rthus
1025 629 1038 658 ;
1063 617 1171 663 idque
1194 616 1258 653 seu

314 671 406 706 circa
420 667 525 703 finem
543 666 778 703 universalem
794 692 805 708 ,
831 667 887 701 vel
904 666 1171 713 particularem,
1187 668 1257 704 five

311 721 403 756 circa
415 717 529 754 media
542 729 667 753 eorum
680 716 807 752 finium
820 715 1034 763 assequtioni
1047 716 1254 759 neceffaria;

311 769 374 806 nisi
390 767 656 804 concomitetur
668 767 761 803 redita
778 767 903 803 elei-iio
932 768 1129 804 voluntatis
1160 771 1255 809 circa

307 819 433 856 eadem
450 846 461 862 ‚
489 817 674 865 prudentia
692 829 761 854 non
790 817 838 853 est
859 817 1098 864 nuncupanda
1123 845 1134 854 .
1162 821 1253 856 Pru-

306 871 430 906 dentia
447 870 539 905 enim
556 868 604 904 est
622 869 718 903 circa
748 868 910 904 ordinata
937 868 980 902 ad
1006 869 1137 912 finem,
1167 882 1249 905 cum

308 921 348 957 fit
363 920 506 956 habitus
521 919 795 957 confiliativus;
822 918 1005 954 confilium
1034 932 1154 957 autem
1181 933 1253 958 non

306 970 356 1007 est
369 970 412 1007 de
425 971 494 1006 fine
511 995 524 1016 ‚
552 969 609 1005 sed
626 969 670 1006 de
696 969 841 1005 enribus
868 968 910 1004 ad
932 967 1039 1005 finem
1054 997 1065 1012 ‚
1089 973 1252 1018 qualibet

303 1021 455 1071 proinde
469 1021 607 1056 virtute
620 1019 845 1068 prudentiam
864 1023 1140 1068 praerequirenre
1165 1046 1178 1066 ‚
1216 1025 1251 1061 δε

308 1071 454 1108 viciffim
471 1071 662 1119 prudentia
679 1071 891 1115 coexigente
909 1070 1062 1118 reliquas
1079 1084 1150 1110 tres
1178 1075 1252 1109 vir·

305 1135 405 1160 tutes
422 1124 533 1171 partis
550 1122 756 1170 appetitivae
770 1147 782 1163 ‚
796 1118 1019 1158 manifestum
1046 1123 1094 1158 est
1106 1152 1116 1166 ,
1141 1139 1249 1162 unam

306 1176 480 1210 virtutem
494 1173 590 1209 haud
607 1171 802 1208 coexistere
815 1173 908 1216 posse
922 1171 989 1207 fine
1005 1174 1086 1210 aliis
1101 1201 1114 1212 .

379 1224 520 1260 Contra
540 1223 600 1259 etfi
615 1221 691 1258 haec
707 1222 939 1270 probabiliter
953 1224 1022 1259 dici
1050 1225 1253 1270 videantur3

307 1286 426 1311 tamen
443 1275 635 1322 prudentia
648 1285 717 1309 non
737 1274 848 1309 solum
865 1271 1022 1310 est-circa
1047 1276 1163 1312 media
1194 1291 1254 1313 or-

304 1326 426 1362 dinata
451 1324 496 1359 ad
518 1323 810 1372 consequendum
835 1324 943 1361 finem
981 1327 1146 1362 ultimum
1162 1354 1174 1370 ,
1195 1328 1252 1364 sed

306 1377 416 1414 etiam
430 1376 540 1412 dietat
551 1375 593 1411 de
606 1375 683 1423 ipso
694 1374 764 1411 fine
776 1401 788 1416 ‚
815 1375 936 1411 saltem
951 1377 1172 1422 particulari,
1187 1391 1255 1426 pu-

306 1438 343 1462 ta
358 1427 402 1462 de
420 1425 599 1462 castitate
616 1453 626 1461 .
642 1428 738 1463 Nam
758 1426 875 1461 virtus
890 1428 1033 1463 moralis
1060 1428 1253 1467 necessario

307 1477 472 1524 sequitur
488 1475 614 1512 ordine
631 1486 770 1511 naturae
786 1476 1014 1522 prudentiam
1032 1478 1253 1524 aliquamzex

307 1526 481 1564 eleffione
495 1537 616 1561 autem
628 1525 708 1561 finis
726 1526 953 1571 particularis
967 1553 978 1568 ,
1011 1537 1049 1565 ut
1063 1529 1253 1572 castitatis,

310 1577 471 1626 gignitur
489 1577 607 1614 virtus
620 1576 788 1617 moralis;
815 1577 924 1623 igitur
938 1576 1028 1615 banc
1045 1578 1254 1615 elefflonem

311 1627 480 1677 praecedit
506 1628 626 1672 aliqua
653 1626 843 1673 prudentia
860 1639 872 1667 ;
900 1627 1009 1672 igitur
1039 1639 1108 1662 non
1138 1628 1186 1665 est
1210 1628 1254 1664 sic

311 1675 523 1714 coatfitanda
549 1676 739 1722 prudentia
754 1702 764 1716 ‚
797 1689 835 1711 ut
865 1687 1006 1714 tantum
1038 1677 1077 1712 fit
1105 1678 1202 1714 habi·
1215 1691 1257 1715 us

310 1730 405 1764 circa
421 1726 536 1762 media
549 1724 712 1760 ordinata
724 1725 768 1760 ad
782 1725 1076 1773 consequendum
1097 1728 1201 1764 finem
1219 1730 1256 1765 in

309 1775 520 1828 particulari
532 1775 688 1812 elefflum
706 1801 716 1811 .

411 1825 552 1863 Deinde
564 1826 585 1864 fi
600 1826 776 1862 contraria
796 1825 1006 1875 hypothesis
1021 1826 1103 1862 effer
1128 1840 1257 1872 vera..·‚

308 1890 380 1916 non
393 1877 477 1915 esset
489 1890 561 1914 una
575 1877 764 1926 prudentia
779 1879 841 1912 uni
866 1878 1154 1927 correspondens
1180 1890 1258 1913 rno-

308 1929 516 1966 ralivirtuti
541 1954 551 1963 .
588 1929 716 1964 Virtus
744 1927 912 1975 liquidem
945 1930 1088 1966 moralis
1110 1942 1180 1966 una
1204 1928 1254 1964 est

305 1982 446 2017 unitate
461 1977 543 2016 finis
558 2006 571 2022 ,
595 1977 640 2014 ad
652 1976 760 2024 cujus
775 1978 982 2015 elcfflonem
1013 1980 1257 2029 principaliter

307 2032 469 2068 inclinat.
485 2029 525 2066 Si
540 2041 660 2065 autem
677 2029 721 2065 ad
734 2029 939 2066 dietandum
955 2030 999 2067 de
1015 2031 1075 2068 tati
1089 2030 1256 2073 fine‚nul-

308 2082 342 2119 la
355 2080 440 2118 esset
457 2092 525 2129 pru
538 2080 658 2117 dentia
677 2106 688 2121 ,
715 2079 771 2115 sed
783 2090 922 2116 tantum
940 2081 982 2118 de
999 2081 1123 2119 mediis
1138 2081 1180 2117 ad
1203 2081 1258 2128 ip-

308 2131 386 2168 sum
402 2132 507 2169 finem
535 2130 850 2174 conducentibus,
878 2132 1017 2170 nullum
1042 2132 1125 2167 esset
1151 2131 1257 2179 obje-

307 2181 407 2220 stum
421 2193 531 2218 unum
546 2205 560 2223 ‚
585 2193 691 2228 aquo
707 2180 791 2218 effer
823 2183 944 2218 unitas
974 2182 1173 2230 prudentiae
1203 2183 1257 2218 di-

307 2233 439 2272 &antis
467 2259 477 2275 ,
502 2231 563 2268 sed
590 2233 714 2268 multae
742 2235 864 2280 potius
891 2234 1089 2281 prudentiae
1137 2235 1254 2271 forent

308 2283 506 2322 astruendae
520 2286 616 2320 circa
635 2284 748 2319 multa
761 2285 875 2319 media
908 2285 951 2319 ad
981 2287 1063 2322 finis
1089 2284 1257 2332 assequu-

307 2338 445 2373 tionem
469 2334 669 2372 necelsariae
698 2347 710 2375 ;
751 2335 783 2371 8<
813 2334 1049 2373 nihilominus
1079 2347 1148 2370 una
1176 2347 1256 2371 tan—

308 2398 387 2424 tum
403 2384 611 2423 inexisteret
629 2386 745 2421 virtus
758 2385 904 2422 moralis
919 2412 931 2427 ‚
961 2399 1005 2422 ex
1020 2385 1159 2422 unitate
1173 2386 1256 2422 finis

308 2437 520 2485 objefflque
534 2437 691 2474 formalis
705 2463 716 2479 ,
743 2438 856 2482 igitur
870 2447 947 2472 tum
975 2446 1123 2485 propter
1150 2449 1258 2472 natu-

311 2490 419 2524 ralem
434 2488 651 2536 prioritatem
666 2487 865 2536 prudentiae
882 2488 925 2523 ad
941 2489 1111 2524 virtutem
1138 2499 1256 2523 mora-

311 2540 378 2576 lem
393 2565 404 2582 ,
427 2549 507 2574 tum
528 2550 676 2587 propter
690 2539 862 2575 unitatem
877 2538 1077 2585 prudentiae
1091 2537 1254 2585 respthu

312 2590 422 2626 unius
434 2590 580 2626 virtutis
595 2589 739 2625 moralis
754 2612 767 2630 ‚
801 2590 943 2625 videtur
960 2589 1027 2625 esse
1056 2589 1257 2624 conceden-

312 2640 399 2676 dum
417 2666 427 2682 ,
450 2639 545 2674 habi:
556 2652 614 2675 um
629 2639 827 2687 prauieum
842 2639 936 2675 rei-”te
947 2640 1140 2675 difflantem
1155 2639 1198 2673 de
1213 2639 1256 2674 fi·

312 2703 356 2728 ne
370 2689 604 2740 particulari,
633 2689 699 2725 effe
711 2690 853 2736 proprie
881 2690 1106 2736 prudentiam
1119 2713 1132 2722 .

415 2744 492 2780 Nec
507 2739 624 2776 obstat
641 2739 738 2787 quod
753 2739 941 2787 prudentia
954 2741 1098 2776 dicatur
1109 2738 1254 2776 habitus

311 2791 558 2829 confiliativus
575 2817 586 2833 ,
616 2792 648 2826 8(
667 2793 714 2825 ita
731 2789 773 2825 ad
789 2790 876 2826 fines
902 2789 1142 2826 discursurus:
1159 2793 1255 2827 Nam

312 2843 355 2878 de
372 2843 506 2879 finibus
520 2842 671 2888 propriis
683 2842 859 2877 virtutum
884 2842 1073 2876 moralium
1099 2839 1254 2879 dib'tatur

312 2890 547 2930 discurrendo
563 2904 580 2926 a
594 2891 771 2940 principio
786 2891 943 2939 prafflice
958 2900 1111 2939 accepto*
1137 2904 1155 2925 a
1184 2889 1254 2926 fine

313 2943 505 2980 universali
521 2943 564 2977 ad
583 2943 817 2989 particulares
834 2953 845 2982 3
869 2940 967 2989 isque
979 2940 1157 2977 discursus
1181 2942 1255 2988 pri-

311 3007 368 3030 ma
380 2994 428 3031 est
451 2993 675 3034 consiliatio,
699 2993 868 3041 quamvis
895 2994 1132 3028 communiter
1159 2992 1256 3028 dica·

309 3055 370 3082 tur
385 3045 574 3080 confilium
590 3041 658 3079 esse
673 3043 716 3078 de
732 3042 856 3079 mediis
873 3043 1050 3080 virtutum
1068 3068 1078 3078 .

410 3095 522 3147 Q'd
547 3095 657 3130 etiam
699 3092 868 3134 additur,
893 3103 1061 3140 oportere
1089 3092 1251 3142 pruden-

308 3145 393 3182 tiam
407 3144 557 3181 confesse
576 3143 608 3179 se
618 3143 749 3179 habere
767 3144 940 3191 appetitui
955 3142 1051 3179 meto
1065 3169 1076 3186 ‚
1093 3157 1163 3181 non
1179 3155 1255 3178 mo-

309 3197 488 3243 vetzquia
507 3197 606 3244 prius
620 3205 745 3230 natura
763 3205 833 3229 non
864 3193 1021 3232 involuit
1047 3194 1181 3242 aliquid
1208 3194 1253 3230 de

311 3248 448 3282 ratione
466 3247 524 3282 sua
536 3243 739 3294 dependens
765 3255 782 3277 a
806 3244 1012 3291 posteriori,
1038 3245 1256 3289 prudentia„

314 3296 363 3333 est
378 3299 511 3333 virtute
522 3296 647 3333 morali
659 3305 785 3330 natura
800 3295 897 3342 prior
910 3321 920 3336 ,
947 3296 1031 3340 quia
1046 3295 1169 3331 definit
1200 3297 1256 3343 ip-

316 3347 389 3383 sam
406 3375 414 3387 ‚
437 3347 612 3393 estigitur
631 3356 781 3382 concors
808 3344 906 3381 reffto
931 3345 1135 3391 appetitui,
1163 3358 1254 3394 qua-

314 3408 422 3434 tenus
438 3397 627 3445 prudentia
639 3396 717 3431 talis
741 3395 899 3442 cognitio
920 3396 968 3431 est
988 3421 998 3436 ‚
1024 3398 1104 3438 cui,
1128 3407 1165 3432 ut
1192 3409 1257 3443 ap.

314 3449 451 3495 petitus
467 3447 505 3482 lit
518 3447 633 3482 refilus
647 3473 657 3488 ,
683 3445 749 3481 effe
762 3445 866 3480 debet
882 3443 1096 3482 neccessario
1107 3447 1255 3483 confor-

315 3497 384 3535 mis
402 3525 411 3539 ‚
437 3497 498 3533 seu
514 3499 548 3532 in
562 3496 685 3532 eodem
698 3495 858 3532 dictante
876 3496 969 3532 reeta
984 3494 1154 3541 sequatur
1183 3499 1254 3534 ele·

314 3546 390 3583 etio
409 3574 419 3589 ‚
447 3546 505 3584 seu
519 3559 588 3582 non
606 3572 617 3583 .

413 3601 649 3648 Qapropter
665 3594 847 3633 asserimus
863 3595 1025 3632 habitum
1042 3607 1251 3641 generatum

313 3658 358 3683 ex
375 3649 479 3684 reEtis
493 3647 767 3691 diffiaminibus,
787 3647 858 3683 sive
871 3647 962 3681 circa
980 3646 1064 3683 sines
1078 3647 1251 3692 quosdam

311 3700 546 3747 particulares
565 3725 574 3739 ,
603 3699 665 3745 qui
684 3698 761 3734 sunt
780 3699 913 3744 proprii
946 3696 1030 3733 fines
1061 3700 1250 3733 moralium

311 3749 489 3787 virtutum
510 3776 520 3792 ‚
546 3748 604 3786 seu
620 3750 711 3784 circa
730 3749 843 3786 media
856 3747 898 3782 ad
911 3747 1052 3784 cosdem
1081 3747 1166 3783 fines
1194 3760 1252 3784 or-

1332 165 1477 204 dinata,
1501 161 1569 198 effe
1591 164 1734 210 proprie
1756 163 1982 210 prudentiam
1998 193 2009 209 ,
2032 169 2115 204 licet
2145 169 2275 207 eieaio

1329 213 1424 250 reeta
1441 224 1512 248 non
1527 212 1741 258 sequaturin
1768 215 1894 250 eodem
1916 216 2072 254 distante
2091 230 2105 259 3
2130 229 2272 265 atque-³

1325 264 1374 298 ita
1392 274 1464 298 non
1477 265 1545 299 erit
1560 261 1747 298 necessaria
1761 267 1945 311 connexio
1959 268 2111 314 alicujus
2126 269 2270 306 virtutis

1324 313 1470 350 moralis
1489 312 1532 349 ad
1544 312 1772 361 prudentiam
1784 313 1996 352 difiativam
2009 318 2052 353 de
2076 317 2136 353 sua
2159 331 2268 356 mate.

1325 366 1375 399 ria
1393 390 1402 404 ,
1427 364 1460 400 8<
1476 364 1627 402 ulterius
1644 364 1778 399 virtute
1810 377 1880 400 una
1906 367 2078 404 existente
2105 371 2267 416 utique-⁴

1323 412 1393 451 suae
1407 415 1536 461 regulae
1550 413 1701 450 confesse
1716 414 1748 449 se
1759 414 1911 453 habente
1926 444 1938 460 ,
1964 428 1984 452 a
2006 430 2077 464 qua
2107 418 2268 456 essentia·

1325 465 1406 501 liter
1424 464 1600 511 dependet
1617 492 1628 507 ‚
1654 477 1725 500 non
1741 475 1885 512 oportet
1911 468 1998 503 alias
2020 466 2166 505 existere
2195 471 2268 506 vir·

1323 525 1418 551 tutes
1435 537 1448 557 ‚
1473 526 1555 550 cum
1571 515 1760 562 prudentia
1773 515 1912 554 diRans
1933 519 2027 553 circa
2049 520 2267 557 materiam

1323 565 1497 602 castitatis
1529 566 1564 600 8<
1599 568 1842 611 temperantiae
1860 593 1870 609 ,
1899 580 1969 603 non
2000 567 2128 614 dirigat
2155 595 2167 610 ‚
2200 582 2266 606 nec

1319 616 1484 652 ostendat
1498 614 1588 662 quid
1600 615 1694 651 faeto
1705 627 1799 663 opus
1817 617 1855 651 fit
1869 620 1963 655 circa
1980 619 2163 654 materiam
2194 620 2267 655 for-

1320 667 1515 707 titudinis;
1545 678 1609 702 nec
1635 666 1767 701 etiamst
1791 666 1962 710 timaret,
1993 679 2176 715 oporteret
2194 670 2264 713 ‚ad

1319 730 1361 753 ea
1385 717 1577 753 dietamina
1603 716 1704 764 sequi
1729 715 1939 755 elefiionem
1965 720 2059 755 circa
2085 717 2267 766 ejusmodi

1322 779 1509 804 materiam
1527 793 1537 801 .

1419 819 1476 861 Ad
1508 820 1661 860 primum
1685 831 1751 866 pro
1776 821 1944 866 negativa
1969 818 2142 856 sententia
2159 846 2170 864 ,
2195 822 2267 858 res-

1317 868 1498 916 pondetur
1513 870 1558 905 fic
1575 896 1583 905 .
1597 871 1766 906 Virtutes
1779 870 2039 906 intellectuales
2063 870 2140 907 sunt
2167 873 2261 908 circa

1315 918 1472 956 diversas
1492 920 1658 956 materias
1676 920 1717 954 ad
1736 921 1891 956 invicem
1908 931 1978 955 non
1993 921 2175 958 ordinatas
2191 950 2200 965 ,
2217 923 2260 959 fi-

1315 981 1376 1005 cut
1395 983 1491 1016 patet
1504 973 1538 1005 in
1551 971 1698 1007 diversis
1714 970 1868 1006 scientiis
1881 971 1915 1006 3(
1932 972 2067 1008 artibus
2086 998 2096 1013 ‚
2124 974 2155 1009 8<
2181 974 2262 1010 ideo

1315 1022 1580 1056 noninvenitur
1595 1021 1628 1056 in
1647 1023 1695 1056 eis
1723 1034 1762 1056 ea
1785 1023 1966 1057 connexio
1983 1048 1994 1063 ‚
2021 1034 2101 1069 quae
2124 1025 2263 1060 inveni-

1314 1082 1374 1106 tur
1390 1073 1423 1106 in
1442 1072 1640 1108 virtutibus
1673 1071 1868 1110 moi-arbas
1886 1097 1895 1106 .
1914 1074 2010 1108 Nam
2037 1085 2161 1109 omncs
2184 1074 2263 1121 pas-

1316 1121 1429 1158 siones
1441 1135 1459 1157 a
1475 1121 1691 1169 quibusdam
1705 1124 1826 1170 primis
1842 1122 2076 1170 procedentes
2092 1150 2101 1164 ‚
2127 1123 2262 1161 scilicet

1314 1185 1435 1208 amore
1450 1199 1461 1215 ‚
1487 1175 1520 1210 &
1539 1174 1646 1216 odio,
1672 1173 1714 1208 ad
1726 1173 1898 1220 quasdam
1911 1173 1998 1208 ali-as
2021 1175 2262 1212 terminantur

1315 1223 1450 1259 scilicet
1475 1223 1746 1260 deleffidonem
1761 1251 1772 1266 ‚
1800 1224 1834 1260 8(
1857 1222 2036 1260 tristitiam
2051 1251 2062 1265 ‚
2084 1224 2118 1260 8(
2143 1225 2263 1260 simili-

1317 1285 1369 1310 ter
1384 1286 1508 1310 omnes
1521 1277 1750 1322 operationes
1770 1302 1780 1317 ,
1806 1286 1887 1322 quae
1915 1273 1993 1309 sunt
2020 1275 2165 1310 uirtutis
2187 1288 2264 1311 mo-

1318 1326 1401 1361 ralis
1419 1329 1592 1367 materia,
1615 1327 1748 1362 habent
1773 1326 1933 1362 ordinem
1949 1325 1992 1359 ad
2009 1324 2164 1362 invicem
2181 1353 2192 1367 .-
2227 1328 2263 1362 8:

1319 1377 1429 1411 etiam
1447 1377 1489 1411 ad
1504 1377 1674 1424 pastiones
1690 1405 1698 1419 ‚
1728 1378 1761 1412 8<
1778 1377 1859 1412 ideo
1873 1386 1948 1410 tota
1976 1378 2122 1411 materia
2146 1388 2265 1413 mora-

1318 1427 1405 1461 lium
1422 1428 1599 1464 virtutum
1614 1455 1625 1471 ‚
1650 1429 1716 1465 sub
1730 1440 1799 1464 una
1822 1427 1961 1463 ratione
1984 1426 2184 1474 prudentia:
2206 1439 2266 1463 ca-

1324 1477 1374 1512 dit
1391 1503 1401 1513 .

1419 1527 1581 1563 Contra:
1609 1528 1724 1564 Sicuti
1742 1526 1885 1562 scientia
1899 1526 2124 1564 Geometriae
2142 1529 2185 1564 ab
2196 1530 2268 1565 ob-

1319 1577 1414 1623 je&o
1427 1577 1565 1614 formali
1592 1579 1723 1626 accipit
1753 1577 1904 1623 speciem
1936 1577 1968 1612 3<
2000 1578 2173 1614 unitatem
2187 1605 2196 1620 ‚
2227 1581 2262 1615 8<

1322 1627 1464 1664 seientia
1479 1629 1648 1664 naturalis
1662 1629 1816 1664 similiter
1832 1651 1844 1670 ‚
1865 1628 1912 1662 ita
1941 1628 2115 1673 qnoniam
2137 1641 2260 1664 earum

1320 1678 1546 1714 scientiarum
1575 1677 1719 1724 objeeta
1752 1677 1796 1712 ad
1823 1678 1973 1713 invice-n
2001 1688 2164 1714 connexa
2192 1692 2260 1715 non

1321 1728 1400 1764 sunt
1413 1756 1424 1770 ,
1453 1726 1528 1763 fieri
1546 1727 1660 1776 potest
1674 1752 1687 1771 ‚
1710 1739 1749 1763 ut
1766 1728 1849 1776 quis
1863 1726 2033 1774 praeditus
2053 1728 2090 1762 fit
2116 1727 2262 1765 scientia

1320 1778 1564 1819 Geometriae‚
1592 1779 1626 1813 8(
1657 1790 1729 1814 non
1758 1778 1911 1814 naturali
1938 1802 1948 1812 .
1976 1778 2091 1826 Atqui
2121 1781 2265 1825 fingulae

1321 1829 1474 1863 morales
1489 1828 1644 1863 virtutes
1661 1840 1680 1862 a
1693 1828 1850 1874 propriis
1875 1825 2029 1871 orjsetis
2057 1828 2268 1867 formalibus

1321 1879 1502 1925 accipiunt
1522 1877 1673 1924 speciem
1700 1878 1734 1914 8<
1761 1878 1936 1913 unitatem
1952 1903 1964 1920 ,
1987 1888 2102 1926 eaque
2123 1878 2270 1926 objefia

1323 1940 1394 1964 non
1411 1941 1443 1976 pl
1455 1926 1639 1964 oeseferunt
1656 1941 1730 1965 eam
1747 1929 2011 1965 connexionem
2028 1956 2041 1972 ,
2070 1939 2112 1964 ut
2138 1942 2273 1967 occur·

1323 1989 1424 2014 rente
1436 1990 1510 2013 uno
1524 1978 1566 2014 de
1582 1978 1782 2015 necessitate
1795 1980 2016 2017 obiiciantur
2029 1981 2060 2015 8(
2076 1980 2160 2023 alia,
2172 1982 2272 2016 circa.

1321 2042 1403 2077 quse
1422 2028 1605 2066 versantur
1621 2031 1775 2066 virtutes
1793 2028 1852 2066 seu
1869 2030 1962 2066 resta
1983 2030 2112 2068 eleffio
2142 2032 2274 2067 volun·

1322 2082 1408 2116 tatis
1428 2094 1436 2116 :
1455 2081 1527 2115 imo
1538 2081 1703 2127 quodam
1722 2094 1791 2118 una
1811 2079 1996 2118 subsistere
2008 2093 2080 2117 non
2111 2080 2272 2129 possunt,

1320 2131 1471 2168 utisunt
1489 2130 1675 2177 objectum
1694 2132 1918 2177 virginitatis
1938 2159 1948 2174 ,
1991 2133 2024 2168 ἃ
2040 2132 2271 2168 continentiae

1322 2180 1526 2228 conjugalis
1554 2195 1567 2224 ς
1598 2184 1823 2219 liberalitatis
1843 2209 1852 2225 ‚
1880 2185 1908 2220 8<
1936 2182 2152 2219 voluntariae
2180 2194 2271 2229 pau-

1320 2232 1470 2281 pertatis
1486 2260 1495 2275 ‚
1519 2234 1553 2269 8<
1583 2234 1746 2281 qutedam
1762 2234 1860 2276 alia;
1890 2245 1977 2278 ergo
2004 2233 2106 2269 sicuti
2144 2234 2270 2268 incon-

1322 2296 1422 2320 nexae
1436 2282 1514 2319 sunt
1532 2285 1684 2320 virtutes
1699 2285 1978 2326 intelleetuales,
2012 2285 2064 2319 ita
2088 2283 2123 2320 &
2156 2294 2273 2319 mora.

1323 2336 1374 2370 les
1389 2359 1400 2373 ,

1423 2384 1565 2420 Deinde
1580 2411 1588 2426 ,
1610 2386 1779 2432 quamvis
1793 2384 1965 2431 pastiones
1977 2395 2102 2421 omncs
2116 2383 2160 2420 de
2172 2396 2272 2422 amo-

1321 2448 1358 2472 re
1373 2436 1431 2472 vei
1450 2435 1536 2470 odio
1562 2434 1858 2482 proficiscantur,
1885 2447 1993 2483 atque
2020 2435 2064 2469 ad
2093 2436 2199 2478 illas,
2229 2447 2268 2472 ut

1321 2487 1363 2522 ad
1377 2488 1549 2532 principia
1567 2487 1778 2522 ordinentur
1793 2513 1802 2527 ,
1831 2496 1989 2522 attamen
2005 2485 2150 2521 habitus
2168 2512 2178 2527 ‚
2193 2497 2270 2533 quo

1319 2537 1506 2572 ordinatur
1521 2535 1808 2581 concupiscibilis
1828 2548 1872 2572 ne
1897 2536 2129 2572 immoderate
2157 2548 2271 2585 appe-

1320 2599 1371 2623 tat
1388 2615 1399 2630 ‚
1426 2586 1482 2622 sed
1497 2586 1600 2630 juxta
1612 2587 1789 2622 dietamen
1810 2588 1957 2623 rationis
1974 2586 2077 2622 reftae
2102 2598 2172 2621 non
2205 2600 2270 2623 ne-

1321 2636 1597 2674 celsariosecum
1615 2637 1769 2683 postulat
1784 2637 1947 2673 habitum
1966 2663 1976 2678 ‚
2002 2648 2078 2683 quo
2093 2638 2182 2673 bene
2197 2637 2267 2673 dis-

1321 2687 1668 2737 poniturirascibilis
1686 2714 1697 2730 ,
1724 2700 1766 2723 ne
1783 2688 2015 2723 immoderate
2042 2688 2128 2723 velit
2154 2687 2269 2724 offen-

1319 2741 1408 2776 dens
1436 2739 1771 2786 propellere·Nam
1797 2737 2070 2785 concupiscenti
2101 2738 2269 2777 ordinate

1321 2788 1630 2834 concupiscibile,
1659 2790 1798 2825 nullum
1828 2786 2013 2825 offendens
2048 2800 2267 2829 occurrere,

1320 2840 1435 2889 potest
1454 2853 1462 2875 :
1481 2852 1565 2885 ergo
1580 2851 1625 2874 ex
1643 2838 1768 2875 ordine
1794 2838 1991 2887 passionum
2023 2839 2066 2874 ad
2094 2853 2268 2885 amorem,

1321 2894 1354 2928 8<
1373 2891 1494 2927 odium
1510 2901 1582 2926 non
1605 2890 1838 2927 concluditur
1870 2890 2050 2926 connexio
2076 2894 2267 2929 moralium

1321 2943 1498 2978 virtutum
1519 2966 1529 2979 μ

1426 2993 1593 3037 Denique
1607 2991 1705 3039 quod
1721 2991 1857 3027 dicitur
1875 2991 2059 3026 materiam
2087 3003 2267 3028 omnem..

1320 3045 1508 3080 moralium
1532 3043 1708 3077 virtutum
1739 3041 1864 3076 cadere
1887 3041 1951 3076 sub
1978 3053 2084 3076 unam
2110 3043 2267 3089 pruden-

1320 3095 1406 3130 tiam
1425 3120 1436 3136 ‚
1463 3104 1501 3127 ac
1521 3104 1703 3139 propterea
1715 3091 1782 3127 effe
1795 3102 1976 3127 connexas
1991 3091 2102 3126 rastas
2121 3092 2267 3129 eit-5130-

1323 3157 1384 3182 nes
1401 3146 1495 3180 circa
1512 3141 1653 3188 objcffla
1669 3143 1844 3177 virtutum
1868 3154 1875 3176 :
1895 3141 1981 3176 nihil
2001 3140 2048 3175 est
2064 3168 2072 3177 ,
2098 3154 2136 3178 ut
2166 3153 2265 3187 patet

1323 3207 1368 3232 ex
1385 3193 1608 3240 diffiss'upra
1623 3190 1709 3238 &q-
1728 3204 1786 3235 50.
1805 3199 1873 3227 ort.
1899 3203 1923 3225 ι.
1945 3192 1980 3227 in
1995 3191 2170 3228 inridenti
2203 3193 2264 3228 nist

1325 3245 1550 3291 intelligatur
1565 3244 1607 3278 de
1624 3242 1812 3289 prudentia
1832 3242 2006 3277 intensive
2021 3267 2031 3283 ‚
2058 3243 2089 3278 8<
2110 3244 2267 3279 extensi-

1324 3309 1369 3332 ve
1388 3294 1542 3342 perfet‘sta
1557 3319 1565 3327 .
1578 3292 1646 3329 Sed
1665 3290 1735 3338 jam
1751 3291 1969 3327 ostendimus
1985 3291 2146 3329 habitum
2165 3293 2265 3330 incli-

1325 3356 1468 3382 nantem
1483 3343 1527 3378 ad
1539 3343 1728 3390 eleEtionhcs
1747 3341 1857 3377 reetas
1875 3344 1970 3377 circa
1986 3355 2018 3378 m
2033 3345 2168 3379 iterium
2193 3344 2265 3379 fur-

1326 3394 1493 3432 titudinis
1512 3421 1523 3437 ,
1545 3406 1615 3429 non
1645 3393 1823 3438 postulare
1850 3392 1943 3428 hanc
1971 3394 2194 3440 prudentiam
2225 3405 2264 3430 ut

1326 3447 1444 3483 restus
1460 3445 1499 3480 fit
1512 3469 1525 3488 ‚
1547 3444 1602 3480 sed
1620 3443 1698 3483 satis
1711 3444 1778 3479 else
1793 3444 2018 3490 prudentiam
2033 3444 2264 3492 quandam-s,

1326 3509 1452 3544 nempe
1466 3497 1654 3531 militarem
1672 3520 1682 3535 ,
1707 3506 1779 3541 qua
1799 3493 1960 3530 instruat
1978 3495 2100 3532 Duces
2128 3494 2268 3530 exerci-

1329 3559 1432 3583 tuum
1451 3573 1462 3588 ,
1486 3546 1721 3591 reueeligant
1751 3556 1931 3581 momenta
1959 3558 2162 3593 temporum
2195 3546 2270 3581 bel-

1330 3598 1402 3632 lum
1422 3595 1650 3631 commitendi
1667 3620 1680 3640 ‚
1699 3595 1789 3632 adeo
1801 3607 1839 3632 ut
1857 3597 1988 3634 exinde
2003 3597 2187 3633 vietoriam
2216 3607 2271 3633 re·

1329 3657 1469 3696 portent
1486 3671 1495 3680 .

1432 3697 1489 3732 Ad
1510 3693 1708 3732 secundum
1724 3698 1770 3732 ita
1784 3697 2016 3745 respondetur
2040 3710 2050 3734 t
2074 3709 2112 3733 ea
2131 3696 2269 3742 adquae

1333 3747 1501 3783 inclinant
1516 3747 1667 3782 virtutes
1686 3747 1851 3789 morales,
1867 3746 1900 3783 se
1911 3746 2041 3785 habent
2055 3748 2097 3784 ad
2110 3747 2269 3796 pruden-

2133 3808 2220 3832 tiam

2303 855 2329 884 S.
2339 854 2450 884 Tliom.
2459 855 2504 884 bic

2302 895 2370 928 §Ad
2377 894 2507 925 tertium.

2300 1596 2434 1629 Praeclare
2445 1599 2503 1629 haec

2299 1643 2315 1662 a
2344 1636 2362 1662 Ρ
2374 1640 2450 1666 ›ncio
2471 1641 2501 1668 δε

2298 1672 2448 1713 νᾶἷᾳυυίῖο

2297 1717 2513 1749 pennantur

2297 1753 2348 1782 loc·
2362 1755 2412 1784 “l-t·
