<?xml version="1.0" encoding="UTF-8"?>
<!DOCTYPE html PUBLIC "-//W3C//DTD XHTML 1.0 Transitional//EN"
    "http://www.w3.org/TR/xhtml1/DTD/xhtml1-transitional.dtd">
<html xmlns="http://www.w3.org/1999/xhtml" xml:lang="en" lang="en">
 <head>
  <title>
</title>
<meta http-equiv="Content-Type" content="text/html;charset=utf-8" />
  <meta name='ocr-system' content='tesseract 3.04.00' />
  <meta name='ocr-capabilities' content='ocr_page ocr_carea ocr_par ocr_line ocrx_word'/>
</head>
<body>
  <div class='ocr_page' id='page_1' title='image "./joannisdunsscoti03duns_0020.png"; bbox 0 0 2456 3949; ppageno 0'>
   <div class='ocr_carea' id='block_1_1' title="bbox 198 119 1531 173">
    <p class='ocr_par' dir='ltr' id='par_1_1' title="bbox 198 119 1531 173">
     <span class='ocr_line' id='line_1_1' title="bbox 198 119 1531 173; baseline -0.002 -1"><span class='ocrx_word' id='word_1_1' title='bbox 198 137 250 172; x_wconf 67' lang='grc' dir='ltr'>κε·</span> <span class='ocrx_word' id='word_1_2' title='bbox 268 140 285 169; x_wconf 87' lang='lat'>1</span> <span class='ocrx_word' id='word_1_3' title='bbox 808 122 951 173; x_wconf 73' lang='lat' dir='ltr'>Index</span> <span class='ocrx_word' id='word_1_4' title='bbox 966 119 1120 173; x_wconf 73' lang='lat' dir='ltr'>Prima</span> <span class='ocrx_word' id='word_1_5' title='bbox 1133 120 1332 171; x_wconf 77' lang='lat' dir='ltr'>Secundae</span> <span class='ocrx_word' id='word_1_6' title='bbox 1350 122 1531 169; x_wconf 63' lang='lat' dir='ltr'>Summe</span> 
     </span>
    </p>
   </div>
   <div class='ocr_carea' id='block_1_2' title="bbox 199 189 1121 291">
    <p class='ocr_par' dir='ltr' id='par_1_2' title="bbox 199 189 1121 291">
     <span class='ocr_line' id='line_1_2' title="bbox 381 189 930 241; baseline 0 -13"><span class='ocrx_word' id='word_1_7' title='bbox 381 189 778 241; x_wconf 68' lang='lat' dir='ltr'>QUAESTto</span> <span class='ocrx_word' id='word_1_8' title='bbox 824 192 930 229; x_wconf 80' lang='lat' dir='ltr'>CVl.</span> 
     </span>
     <span class='ocr_line' id='line_1_3' title="bbox 199 239 1121 291; baseline 0.002 -15"><span class='ocrx_word' id='word_1_9' title='bbox 199 242 259 276; x_wconf 86' lang='lat' dir='ltr'>De</span> <span class='ocrx_word' id='word_1_10' title='bbox 272 241 345 289; x_wconf 75' lang='lat' dir='ltr'>Iege</span> <span class='ocrx_word' id='word_1_11' title='bbox 360 255 450 278; x_wconf 69' lang='lat' dir='ltr'>nova</span> <span class='ocrx_word' id='word_1_12' title='bbox 465 269 477 284; x_wconf 91' lang='lat'>‚</span> <span class='ocrx_word' id='word_1_13' title='bbox 493 240 634 287; x_wconf 71' lang='lat' dir='ltr'>scilicet</span> <span class='ocrx_word' id='word_1_14' title='bbox 650 239 1095 291; x_wconf 66' lang='lat' dir='ltr'>Evangeliisbcundumse</span> <span class='ocrx_word' id='word_1_15' title='bbox 1110 267 1121 278; x_wconf 86' lang='lat'><strong>.</strong></span> 
     </span>
    </p>
   </div>
   <div class='ocr_carea' id='block_1_3' title="bbox 130 290 1182 592">
    <p class='ocr_par' dir='ltr' id='par_1_3' title="bbox 130 290 1182 583">
     <span class='ocr_line' id='line_1_4' title="bbox 137 290 1182 339; baseline 0.002 -13"><span class='ocrx_word' id='word_1_16' title='bbox 137 302 168 326; x_wconf 79' lang='grc'>1.</span> <span class='ocrx_word' id='word_1_17' title='bbox 197 294 330 328; x_wconf 86' lang='lat' dir='ltr'>Vtrum</span> <span class='ocrx_word' id='word_1_18' title='bbox 346 294 510 331; x_wconf 84' lang='lat' dir='ltr'>lexnova</span> <span class='ocrx_word' id='word_1_19' title='bbox 528 292 567 327; x_wconf 66' lang='lat' dir='ltr'>fit</span> <span class='ocrx_word' id='word_1_20' title='bbox 586 291 715 339; x_wconf 86' lang='lat' dir='ltr'>scripta</span> <span class='ocrx_word' id='word_1_21' title='bbox 734 321 747 337; x_wconf 84' lang='lat'>,</span> <span class='ocrx_word' id='word_1_22' title='bbox 763 297 822 332; x_wconf 86' lang='lat' dir='ltr'>vel</span> <span class='ocrx_word' id='word_1_23' title='bbox 837 293 950 329; x_wconf 85' lang='lat' dir='ltr'>indita</span> <span class='ocrx_word' id='word_1_24' title='bbox 967 318 977 328; x_wconf 94' lang='lat'>.</span> <span class='ocrx_word' id='word_1_25' title='bbox 1095 290 1182 339; x_wconf 68' lang='lat'>376.</span> 
     </span>
     <span class='ocr_line' id='line_1_5' title="bbox 131 341 1180 389; baseline -0.002 -12"><span class='ocrx_word' id='word_1_26' title='bbox 131 352 167 377; x_wconf 83' lang='grc'>2.</span> <span class='ocrx_word' id='word_1_27' title='bbox 196 343 329 379; x_wconf 90' lang='lat' dir='ltr'>Vtrum</span> <span class='ocrx_word' id='word_1_28' title='bbox 348 345 404 382; x_wconf 84' lang='lat' dir='ltr'>lex</span> <span class='ocrx_word' id='word_1_29' title='bbox 422 355 515 380; x_wconf 85' lang='lat' dir='ltr'>nova</span> <span class='ocrx_word' id='word_1_30' title='bbox 531 341 732 389; x_wconf 86' lang='lat' dir='ltr'>justificet.</span> <span class='ocrx_word' id='word_1_31' title='bbox 1094 352 1180 389; x_wconf 85' lang='lat'><em>377.</em></span> 
     </span>
     <span class='ocr_line' id='line_1_6' title="bbox 130 391 1180 452; baseline 0.001 -25"><span class='ocrx_word' id='word_1_32' title='bbox 130 402 164 437; x_wconf 86' lang='lat'>3.</span> <span class='ocrx_word' id='word_1_33' title='bbox 189 391 325 452; x_wconf 60' lang='lat' dir='ltr'>Vtrum</span> <span class='ocrx_word' id='word_1_34' title='bbox 355 396 413 432; x_wconf 80' lang='lat' dir='ltr'>lex</span> <span class='ocrx_word' id='word_1_35' title='bbox 425 405 521 429; x_wconf 67' lang='lat' dir='ltr'>nova</span> <span class='ocrx_word' id='word_1_36' title='bbox 545 393 713 430; x_wconf 80' lang='lat' dir='ltr'>debuerit</span> <span class='ocrx_word' id='word_1_37' title='bbox 741 395 823 432; x_wconf 69' lang='lat' dir='ltr'>dari</span> <span class='ocrx_word' id='word_1_38' title='bbox 838 392 1050 442; x_wconf 73' lang='lat' dir='ltr'>azprincipio</span> <span class='ocrx_word' id='word_1_39' title='bbox 1074 403 1180 428; x_wconf 85' lang='lat' dir='ltr'>mun-</span> 
     </span>
     <span class='ocr_line' id='line_1_7' title="bbox 131 443 1180 583; baseline -0.002 -53"><span class='ocrx_word' id='word_1_40' title='bbox 131 506 167 540; x_wconf 86' lang='lat'>4.</span> <span class='ocrx_word' id='word_1_41' title='bbox 192 443 398 583; x_wconf 43' lang='grc' dir='ltr'>νΞι-ἶᾷωῑεκ</span> <span class='ocrx_word' id='word_1_42' title='bbox 415 506 511 532; x_wconf 76' lang='lat' dir='ltr'>nova</span> <span class='ocrx_word' id='word_1_43' title='bbox 519 494 560 530; x_wconf 75' lang='lat' dir='ltr'>stt</span> <span class='ocrx_word' id='word_1_44' title='bbox 576 492 759 532; x_wconf 83' lang='lat' dir='ltr'>duratura</span> <span class='ocrx_word' id='word_1_45' title='bbox 769 494 884 545; x_wconf 86' lang='lat' dir='ltr'>usque</span> <span class='ocrx_word' id='word_1_46' title='bbox 902 494 945 530; x_wconf 86' lang='lat' dir='ltr'>ad</span> <span class='ocrx_word' id='word_1_47' title='bbox 959 492 1064 532; x_wconf 79' lang='lat' dir='ltr'>finem</span> <span class='ocrx_word' id='word_1_48' title='bbox 1075 453 1180 579; x_wconf 54' lang='lat' dir='ltr'>aig}-</span> 
     </span>
    </p>

    <p class='ocr_par' dir='ltr' id='par_1_4' title="bbox 258 554 1173 592">
     <span class='ocr_line' id='line_1_8' title="bbox 258 554 1173 592; baseline -0.003 -9"><span class='ocrx_word' id='word_1_49' title='bbox 258 562 292 584; x_wconf 83' lang='lat'>1.</span> <span class='ocrx_word' id='word_1_50' title='bbox 1092 554 1136 592; x_wconf 84' lang='lat'>37</span> <span class='ocrx_word' id='word_1_51' title='bbox 1165 570 1173 580; x_wconf 85' lang='lat'><strong>.</strong></span> 
     </span>
    </p>
   </div>
   <div class='ocr_carea' id='block_1_4' title="bbox 261 644 1056 746">
    <p class='ocr_par' dir='ltr' id='par_1_5' title="bbox 261 644 1056 746">
     <span class='ocr_line' id='line_1_9' title="bbox 381 644 946 697; baseline 0 -17"><span class='ocrx_word' id='word_1_52' title='bbox 381 647 478 697; x_wconf 70' lang='lat' dir='ltr'>QV</span> <span class='ocrx_word' id='word_1_53' title='bbox 499 645 562 680; x_wconf 83' lang='grc' dir='ltr'>ΑΕ</span> <span class='ocrx_word' id='word_1_54' title='bbox 588 645 613 682; x_wconf 89' lang='lat' dir='ltr'><strong>S</strong></span> <span class='ocrx_word' id='word_1_55' title='bbox 634 646 669 680; x_wconf 92' lang='lat' dir='ltr'>T</span> <span class='ocrx_word' id='word_1_56' title='bbox 696 646 773 681; x_wconf 82' lang='lat'>10</span> <span class='ocrx_word' id='word_1_57' title='bbox 822 644 946 682; x_wconf 77' lang='lat' dir='ltr'>CVII.</span> 
     </span>
     <span class='ocr_line' id='line_1_10' title="bbox 261 694 1056 746; baseline 0 -13"><span class='ocrx_word' id='word_1_58' title='bbox 261 698 321 733; x_wconf 90' lang='lat' dir='ltr'>De</span> <span class='ocrx_word' id='word_1_59' title='bbox 339 698 597 746; x_wconf 72' lang='lat' dir='ltr'>comparatione</span> <span class='ocrx_word' id='word_1_60' title='bbox 608 694 694 742; x_wconf 70' lang='lat' dir='ltr'>legis</span> <span class='ocrx_word' id='word_1_61' title='bbox 708 707 804 731; x_wconf 77' lang='lat' dir='ltr'>novae</span> <span class='ocrx_word' id='word_1_62' title='bbox 816 695 866 731; x_wconf 79' lang='lat' dir='ltr'>ad</span> <span class='ocrx_word' id='word_1_63' title='bbox 876 704 1034 733; x_wconf 73' lang='lat' dir='ltr'>veterem</span> <span class='ocrx_word' id='word_1_64' title='bbox 1045 722 1056 734; x_wconf 91' lang='lat'><strong>.</strong></span> 
     </span>
    </p>
   </div>
   <div class='ocr_carea' id='block_1_5' title="bbox 133 742 1181 946">
    <p class='ocr_par' dir='ltr' id='par_1_6' title="bbox 133 742 1181 946">
     <span class='ocr_line' id='line_1_11' title="bbox 143 742 1178 794; baseline -0.001 -10"><span class='ocrx_word' id='word_1_65' title='bbox 143 761 173 784; x_wconf 80' lang='grc' dir='ltr'>ι.</span> <span class='ocrx_word' id='word_1_66' title='bbox 195 742 326 784; x_wconf 75' lang='lat' dir='ltr'>Vtrum</span> <span class='ocrx_word' id='word_1_67' title='bbox 342 750 400 784; x_wconf 81' lang='lat' dir='ltr'>lex</span> <span class='ocrx_word' id='word_1_68' title='bbox 416 757 509 782; x_wconf 82' lang='lat' dir='ltr'>nova</span> <span class='ocrx_word' id='word_1_69' title='bbox 526 744 565 780; x_wconf 76' lang='lat' dir='ltr'>fit</span> <span class='ocrx_word' id='word_1_70' title='bbox 582 747 652 781; x_wconf 85' lang='lat' dir='ltr'>alia</span> <span class='ocrx_word' id='word_1_71' title='bbox 670 759 687 781; x_wconf 86' lang='lat' dir='ltr'>a</span> <span class='ocrx_word' id='word_1_72' title='bbox 705 746 781 792; x_wconf 84' lang='lat' dir='ltr'>iege</span> <span class='ocrx_word' id='word_1_73' title='bbox 795 747 937 784; x_wconf 81' lang='lat' dir='ltr'>veteri.</span> <span class='ocrx_word' id='word_1_74' title='bbox 1092 744 1178 794; x_wconf 84' lang='lat'><strong>378.</strong></span> 
     </span>
     <span class='ocr_line' id='line_1_12' title="bbox 134 796 1177 846; baseline 0 -13"><span class='ocrx_word' id='word_1_75' title='bbox 134 809 166 835; x_wconf 82' lang='lat' dir='ltr'>a.</span> <span class='ocrx_word' id='word_1_76' title='bbox 196 799 329 835; x_wconf 85' lang='lat' dir='ltr'>Vtrum</span> <span class='ocrx_word' id='word_1_77' title='bbox 344 800 400 834; x_wconf 80' lang='lat' dir='ltr'>lex</span> <span class='ocrx_word' id='word_1_78' title='bbox 419 807 512 832; x_wconf 79' lang='lat' dir='ltr'>nova</span> <span class='ocrx_word' id='word_1_79' title='bbox 526 806 679 833; x_wconf 87' lang='lat' dir='ltr'>veterem</span> <span class='ocrx_word' id='word_1_80' title='bbox 697 796 865 843; x_wconf 73' lang='lat' dir='ltr'>impteat.</span> <span class='ocrx_word' id='word_1_81' title='bbox 1095 807 1177 846; x_wconf 82' lang='lat'>379.</span> 
     </span>
     <span class='ocr_line' id='line_1_13' title="bbox 139 845 1180 896; baseline -0.005 -12"><span class='ocrx_word' id='word_1_82' title='bbox 139 859 175 894; x_wconf 79' lang='grc'>3.</span> <span class='ocrx_word' id='word_1_83' title='bbox 195 847 329 884; x_wconf 85' lang='lat' dir='ltr'>Vtrum</span> <span class='ocrx_word' id='word_1_84' title='bbox 342 848 566 884; x_wconf 82' lang='lat' dir='ltr'>contineatur</span> <span class='ocrx_word' id='word_1_85' title='bbox 581 846 620 881; x_wconf 83' lang='lat' dir='ltr'>in</span> <span class='ocrx_word' id='word_1_86' title='bbox 631 845 771 883; x_wconf 78' lang='lat' dir='ltr'>veteri.</span> <span class='ocrx_word' id='word_1_87' title='bbox 1092 859 1180 896; x_wconf 79' lang='lat'>379,</span> 
     </span>
     <span class='ocr_line' id='line_1_14' title="bbox 133 896 1181 946; baseline 0.003 -13"><span class='ocrx_word' id='word_1_88' title='bbox 133 912 171 942; x_wconf 77' lang='grc'>4.</span> <span class='ocrx_word' id='word_1_89' title='bbox 196 898 328 936; x_wconf 87' lang='lat' dir='ltr'>Vtrum</span> <span class='ocrx_word' id='word_1_90' title='bbox 346 899 405 934; x_wconf 83' lang='lat' dir='ltr'>lex</span> <span class='ocrx_word' id='word_1_91' title='bbox 422 907 513 932; x_wconf 85' lang='lat' dir='ltr'>nova</span> <span class='ocrx_word' id='word_1_92' title='bbox 528 922 541 937; x_wconf 94' lang='lat'>,</span> <span class='ocrx_word' id='word_1_93' title='bbox 555 898 610 934; x_wconf 86' lang='lat' dir='ltr'>vei</span> <span class='ocrx_word' id='word_1_94' title='bbox 623 907 729 934; x_wconf 75' lang='lat' dir='ltr'>vetus</span> <span class='ocrx_word' id='word_1_95' title='bbox 747 896 942 945; x_wconf 68' lang='lat' dir='ltr'>sttgravior</span> <span class='ocrx_word' id='word_1_96' title='bbox 953 924 966 937; x_wconf 84' lang='lat'><strong>.</strong></span> <span class='ocrx_word' id='word_1_97' title='bbox 1093 908 1181 946; x_wconf 78' lang='lat'>379.</span> 
     </span>
    </p>
   </div>
   <div class='ocr_carea' id='block_1_6' title="bbox 139 996 1180 1148">
    <p class='ocr_par' dir='ltr' id='par_1_7' title="bbox 139 996 1180 1148">
     <span class='ocr_line' id='line_1_15' title="bbox 336 996 946 1045; baseline 0.002 -11"><span class='ocrx_word' id='word_1_98' title='bbox 336 998 452 1045; x_wconf 76' lang='lat' dir='ltr'>,Qv</span> <span class='ocrx_word' id='word_1_99' title='bbox 482 996 542 1033; x_wconf 78' lang='grc' dir='ltr'>ΑΕ</span> <span class='ocrx_word' id='word_1_100' title='bbox 566 997 647 1034; x_wconf 78' lang='lat' dir='ltr'>s&#39;r</span> <span class='ocrx_word' id='word_1_101' title='bbox 677 997 752 1032; x_wconf 84' lang='lat'>10</span> <span class='ocrx_word' id='word_1_102' title='bbox 801 997 946 1035; x_wconf 83' lang='lat' dir='ltr'>cvm.</span> 
     </span>
     <span class='ocr_line' id='line_1_16' title="bbox 285 1046 1015 1096; baseline 0.001 -12"><span class='ocrx_word' id='word_1_103' title='bbox 285 1047 414 1085; x_wconf 61' lang='lat' dir='ltr'>Dabis</span> <span class='ocrx_word' id='word_1_104' title='bbox 428 1058 503 1096; x_wconf 78' lang='lat' dir='ltr'>quae</span> <span class='ocrx_word' id='word_1_105' title='bbox 517 1049 740 1084; x_wconf 74' lang='lat' dir='ltr'>continentur</span> <span class='ocrx_word' id='word_1_106' title='bbox 756 1048 793 1084; x_wconf 77' lang='lat' dir='ltr'>in</span> <span class='ocrx_word' id='word_1_107' title='bbox 809 1046 883 1094; x_wconf 84' lang='lat' dir='ltr'>lege</span> <span class='ocrx_word' id='word_1_108' title='bbox 898 1059 990 1085; x_wconf 80' lang='lat' dir='ltr'>nova</span> <span class='ocrx_word' id='word_1_109' title='bbox 1003 1074 1015 1085; x_wconf 83' lang='lat'><strong>.</strong></span> 
     </span>
     <span class='ocr_line' id='line_1_17' title="bbox 139 1095 1180 1148; baseline 0.002 -15"><span class='ocrx_word' id='word_1_110' title='bbox 139 1107 171 1134; x_wconf 83' lang='lat' dir='ltr'>t.</span> <span class='ocrx_word' id='word_1_111' title='bbox 193 1095 326 1136; x_wconf 80' lang='lat' dir='ltr'>Vtrum</span> <span class='ocrx_word' id='word_1_112' title='bbox 343 1101 405 1137; x_wconf 69' lang='lat' dir='ltr'>lex</span> <span class='ocrx_word' id='word_1_113' title='bbox 412 1108 504 1134; x_wconf 82' lang='lat' dir='ltr'>nova</span> <span class='ocrx_word' id='word_1_114' title='bbox 518 1097 646 1134; x_wconf 83' lang='lat' dir='ltr'>debeat</span> <span class='ocrx_word' id='word_1_115' title='bbox 656 1099 773 1145; x_wconf 84' lang='lat' dir='ltr'>aliqua</span> <span class='ocrx_word' id='word_1_116' title='bbox 786 1110 896 1146; x_wconf 84' lang='lat' dir='ltr'>opera</span> <span class='ocrx_word' id='word_1_117' title='bbox 907 1098 1180 1148; x_wconf 78' lang='lat' dir='ltr'>exterioraprae-</span> 
     </span>
    </p>
   </div>
   <div class='ocr_carea' id='block_1_7' title="bbox 135 1147 1183 1500">
    <p class='ocr_par' dir='ltr' id='par_1_8' title="bbox 135 1147 1183 1500">
     <span class='ocr_line' id='line_1_18' title="bbox 233 1147 1177 1196; baseline 0 -11"><span class='ocrx_word' id='word_1_118' title='bbox 233 1149 349 1196; x_wconf 79' lang='lat' dir='ltr'>cipere</span> <span class='ocrx_word' id='word_1_119' title='bbox 368 1176 380 1193; x_wconf 91' lang='lat'><strong>,</strong></span> <span class='ocrx_word' id='word_1_120' title='bbox 402 1149 458 1184; x_wconf 82' lang='lat' dir='ltr'>ve}</span> <span class='ocrx_word' id='word_1_121' title='bbox 472 1147 681 1193; x_wconf 81' lang='lat' dir='ltr'>prohibere.</span> <span class='ocrx_word' id='word_1_122' title='bbox 1094 1150 1177 1195; x_wconf 86' lang='lat'>382.</span> 
     </span>
     <span class='ocr_line' id='line_1_19' title="bbox 135 1195 1182 1237; baseline -0.001 -2"><span class='ocrx_word' id='word_1_123' title='bbox 135 1211 174 1237; x_wconf 83' lang='lat'>2.</span> <span class='ocrx_word' id='word_1_124' title='bbox 198 1195 328 1236; x_wconf 77' lang='lat' dir='ltr'>Vtrum</span> <span class='ocrx_word' id='word_1_125' title='bbox 344 1201 397 1236; x_wconf 82' lang='lat' dir='ltr'>lex</span> <span class='ocrx_word' id='word_1_126' title='bbox 413 1209 504 1235; x_wconf 84' lang='lat' dir='ltr'>nova</span> <span class='ocrx_word' id='word_1_127' title='bbox 518 1197 728 1234; x_wconf 79' lang='lat' dir='ltr'>sufficienter</span> <span class='ocrx_word' id='word_1_128' title='bbox 749 1199 946 1236; x_wconf 82' lang='lat' dir='ltr'>exteriores</span> <span class='ocrx_word' id='word_1_129' title='bbox 959 1197 1061 1236; x_wconf 60' lang='lat' dir='ltr'>aetus</span> <span class='ocrx_word' id='word_1_130' title='bbox 1083 1199 1182 1235; x_wconf 89' lang='lat' dir='ltr'>ordi-</span> 
     </span>
     <span class='ocr_line' id='line_1_20' title="bbox 237 1249 1182 1295; baseline 0.001 -10"><span class='ocrx_word' id='word_1_131' title='bbox 237 1251 376 1285; x_wconf 87' lang='lat' dir='ltr'>naverit</span> <span class='ocrx_word' id='word_1_132' title='bbox 392 1275 401 1284; x_wconf 93' lang='lat'>.</span> <span class='ocrx_word' id='word_1_133' title='bbox 1091 1249 1182 1295; x_wconf 81' lang='grc'><strong>382.</strong></span> 
     </span>
     <span class='ocr_line' id='line_1_21' title="bbox 136 1297 1179 1348; baseline -0.002 -11"><span class='ocrx_word' id='word_1_134' title='bbox 136 1313 170 1348; x_wconf 79' lang='lat'>3.</span> <span class='ocrx_word' id='word_1_135' title='bbox 191 1300 324 1337; x_wconf 83' lang='lat' dir='ltr'>Vtrum</span> <span class='ocrx_word' id='word_1_136' title='bbox 337 1298 589 1334; x_wconf 85' lang='lat' dir='ltr'>convenienter</span> <span class='ocrx_word' id='word_1_137' title='bbox 613 1297 770 1334; x_wconf 77' lang='lat' dir='ltr'>instituat</span> <span class='ocrx_word' id='word_1_138' title='bbox 781 1297 945 1336; x_wconf 84' lang='lat' dir='ltr'>homines</span> <span class='ocrx_word' id='word_1_139' title='bbox 966 1309 1179 1347; x_wconf 57' lang='lat' dir='ltr'>quantum„</span> 
     </span>
     <span class='ocr_line' id='line_1_22' title="bbox 235 1347 1178 1398; baseline -0.007 -13"><span class='ocrx_word' id='word_1_140' title='bbox 235 1350 279 1385; x_wconf 88' lang='lat' dir='ltr'>ad</span> <span class='ocrx_word' id='word_1_141' title='bbox 294 1350 394 1385; x_wconf 66' lang='lat' dir='ltr'>aGtus</span> <span class='ocrx_word' id='word_1_142' title='bbox 411 1347 603 1383; x_wconf 79' lang='lat' dir='ltr'>exteriores</span> <span class='ocrx_word' id='word_1_143' title='bbox 614 1373 623 1383; x_wconf 88' lang='lat'>.</span> <span class='ocrx_word' id='word_1_144' title='bbox 1095 1349 1178 1398; x_wconf 80' lang='lat'>383,</span> 
     </span>
     <span class='ocr_line' id='line_1_23' title="bbox 143 1397 1183 1448; baseline -0.003 -11"><span class='ocrx_word' id='word_1_145' title='bbox 143 1413 181 1448; x_wconf 86' lang='lat'>4.</span> <span class='ocrx_word' id='word_1_146' title='bbox 201 1402 337 1437; x_wconf 88' lang='lat' dir='ltr'>Vtrum</span> <span class='ocrx_word' id='word_1_147' title='bbox 365 1398 620 1434; x_wconf 87' lang='lat' dir='ltr'>convenienter</span> <span class='ocrx_word' id='word_1_148' title='bbox 645 1397 860 1447; x_wconf 73' lang='lat' dir='ltr'>superaddat</span> <span class='ocrx_word' id='word_1_149' title='bbox 884 1398 1029 1435; x_wconf 69' lang='lat' dir='ltr'>consilia</span> <span class='ocrx_word' id='word_1_150' title='bbox 1050 1410 1183 1447; x_wconf 79' lang='lat' dir='ltr'>praece-</span> 
     </span>
     <span class='ocr_line' id='line_1_24' title="bbox 235 1450 1181 1500; baseline 0 -15"><span class='ocrx_word' id='word_1_151' title='bbox 235 1451 306 1500; x_wconf 84' lang='lat' dir='ltr'>ptis</span> <span class='ocrx_word' id='word_1_152' title='bbox 319 1474 328 1485; x_wconf 89' lang='lat'><strong>.</strong></span> <span class='ocrx_word' id='word_1_153' title='bbox 1095 1450 1181 1498; x_wconf 85' lang='lat'>383.</span> 
     </span>
    </p>
   </div>
   <div class='ocr_carea' id='block_1_8' title="bbox 385 1545 933 1597">
    <p class='ocr_par' dir='ltr' id='par_1_9' title="bbox 385 1545 933 1597">
     <span class='ocr_line' id='line_1_25' title="bbox 385 1545 933 1597; baseline 0 -14"><span class='ocrx_word' id='word_1_154' title='bbox 385 1545 775 1597; x_wconf 67' lang='lat' dir='ltr'>QuffisTio</span> <span class='ocrx_word' id='word_1_155' title='bbox 825 1548 933 1584; x_wconf 74' lang='lat' dir='ltr'>cix.</span> 
     </span>
    </p>
   </div>
   <div class='ocr_carea' id='block_1_9' title="bbox 146 1598 1182 1743">
    <p class='ocr_par' dir='ltr' id='par_1_10' title="bbox 146 1598 1182 1743">
     <span class='ocr_line' id='line_1_26' title="bbox 249 1598 1071 1647; baseline -0.002 -12"><span class='ocrx_word' id='word_1_156' title='bbox 249 1602 308 1639; x_wconf 88' lang='lat' dir='ltr'>De</span> <span class='ocrx_word' id='word_1_157' title='bbox 321 1600 490 1647; x_wconf 74' lang='lat' dir='ltr'>principio</span> <span class='ocrx_word' id='word_1_158' title='bbox 504 1600 675 1634; x_wconf 76' lang='lat' dir='ltr'>exteriori</span> <span class='ocrx_word' id='word_1_159' title='bbox 690 1598 925 1633; x_wconf 78' lang='lat' dir='ltr'>humanorum</span> <span class='ocrx_word' id='word_1_160' title='bbox 933 1598 1048 1633; x_wconf 65' lang='lat' dir='ltr'>offam</span> <span class='ocrx_word' id='word_1_161' title='bbox 1057 1624 1071 1640; x_wconf 93' lang='lat'><strong><em>,</em></strong></span> 
     </span>
     <span class='ocr_line' id='line_1_27' title="bbox 428 1646 876 1693; baseline 0.002 -13"><span class='ocrx_word' id='word_1_162' title='bbox 428 1646 571 1693; x_wconf 82' lang='lat' dir='ltr'>scilicet</span> <span class='ocrx_word' id='word_1_163' title='bbox 585 1646 628 1680; x_wconf 82' lang='lat' dir='ltr'>de</span> <span class='ocrx_word' id='word_1_164' title='bbox 633 1649 758 1692; x_wconf 79' lang='lat' dir='ltr'>gratia</span> <span class='ocrx_word' id='word_1_165' title='bbox 775 1646 857 1681; x_wconf 77' lang='lat' dir='ltr'>‘Det&#39;</span> <span class='ocrx_word' id='word_1_166' title='bbox 867 1672 876 1681; x_wconf 88' lang='lat'><em>.</em></span> 
     </span>
     <span class='ocr_line' id='line_1_28' title="bbox 146 1695 1182 1743; baseline -0.004 -8"><span class='ocrx_word' id='word_1_167' title='bbox 146 1715 177 1740; x_wconf 83' lang='lat' dir='ltr'>t·</span> <span class='ocrx_word' id='word_1_168' title='bbox 203 1701 337 1738; x_wconf 87' lang='lat' dir='ltr'>Vtrum</span> <span class='ocrx_word' id='word_1_169' title='bbox 352 1696 462 1732; x_wconf 82' lang='lat' dir='ltr'>homo</span> <span class='ocrx_word' id='word_1_170' title='bbox 475 1696 543 1732; x_wconf 84' lang='lat' dir='ltr'>sme</span> <span class='ocrx_word' id='word_1_171' title='bbox 555 1698 668 1743; x_wconf 79' lang='lat' dir='ltr'>gratia</span> <span class='ocrx_word' id='word_1_172' title='bbox 680 1695 818 1741; x_wconf 75' lang='lat' dir='ltr'>aliquid</span> <span class='ocrx_word' id='word_1_173' title='bbox 831 1708 954 1732; x_wconf 75' lang='lat' dir='ltr'>verum</span> <span class='ocrx_word' id='word_1_174' title='bbox 967 1696 1182 1742; x_wconf 86' lang='lat' dir='ltr'>cognoscere</span> 
     </span>
    </p>
   </div>
   <div class='ocr_carea' id='block_1_10' title="bbox 137 1746 1184 2449">
    <p class='ocr_par' dir='ltr' id='par_1_11' title="bbox 260 1746 1181 1784">
     <span class='ocr_line' id='line_1_29' title="bbox 260 1746 1181 1784; baseline -0.003 0"><span class='ocrx_word' id='word_1_175' title='bbox 260 1749 356 1784; x_wconf 80' lang='lat' dir='ltr'>offit.</span> <span class='ocrx_word' id='word_1_176' title='bbox 1121 1746 1139 1781; x_wconf 88' lang='lat'>8</span> <span class='ocrx_word' id='word_1_177' title='bbox 1171 1771 1181 1781; x_wconf 88' lang='lat'><strong>.</strong></span> 
     </span>
    </p>

    <p class='ocr_par' dir='ltr' id='par_1_12' title="bbox 137 1756 1183 1892">
     <span class='ocr_line' id='line_1_30' title="bbox 137 1756 1183 1843; baseline -0.006 -7"><span class='ocrx_word' id='word_1_178' title='bbox 137 1813 172 1838; x_wconf 87' lang='lat'>2.</span> <span class='ocrx_word' id='word_1_179' title='bbox 201 1763 338 1837; x_wconf 48' lang='lat' dir='ltr'>Vrt‘rum</span> <span class='ocrx_word' id='word_1_180' title='bbox 351 1794 485 1841; x_wconf 78' lang='lat' dir='ltr'>absque</span> <span class='ocrx_word' id='word_1_181' title='bbox 499 1793 614 1839; x_wconf 73' lang='lat' dir='ltr'>gratia</span> <span class='ocrx_word' id='word_1_182' title='bbox 627 1794 694 1831; x_wconf 92' lang='lat' dir='ltr'>Dei</span> <span class='ocrx_word' id='word_1_183' title='bbox 708 1792 811 1842; x_wconf 83' lang='lat' dir='ltr'>poflit</span> <span class='ocrx_word' id='word_1_184' title='bbox 826 1793 941 1830; x_wconf 83' lang='lat' dir='ltr'>homo</span> <span class='ocrx_word' id='word_1_185' title='bbox 952 1756 1183 1843; x_wconf 50' lang='lat' dir='ltr'>aliquod3bd-</span> 
     </span>
     <span class='ocr_line' id='line_1_31' title="bbox 236 1844 1181 1892; baseline -0.004 -7"><span class='ocrx_word' id='word_1_186' title='bbox 236 1860 323 1884; x_wconf 78' lang='lat' dir='ltr'>num</span> <span class='ocrx_word' id='word_1_187' title='bbox 335 1847 448 1882; x_wconf 84' lang='lat' dir='ltr'>facere</span> <span class='ocrx_word' id='word_1_188' title='bbox 466 1870 476 1886; x_wconf 96' lang='lat'><strong><em>,</em></strong></span> <span class='ocrx_word' id='word_1_189' title='bbox 489 1844 544 1878; x_wconf 80' lang='lat' dir='ltr'>vel</span> <span class='ocrx_word' id='word_1_190' title='bbox 560 1844 657 1879; x_wconf 80' lang='lat' dir='ltr'>veile</span> <span class='ocrx_word' id='word_1_191' title='bbox 668 1870 679 1880; x_wconf 87' lang='lat'><strong>.</strong></span> <span class='ocrx_word' id='word_1_192' title='bbox 1095 1844 1181 1892; x_wconf 84' lang='lat'>386.</span> 
     </span>
    </p>

    <p class='ocr_par' dir='ltr' id='par_1_13' title="bbox 142 1890 1184 1992">
     <span class='ocr_line' id='line_1_32' title="bbox 142 1890 1183 1950; baseline -0.005 -14"><span class='ocrx_word' id='word_1_193' title='bbox 142 1912 175 1950; x_wconf 89' lang='lat'>3.</span> <span class='ocrx_word' id='word_1_194' title='bbox 202 1890 337 1936; x_wconf 79' lang='lat' dir='ltr'>Vtrum</span> <span class='ocrx_word' id='word_1_195' title='bbox 362 1897 472 1931; x_wconf 82' lang='lat' dir='ltr'>homo</span> <span class='ocrx_word' id='word_1_196' title='bbox 501 1891 633 1941; x_wconf 82' lang='lat' dir='ltr'>absque</span> <span class='ocrx_word' id='word_1_197' title='bbox 659 1894 775 1941; x_wconf 85' lang='lat' dir='ltr'>gratia</span> <span class='ocrx_word' id='word_1_198' title='bbox 801 1893 902 1942; x_wconf 82' lang='lat' dir='ltr'>poffit</span> <span class='ocrx_word' id='word_1_199' title='bbox 929 1893 1050 1932; x_wconf 90' lang='lat' dir='ltr'>Deum</span> <span class='ocrx_word' id='word_1_200' title='bbox 1076 1895 1183 1942; x_wconf 88' lang='lat' dir='ltr'>super</span> 
     </span>
     <span class='ocr_line' id='line_1_33' title="bbox 239 1946 1184 1992; baseline -0.002 -9"><span class='ocrx_word' id='word_1_201' title='bbox 239 1948 363 1985; x_wconf 84' lang='lat' dir='ltr'>omnia</span> <span class='ocrx_word' id='word_1_202' title='bbox 373 1946 541 1991; x_wconf 78' lang='lat' dir='ltr'>diligere·</span> <span class='ocrx_word' id='word_1_203' title='bbox 1098 1947 1184 1992; x_wconf 85' lang='lat'><em>387.</em></span> 
     </span>
    </p>

    <p class='ocr_par' dir='ltr' id='par_1_14' title="bbox 138 1992 1182 2096">
     <span class='ocr_line' id='line_1_34' title="bbox 138 1992 1182 2048; baseline -0.005 -13"><span class='ocrx_word' id='word_1_204' title='bbox 138 2013 178 2048; x_wconf 72' lang='lat'>4,</span> <span class='ocrx_word' id='word_1_205' title='bbox 202 1998 337 2036; x_wconf 87' lang='lat' dir='ltr'>Vtrum</span> <span class='ocrx_word' id='word_1_206' title='bbox 348 1996 460 2032; x_wconf 80' lang='lat' dir='ltr'>homo</span> <span class='ocrx_word' id='word_1_207' title='bbox 477 1994 609 2042; x_wconf 86' lang='lat' dir='ltr'>absque</span> <span class='ocrx_word' id='word_1_208' title='bbox 626 1992 739 2039; x_wconf 77' lang='lat' dir='ltr'>gratia</span> <span class='ocrx_word' id='word_1_209' title='bbox 754 2005 818 2041; x_wconf 78' lang='lat' dir='ltr'>per</span> <span class='ocrx_word' id='word_1_210' title='bbox 830 1993 895 2031; x_wconf 71' lang='lat' dir='ltr'>sua</span> <span class='ocrx_word' id='word_1_211' title='bbox 907 1997 1083 2033; x_wconf 73' lang='lat' dir='ltr'>naturalia</span> <span class='ocrx_word' id='word_1_212' title='bbox 1100 1994 1182 2043; x_wconf 89' lang='lat' dir='ltr'>pos-</span> 
     </span>
     <span class='ocr_line' id='line_1_35' title="bbox 237 2043 1182 2096; baseline -0.006 -13"><span class='ocrx_word' id='word_1_213' title='bbox 237 2048 274 2083; x_wconf 77' lang='lat' dir='ltr'>sit</span> <span class='ocrx_word' id='word_1_214' title='bbox 288 2058 462 2096; x_wconf 79' lang='lat' dir='ltr'>praecepta</span> <span class='ocrx_word' id='word_1_215' title='bbox 475 2045 562 2091; x_wconf 86' lang='lat' dir='ltr'>legis</span> <span class='ocrx_word' id='word_1_216' title='bbox 576 2043 766 2082; x_wconf 78' lang='lat' dir='ltr'>observare</span> <span class='ocrx_word' id='word_1_217' title='bbox 779 2070 791 2080; x_wconf 93' lang='lat'><strong>.</strong></span> <span class='ocrx_word' id='word_1_218' title='bbox 1096 2046 1182 2093; x_wconf 87' lang='lat'>388.</span> 
     </span>
    </p>

    <p class='ocr_par' dir='ltr' id='par_1_15' title="bbox 144 2093 1183 2192">
     <span class='ocr_line' id='line_1_36' title="bbox 144 2093 1183 2147; baseline -0.002 -13"><span class='ocrx_word' id='word_1_219' title='bbox 144 2112 176 2147; x_wconf 81' lang='grc' dir='ltr'><strong>ς.</strong></span> <span class='ocrx_word' id='word_1_220' title='bbox 205 2101 336 2137; x_wconf 85' lang='lat' dir='ltr'>Vtrum</span> <span class='ocrx_word' id='word_1_221' title='bbox 348 2097 458 2133; x_wconf 87' lang='lat' dir='ltr'>homo</span> <span class='ocrx_word' id='word_1_222' title='bbox 474 2095 607 2143; x_wconf 87' lang='lat' dir='ltr'>absque</span> <span class='ocrx_word' id='word_1_223' title='bbox 625 2094 737 2141; x_wconf 83' lang='lat' dir='ltr'>gratia</span> <span class='ocrx_word' id='word_1_224' title='bbox 765 2093 868 2141; x_wconf 80' lang='lat' dir='ltr'>poffit</span> <span class='ocrx_word' id='word_1_225' title='bbox 883 2097 1010 2132; x_wconf 80' lang='lat' dir='ltr'>mereri</span> <span class='ocrx_word' id='word_1_226' title='bbox 1037 2097 1183 2132; x_wconf 63' lang='lat' dir='ltr'>vitam-³</span> 
     </span>
     <span class='ocr_line' id='line_1_37' title="bbox 236 2145 1181 2192; baseline -0.003 -8"><span class='ocrx_word' id='word_1_227' title='bbox 236 2159 400 2185; x_wconf 77' lang='lat' dir='ltr'>aeternam</span> <span class='ocrx_word' id='word_1_228' title='bbox 418 2171 427 2181; x_wconf 85' lang='lat'><strong>.</strong></span> <span class='ocrx_word' id='word_1_229' title='bbox 1096 2145 1181 2192; x_wconf 87' lang='lat'>388.</span> 
     </span>
    </p>

    <p class='ocr_par' dir='ltr' id='par_1_16' title="bbox 142 2193 1181 2295">
     <span class='ocr_line' id='line_1_38' title="bbox 142 2193 1181 2248; baseline -0.006 -11"><span class='ocrx_word' id='word_1_230' title='bbox 142 2200 178 2237; x_wconf 89' lang='grc'>6.</span> <span class='ocrx_word' id='word_1_231' title='bbox 204 2201 338 2237; x_wconf 84' lang='lat' dir='ltr'>Vtrum</span> <span class='ocrx_word' id='word_1_232' title='bbox 357 2198 468 2232; x_wconf 87' lang='lat' dir='ltr'>homo</span> <span class='ocrx_word' id='word_1_233' title='bbox 482 2195 583 2244; x_wconf 84' lang='lat' dir='ltr'>poflit</span> <span class='ocrx_word' id='word_1_234' title='bbox 600 2193 637 2232; x_wconf 79' lang='lat' dir='ltr'>se</span> <span class='ocrx_word' id='word_1_235' title='bbox 648 2194 692 2231; x_wconf 84' lang='lat' dir='ltr'>ad</span> <span class='ocrx_word' id='word_1_236' title='bbox 706 2197 857 2242; x_wconf 74' lang='lat' dir='ltr'>gratiam</span> <span class='ocrx_word' id='word_1_237' title='bbox 871 2208 1064 2245; x_wconf 63' lang='lat' dir='ltr'>preparare</span> <span class='ocrx_word' id='word_1_238' title='bbox 1080 2197 1181 2248; x_wconf 73' lang='lat' dir='ltr'>fine...</span> 
     </span>
     <span class='ocr_line' id='line_1_39' title="bbox 237 2258 1181 2295; baseline -0.001 -11"><span class='ocrx_word' id='word_1_239' title='bbox 237 2259 375 2295; x_wconf 75' lang='lat' dir='ltr'>gratia.</span> <span class='ocrx_word' id='word_1_240' title='bbox 1096 2258 1181 2294; x_wconf 84' lang='lat'>390.</span> 
     </span>
    </p>

    <p class='ocr_par' dir='ltr' id='par_1_17' title="bbox 147 2295 1181 2392">
     <span class='ocr_line' id='line_1_40' title="bbox 147 2295 1181 2347; baseline 0.001 -13"><span class='ocrx_word' id='word_1_241' title='bbox 147 2311 182 2347; x_wconf 90' lang='lat'>7.</span> <span class='ocrx_word' id='word_1_242' title='bbox 210 2301 342 2337; x_wconf 87' lang='lat' dir='ltr'>Vtrum</span> <span class='ocrx_word' id='word_1_243' title='bbox 371 2295 502 2343; x_wconf 85' lang='lat' dir='ltr'>absque</span> <span class='ocrx_word' id='word_1_244' title='bbox 529 2298 643 2341; x_wconf 81' lang='lat' dir='ltr'>gratia</span> <span class='ocrx_word' id='word_1_245' title='bbox 659 2296 761 2345; x_wconf 78' lang='lat' dir='ltr'>poffit</span> <span class='ocrx_word' id='word_1_246' title='bbox 787 2297 897 2334; x_wconf 77' lang='lat' dir='ltr'>homo</span> <span class='ocrx_word' id='word_1_247' title='bbox 922 2296 1102 2344; x_wconf 87' lang='lat' dir='ltr'>resurgere</span> <span class='ocrx_word' id='word_1_248' title='bbox 1132 2311 1181 2335; x_wconf 62' lang='lat' dir='ltr'>a..</span> 
     </span>
     <span class='ocr_line' id='line_1_41' title="bbox 292 2359 1181 2392; baseline 0.001 -7"><span class='ocrx_word' id='word_1_249' title='bbox 292 2359 396 2385; x_wconf 71' lang='lat' dir='ltr'>ccato</span> <span class='ocrx_word' id='word_1_250' title='bbox 411 2372 421 2381; x_wconf 83' lang='lat'>.</span> <span class='ocrx_word' id='word_1_251' title='bbox 1095 2360 1181 2392; x_wconf 69' lang='lat'>⁴92·</span> 
     </span>
    </p>

    <p class='ocr_par' dir='ltr' id='par_1_18' title="bbox 141 2362 1182 2449">
     <span class='ocr_line' id='line_1_42' title="bbox 141 2362 1182 2449; baseline -0.005 -9"><span class='ocrx_word' id='word_1_252' title='bbox 141 2405 176 2440; x_wconf 85' lang='grc'>8.</span> <span class='ocrx_word' id='word_1_253' title='bbox 202 2362 335 2439; x_wconf 52' lang='grc' dir='ltr'>νιῐιῖῗητι</span> <span class='ocrx_word' id='word_1_254' title='bbox 364 2396 496 2444; x_wconf 83' lang='lat' dir='ltr'>absque</span> <span class='ocrx_word' id='word_1_255' title='bbox 523 2397 636 2443; x_wconf 82' lang='lat' dir='ltr'>gratia</span> <span class='ocrx_word' id='word_1_256' title='bbox 649 2397 750 2446; x_wconf 83' lang='lat' dir='ltr'>posiit</span> <span class='ocrx_word' id='word_1_257' title='bbox 777 2398 886 2434; x_wconf 84' lang='lat' dir='ltr'>homo</span> <span class='ocrx_word' id='word_1_258' title='bbox 913 2398 1026 2435; x_wconf 87' lang='lat' dir='ltr'>vitare</span> <span class='ocrx_word' id='word_1_259' title='bbox 1055 2375 1182 2449; x_wconf 42' lang='lat' dir='ltr'>pecca·</span> 
     </span>
    </p>
   </div>
   <div class='ocr_carea' id='block_1_11' title="bbox 142 2460 1183 2702">
    <p class='ocr_par' dir='ltr' id='par_1_19' title="bbox 142 2460 1183 2702">
     <span class='ocr_line' id='line_1_43' title="bbox 243 2460 1179 2495; baseline 0 -9"><span class='ocrx_word' id='word_1_260' title='bbox 243 2462 317 2486; x_wconf 82' lang='lat' dir='ltr'>tum</span> <span class='ocrx_word' id='word_1_261' title='bbox 336 2473 346 2484; x_wconf 87' lang='lat'><strong>.</strong></span> <span class='ocrx_word' id='word_1_262' title='bbox 1094 2461 1110 2495; x_wconf 87' lang='lat'>3</span> <span class='ocrx_word' id='word_1_263' title='bbox 1143 2460 1179 2486; x_wconf 79' lang='grc'>2.</span> 
     </span>
     <span class='ocr_line' id='line_1_44' title="bbox 142 2462 1181 2549; baseline 0 -12"><span class='ocrx_word' id='word_1_264' title='bbox 142 2517 178 2549; x_wconf 89' lang='lat'>9.</span> <span class='ocrx_word' id='word_1_265' title='bbox 206 2503 337 2539; x_wconf 83' lang='lat' dir='ltr'>Vtrum</span> <span class='ocrx_word' id='word_1_266' title='bbox 351 2499 459 2533; x_wconf 81' lang='lat' dir='ltr'>homo</span> <span class='ocrx_word' id='word_1_267' title='bbox 472 2496 620 2543; x_wconf 78' lang='lat' dir='ltr'>gratiam</span> <span class='ocrx_word' id='word_1_268' title='bbox 634 2497 847 2535; x_wconf 84' lang='lat' dir='ltr'>consecutus</span> <span class='ocrx_word' id='word_1_269' title='bbox 866 2527 875 2541; x_wconf 92' lang='lat'><em>‚</em></span> <span class='ocrx_word' id='word_1_270' title='bbox 893 2498 991 2547; x_wconf 76' lang='lat' dir='ltr'>poflit</span> <span class='ocrx_word' id='word_1_271' title='bbox 1016 2462 1181 2547; x_wconf 54' lang='lat' dir='ltr'>absqu92,</span> 
     </span>
     <span class='ocr_line' id='line_1_45' title="bbox 239 2547 1183 2599; baseline 0.003 -14"><span class='ocrx_word' id='word_1_272' title='bbox 239 2552 310 2586; x_wconf 85' lang='lat' dir='ltr'>aiio</span> <span class='ocrx_word' id='word_1_273' title='bbox 322 2549 443 2584; x_wconf 72' lang='lat' dir='ltr'>divino</span> <span class='ocrx_word' id='word_1_274' title='bbox 453 2548 589 2584; x_wconf 79' lang='lat' dir='ltr'>auxilio</span> <span class='ocrx_word' id='word_1_275' title='bbox 601 2547 733 2585; x_wconf 81' lang='lat' dir='ltr'>bonum</span> <span class='ocrx_word' id='word_1_276' title='bbox 763 2549 876 2587; x_wconf 82' lang='lat' dir='ltr'>facete</span> <span class='ocrx_word' id='word_1_277' title='bbox 890 2575 903 2596; x_wconf 89' lang='lat'><strong>,</strong></span> <span class='ocrx_word' id='word_1_278' title='bbox 930 2552 964 2588; x_wconf 74' lang='lat'>8&lt;</span> <span class='ocrx_word' id='word_1_279' title='bbox 977 2552 1087 2587; x_wconf 83' lang='lat' dir='ltr'>vitare</span> <span class='ocrx_word' id='word_1_280' title='bbox 1099 2563 1183 2599; x_wconf 86' lang='lat' dir='ltr'>pec-</span> 
     </span>
     <span class='ocr_line' id='line_1_46' title="bbox 243 2611 1179 2651; baseline 0.003 -15"><span class='ocrx_word' id='word_1_281' title='bbox 243 2611 362 2636; x_wconf 71' lang='lat' dir='ltr'>catum</span> <span class='ocrx_word' id='word_1_282' title='bbox 380 2623 389 2633; x_wconf 84' lang='lat'><strong>·</strong></span> <span class='ocrx_word' id='word_1_283' title='bbox 1095 2611 1179 2651; x_wconf 83' lang='lat'>395.</span> 
     </span>
     <span class='ocr_line' id='line_1_47' title="bbox 149 2647 1183 2702; baseline -0.002 -13"><span class='ocrx_word' id='word_1_284' title='bbox 149 2665 203 2690; x_wconf 83' lang='lat'>10.</span> <span class='ocrx_word' id='word_1_285' title='bbox 231 2652 365 2688; x_wconf 84' lang='lat' dir='ltr'>Vtrum</span> <span class='ocrx_word' id='word_1_286' title='bbox 403 2647 502 2697; x_wconf 83' lang='lat' dir='ltr'>poffit</span> <span class='ocrx_word' id='word_1_287' title='bbox 539 2647 761 2696; x_wconf 80' lang='lat' dir='ltr'>perseverare</span> <span class='ocrx_word' id='word_1_288' title='bbox 797 2650 832 2685; x_wconf 84' lang='lat' dir='ltr'>in</span> <span class='ocrx_word' id='word_1_289' title='bbox 850 2651 947 2687; x_wconf 87' lang='lat' dir='ltr'>bono</span> <span class='ocrx_word' id='word_1_290' title='bbox 981 2663 1041 2701; x_wconf 84' lang='lat' dir='ltr'>per</span> <span class='ocrx_word' id='word_1_291' title='bbox 1093 2651 1183 2702; x_wconf 85' lang='lat' dir='ltr'>seip-</span> 
     </span>
    </p>
   </div>
   <div class='ocr_carea' id='block_1_12' title="bbox 242 2701 1182 2849">
    <p class='ocr_par' dir='ltr' id='par_1_20' title="bbox 242 2701 1182 2849">
     <span class='ocr_line' id='line_1_48' title="bbox 242 2701 1182 2752; baseline -0.001 -16"><span class='ocrx_word' id='word_1_292' title='bbox 242 2701 339 2738; x_wconf 88' lang='lat' dir='ltr'>sum.</span> <span class='ocrx_word' id='word_1_293' title='bbox 1098 2714 1182 2752; x_wconf 79' lang='lat'>395,</span> 
     </span>
     <span class='ocr_line' id='line_1_49' title="bbox 394 2795 927 2849; baseline 0.013 -18"><span class='ocrx_word' id='word_1_294' title='bbox 394 2795 498 2849; x_wconf 66' lang='lat' dir='ltr'>QU</span> <span class='ocrx_word' id='word_1_295' title='bbox 526 2799 570 2835; x_wconf 73' lang='grc' dir='ltr'>ΛΞ</span> <span class='ocrx_word' id='word_1_296' title='bbox 597 2798 621 2835; x_wconf 82' lang='lat' dir='ltr'>S</span> <span class='ocrx_word' id='word_1_297' title='bbox 647 2799 683 2834; x_wconf 88' lang='lat' dir='ltr'>T</span> <span class='ocrx_word' id='word_1_298' title='bbox 712 2798 724 2833; x_wconf 89' lang='lat' dir='ltr'>l</span> <span class='ocrx_word' id='word_1_299' title='bbox 751 2800 789 2836; x_wconf 89' lang='lat' dir='ltr'>O</span> <span class='ocrx_word' id='word_1_300' title='bbox 838 2801 927 2838; x_wconf 58' lang='lat' dir='ltr'>CX.</span> 
     </span>
    </p>
   </div>
   <div class='ocr_carea' id='block_1_13' title="bbox 145 2849 1184 3054">
    <p class='ocr_par' dir='ltr' id='par_1_21' title="bbox 145 2849 1184 3054">
     <span class='ocr_line' id='line_1_50' title="bbox 246 2849 1068 2900; baseline 0.006 -15"><span class='ocrx_word' id='word_1_301' title='bbox 246 2856 302 2892; x_wconf 84' lang='lat' dir='ltr'>De</span> <span class='ocrx_word' id='word_1_302' title='bbox 309 2853 432 2900; x_wconf 80' lang='lat' dir='ltr'>gratia</span> <span class='ocrx_word' id='word_1_303' title='bbox 447 2850 521 2885; x_wconf 83' lang='lat' dir='ltr'>Dei</span> <span class='ocrx_word' id='word_1_304' title='bbox 535 2860 707 2896; x_wconf 83' lang='lat' dir='ltr'>quantum</span> <span class='ocrx_word' id='word_1_305' title='bbox 721 2849 769 2884; x_wconf 84' lang='lat' dir='ltr'>ad</span> <span class='ocrx_word' id='word_1_306' title='bbox 778 2849 853 2887; x_wconf 82' lang='lat' dir='ltr'>eius</span> <span class='ocrx_word' id='word_1_307' title='bbox 866 2851 1043 2897; x_wconf 61' lang='lat' dir='ltr'>‹effi-mian}</span> <span class='ocrx_word' id='word_1_308' title='bbox 1058 2879 1068 2891; x_wconf 89' lang='lat'>.</span> 
     </span>
     <span class='ocr_line' id='line_1_51' title="bbox 151 2899 1183 2951; baseline 0.005 -16"><span class='ocrx_word' id='word_1_309' title='bbox 151 2923 179 2945; x_wconf 66' lang='lat'>¹,</span> <span class='ocrx_word' id='word_1_310' title='bbox 209 2909 336 2946; x_wconf 60' lang='lat' dir='ltr'>Vnum</span> <span class='ocrx_word' id='word_1_311' title='bbox 350 2903 460 2950; x_wconf 80' lang='lat' dir='ltr'>gratia</span> <span class='ocrx_word' id='word_1_312' title='bbox 473 2909 582 2948; x_wconf 86' lang='lat' dir='ltr'>ponat</span> <span class='ocrx_word' id='word_1_313' title='bbox 595 2899 728 2946; x_wconf 87' lang='lat' dir='ltr'>aliquid</span> <span class='ocrx_word' id='word_1_314' title='bbox 741 2900 776 2935; x_wconf 89' lang='lat' dir='ltr'>in</span> <span class='ocrx_word' id='word_1_315' title='bbox 788 2902 903 2938; x_wconf 73' lang='lat' dir='ltr'>anima</span> <span class='ocrx_word' id='word_1_316' title='bbox 918 2928 928 2938; x_wconf 87' lang='grc'>.</span> <span class='ocrx_word' id='word_1_317' title='bbox 1097 2904 1183 2951; x_wconf 84' lang='grc'><strong>396.</strong></span> 
     </span>
     <span class='ocr_line' id='line_1_52' title="bbox 146 2950 1183 3002; baseline -0.003 -8"><span class='ocrx_word' id='word_1_318' title='bbox 146 2969 183 2994; x_wconf 89' lang='grc'>2.</span> <span class='ocrx_word' id='word_1_319' title='bbox 211 2951 341 2992; x_wconf 83' lang='lat' dir='ltr'>Vtru‘m</span> <span class='ocrx_word' id='word_1_320' title='bbox 358 2952 471 2999; x_wconf 83' lang='lat' dir='ltr'>gratia</span> <span class='ocrx_word' id='word_1_321' title='bbox 488 2950 526 2986; x_wconf 80' lang='lat' dir='ltr'>fit</span> <span class='ocrx_word' id='word_1_322' title='bbox 541 2951 695 2996; x_wconf 82' lang='lat' dir='ltr'>qualitas</span> <span class='ocrx_word' id='word_1_323' title='bbox 711 2950 835 2987; x_wconf 80' lang='lat' dir='ltr'>animae</span> <span class='ocrx_word' id='word_1_324' title='bbox 852 2977 861 2987; x_wconf 91' lang='lat'><strong>.</strong></span> <span class='ocrx_word' id='word_1_325' title='bbox 1099 2955 1183 3002; x_wconf 87' lang='lat'><strong>398.</strong></span> 
     </span>
     <span class='ocr_line' id='line_1_53' title="bbox 145 2999 1184 3054; baseline 0.004 -18"><span class='ocrx_word' id='word_1_326' title='bbox 145 3019 181 3054; x_wconf 77' lang='lat'>3,</span> <span class='ocrx_word' id='word_1_327' title='bbox 208 3007 340 3043; x_wconf 65' lang='lat' dir='ltr'>Vtrum</span> <span class='ocrx_word' id='word_1_328' title='bbox 359 3002 471 3049; x_wconf 85' lang='lat' dir='ltr'>gratia</span> <span class='ocrx_word' id='word_1_329' title='bbox 486 3001 524 3036; x_wconf 74' lang='lat' dir='ltr'>fit</span> <span class='ocrx_word' id='word_1_330' title='bbox 540 3000 632 3034; x_wconf 88' lang='lat' dir='ltr'>idem</span> <span class='ocrx_word' id='word_1_331' title='bbox 648 3027 656 3040; x_wconf 83' lang='grc'>,</span> <span class='ocrx_word' id='word_1_332' title='bbox 672 2999 769 3047; x_wconf 90' lang='lat' dir='ltr'>quod</span> <span class='ocrx_word' id='word_1_333' title='bbox 786 3003 906 3037; x_wconf 84' lang='lat' dir='ltr'>virtus</span> <span class='ocrx_word' id='word_1_334' title='bbox 921 3027 930 3036; x_wconf 93' lang='lat'>.</span> <span class='ocrx_word' id='word_1_335' title='bbox 1101 3005 1184 3050; x_wconf 85' lang='lat'><em>398.</em></span> 
     </span>
    </p>
   </div>
   <div class='ocr_carea' id='block_1_14' title="bbox 146 3048 1185 3105">
    <p class='ocr_par' dir='ltr' id='par_1_22' title="bbox 146 3048 1185 3105">
     <span class='ocr_line' id='line_1_54' title="bbox 146 3048 1185 3105; baseline -0.001 -14"><span class='ocrx_word' id='word_1_336' title='bbox 146 3071 183 3105; x_wconf 76' lang='lat'>4.</span> <span class='ocrx_word' id='word_1_337' title='bbox 208 3057 339 3094; x_wconf 87' lang='lat' dir='ltr'>Vtrum</span> <span class='ocrx_word' id='word_1_338' title='bbox 352 3053 465 3100; x_wconf 81' lang='lat' dir='ltr'>gratia</span> <span class='ocrx_word' id='word_1_339' title='bbox 479 3051 517 3087; x_wconf 83' lang='lat' dir='ltr'>fit</span> <span class='ocrx_word' id='word_1_340' title='bbox 531 3049 565 3084; x_wconf 90' lang='lat' dir='ltr'>in</span> <span class='ocrx_word' id='word_1_341' title='bbox 597 3048 740 3087; x_wconf 80' lang='lat' dir='ltr'>effemia</span> <span class='ocrx_word' id='word_1_342' title='bbox 755 3053 879 3090; x_wconf 69' lang='lat' dir='ltr'>anima</span> <span class='ocrx_word' id='word_1_343' title='bbox 895 3053 983 3088; x_wconf 77' lang='lat' dir='ltr'>ficut</span> <span class='ocrx_word' id='word_1_344' title='bbox 1013 3052 1047 3089; x_wconf 90' lang='lat' dir='ltr'>in</span> <span class='ocrx_word' id='word_1_345' title='bbox 1064 3053 1185 3100; x_wconf 88' lang='lat' dir='ltr'>subje-</span> 
     </span>
    </p>
   </div>
   <div class='ocr_carea' id='block_1_15' title="bbox 243 3105 1183 3150">
    <p class='ocr_par' dir='ltr' id='par_1_23' title="bbox 243 3105 1183 3150">
     <span class='ocr_line' id='line_1_55' title="bbox 243 3105 1183 3150; baseline 0.001 -10"><span class='ocrx_word' id='word_1_346' title='bbox 243 3105 302 3141; x_wconf 65' lang='lat' dir='ltr'>&amp;o</span> <span class='ocrx_word' id='word_1_347' title='bbox 319 3126 329 3139; x_wconf 83' lang='lat'><strong>·</strong></span> <span class='ocrx_word' id='word_1_348' title='bbox 1097 3116 1183 3150; x_wconf 87' lang='lat'>400.</span> 
     </span>
    </p>
   </div>
   <div class='ocr_carea' id='block_1_16' title="bbox 151 3200 1182 3453">
    <p class='ocr_par' dir='ltr' id='par_1_24' title="bbox 151 3200 1182 3453">
     <span class='ocr_line' id='line_1_56' title="bbox 380 3200 958 3251; baseline 0.002 -13"><span class='ocrx_word' id='word_1_349' title='bbox 380 3200 794 3251; x_wconf 69' lang='lat' dir='ltr'>QUAEsTlo</span> <span class='ocrx_word' id='word_1_350' title='bbox 845 3201 958 3240; x_wconf 65' lang='lat' dir='ltr'>CXL</span> 
     </span>
     <span class='ocr_line' id='line_1_57' title="bbox 458 3252 861 3299; baseline -0.005 -11"><span class='ocrx_word' id='word_1_351' title='bbox 458 3252 516 3288; x_wconf 87' lang='lat' dir='ltr'>De</span> <span class='ocrx_word' id='word_1_352' title='bbox 531 3253 568 3285; x_wconf 70' lang='lat' dir='ltr'>ds·</span> <span class='ocrx_word' id='word_1_353' title='bbox 575 3253 701 3299; x_wconf 75' lang='lat' dir='ltr'>visione</span> <span class='ocrx_word' id='word_1_354' title='bbox 705 3254 837 3296; x_wconf 77' lang='lat' dir='ltr'>gratiae</span> <span class='ocrx_word' id='word_1_355' title='bbox 851 3276 861 3286; x_wconf 89' lang='lat'><strong>.</strong></span> 
     </span>
     <span class='ocr_line' id='line_1_58' title="bbox 156 3302 1182 3350; baseline -0.003 -7"><span class='ocrx_word' id='word_1_356' title='bbox 156 3321 183 3343; x_wconf 86' lang='lat'>1.</span> <span class='ocrx_word' id='word_1_357' title='bbox 213 3307 341 3342; x_wconf 84' lang='lat' dir='ltr'>Vtrum</span> <span class='ocrx_word' id='word_1_358' title='bbox 357 3303 468 3348; x_wconf 73' lang='lat' dir='ltr'>gratia</span> <span class='ocrx_word' id='word_1_359' title='bbox 484 3305 736 3338; x_wconf 86' lang='lat' dir='ltr'>convenienter</span> <span class='ocrx_word' id='word_1_360' title='bbox 753 3302 934 3338; x_wconf 80' lang='lat' dir='ltr'>dividatur</span> <span class='ocrx_word' id='word_1_361' title='bbox 949 3314 1011 3350; x_wconf 87' lang='lat' dir='ltr'>per</span> <span class='ocrx_word' id='word_1_362' title='bbox 1032 3303 1182 3348; x_wconf 80' lang='lat' dir='ltr'>gratiam</span> 
     </span>
     <span class='ocr_line' id='line_1_59' title="bbox 249 3352 1179 3400; baseline -0.001 -10"><span class='ocrx_word' id='word_1_363' title='bbox 249 3366 389 3400; x_wconf 76' lang='lat' dir='ltr'>gratum</span> <span class='ocrx_word' id='word_1_364' title='bbox 406 3352 606 3395; x_wconf 75' lang='lat' dir='ltr'>facientem,</span> <span class='ocrx_word' id='word_1_365' title='bbox 618 3353 651 3388; x_wconf 75' lang='lat'>8&lt;</span> <span class='ocrx_word' id='word_1_366' title='bbox 668 3353 817 3398; x_wconf 80' lang='lat' dir='ltr'>gratiam</span> <span class='ocrx_word' id='word_1_367' title='bbox 834 3354 944 3397; x_wconf 84' lang='lat' dir='ltr'>gratis</span> <span class='ocrx_word' id='word_1_368' title='bbox 961 3353 1179 3398; x_wconf 83' lang='lat' dir='ltr'>datam.402.</span> 
     </span>
     <span class='ocr_line' id='line_1_60' title="bbox 151 3403 1182 3453; baseline 0.001 -11"><span class='ocrx_word' id='word_1_369' title='bbox 151 3419 185 3445; x_wconf 79' lang='lat'>2.</span> <span class='ocrx_word' id='word_1_370' title='bbox 209 3407 343 3445; x_wconf 83' lang='lat' dir='ltr'>Vtrum</span> <span class='ocrx_word' id='word_1_371' title='bbox 353 3403 730 3452; x_wconf 72' lang='lat' dir='ltr'>gratiaconvenientet</span> <span class='ocrx_word' id='word_1_372' title='bbox 758 3403 938 3441; x_wconf 83' lang='lat' dir='ltr'>dividatur</span> <span class='ocrx_word' id='word_1_373' title='bbox 951 3415 1011 3451; x_wconf 87' lang='lat' dir='ltr'>per</span> <span class='ocrx_word' id='word_1_374' title='bbox 1032 3413 1182 3453; x_wconf 83' lang='lat' dir='ltr'>operan-</span> 
     </span>
    </p>
   </div>
   <div class='ocr_carea' id='block_1_17' title="bbox 1250 237 2306 286">
    <p class='ocr_par' dir='ltr' id='par_1_25' title="bbox 1250 237 2306 286">
     <span class='ocr_line' id='line_1_61' title="bbox 1250 237 2306 286; baseline -0.005 -10"><span class='ocrx_word' id='word_1_375' title='bbox 1250 250 1286 286; x_wconf 89' lang='grc'><strong>3.</strong></span> <span class='ocrx_word' id='word_1_376' title='bbox 1310 240 1443 277; x_wconf 77' lang='lat' dir='ltr'>&#39;Vtrum</span> <span class='ocrx_word' id='word_1_377' title='bbox 1460 239 1575 284; x_wconf 82' lang='lat' dir='ltr'>gratia</span> <span class='ocrx_word' id='word_1_378' title='bbox 1592 240 1848 275; x_wconf 87' lang='lat' dir='ltr'>convenienter</span> <span class='ocrx_word' id='word_1_379' title='bbox 1872 237 2056 274; x_wconf 71' lang='lat' dir='ltr'>divIdatur</span> <span class='ocrx_word' id='word_1_380' title='bbox 2081 240 2306 285; x_wconf 64' lang='lat' dir='ltr'>prevenien-</span> 
     </span>
    </p>
   </div>
   <div class='ocr_carea' id='block_1_18' title="bbox 1249 351 1274 386">
    <p class='ocr_par' dir='ltr' id='par_1_26' title="bbox 1249 351 1274 386">
     <span class='ocr_line' id='line_1_62' title="bbox 1249 351 1274 386; baseline 0 0"><span class='ocrx_word' id='word_1_381' title='bbox 1249 351 1274 386; x_wconf 86' lang='lat'><strong>4</strong></span> 
     </span>
    </p>
   </div>
   <div class='ocr_carea' id='block_1_19' title="bbox 1256 438 2305 487">
    <p class='ocr_par' dir='ltr' id='par_1_27' title="bbox 1256 438 2305 487">
     <span class='ocr_line' id='line_1_63' title="bbox 1256 438 2305 487; baseline 0 -13"><span class='ocrx_word' id='word_1_382' title='bbox 1256 448 1291 486; x_wconf 87' lang='grc' dir='ltr'>ς.</span> <span class='ocrx_word' id='word_1_383' title='bbox 1318 438 1451 478; x_wconf 90' lang='lat' dir='ltr'>Vtrum</span> <span class='ocrx_word' id='word_1_384' title='bbox 1470 441 1584 486; x_wconf 83' lang='lat' dir='ltr'>gratia</span> <span class='ocrx_word' id='word_1_385' title='bbox 1600 440 1716 486; x_wconf 85' lang='lat' dir='ltr'>gratis</span> <span class='ocrx_word' id='word_1_386' title='bbox 1730 439 1813 477; x_wconf 84' lang='lat' dir='ltr'>data</span> <span class='ocrx_word' id='word_1_387' title='bbox 1828 439 1866 476; x_wconf 85' lang='lat' dir='ltr'>fit</span> <span class='ocrx_word' id='word_1_388' title='bbox 1883 439 2029 485; x_wconf 86' lang='lat' dir='ltr'>dignior</span> <span class='ocrx_word' id='word_1_389' title='bbox 2038 440 2150 487; x_wconf 82' lang='lat' dir='ltr'>gratia</span> <span class='ocrx_word' id='word_1_390' title='bbox 2163 450 2305 487; x_wconf 84' lang='lat' dir='ltr'>gratum</span> 
     </span>
    </p>
   </div>
   <div class='ocr_carea' id='block_1_20' title="bbox 1250 701 1275 988">
    <p class='ocr_par' dir='ltr' id='par_1_28' title="bbox 1250 701 1275 988">
     <span class='ocr_line' id='line_1_64' title="bbox 1252 701 1273 726; baseline 0 0"><span class='ocrx_word' id='word_1_391' title='bbox 1252 701 1273 726; x_wconf 86' lang='grc'><strong>2</strong></span> 
     </span>
     <span class='ocr_line' id='line_1_65' title="bbox 1257 801 1274 838; baseline 0 0"><span class='ocrx_word' id='word_1_392' title='bbox 1257 801 1274 838; x_wconf 87' lang='lat'>3</span> 
     </span>
     <span class='ocr_line' id='line_1_66' title="bbox 1250 904 1275 938; baseline 0 -9"><span class='ocrx_word' id='word_1_393' title='bbox 1250 904 1275 938; x_wconf 88' lang='lat'>4</span> 
     </span>
     <span class='ocr_line' id='line_1_67' title="bbox 1253 952 1275 988; baseline 0 0"><span class='ocrx_word' id='word_1_394' title='bbox 1253 952 1275 988; x_wconf 83' lang='lat'>5</span> 
     </span>
    </p>
   </div>
   <div class='ocr_carea' id='block_1_21' title="bbox 1249 1509 1275 1782">
    <p class='ocr_par' dir='ltr' id='par_1_29' title="bbox 1249 1509 1275 1782">
     <span class='ocr_line' id='line_1_68' title="bbox 1249 1509 1275 1782; textangle 90"><span class='ocrx_word' id='word_1_395' title='bbox 1249 1509 1275 1782; x_wconf 51' lang='lat' dir='ltr'>osta-ew</span> 
     </span>
    </p>
   </div>
   <div class='ocr_carea' id='block_1_22' title="bbox 1253 1956 1276 1994">
    <p class='ocr_par' dir='ltr' id='par_1_30' title="bbox 1253 1956 1276 1994">
     <span class='ocr_line' id='line_1_69' title="bbox 1253 1956 1276 1994; baseline 0 0"><span class='ocrx_word' id='word_1_396' title='bbox 1253 1956 1276 1994; x_wconf 88' lang='grc'>7</span> 
     </span>
    </p>
   </div>
   <div class='ocr_carea' id='block_1_23' title="bbox 1255 2036 2307 2093">
    <p class='ocr_par' dir='ltr' id='par_1_31' title="bbox 1255 2036 2307 2093">
     <span class='ocr_line' id='line_1_70' title="bbox 1255 2036 2307 2093; baseline -0.002 -8"><span class='ocrx_word' id='word_1_397' title='bbox 1255 2049 1291 2085; x_wconf 87' lang='grc'><strong>8.</strong></span> <span class='ocrx_word' id='word_1_398' title='bbox 1319 2049 1373 2084; x_wconf 90' lang='lat' dir='ltr'>De</span> <span class='ocrx_word' id='word_1_399' title='bbox 1385 2046 1538 2082; x_wconf 80' lang='lat' dir='ltr'>naturali</span> <span class='ocrx_word' id='word_1_400' title='bbox 1552 2045 1676 2082; x_wconf 87' lang='lat' dir='ltr'>ordine</span> <span class='ocrx_word' id='word_1_401' title='bbox 1687 2057 1812 2081; x_wconf 86' lang='lat' dir='ltr'>eorum</span> <span class='ocrx_word' id='word_1_402' title='bbox 1826 2071 1839 2088; x_wconf 91' lang='lat'>,</span> <span class='ocrx_word' id='word_1_403' title='bbox 1854 2058 1937 2093; x_wconf 68' lang='lat' dir='ltr'>quat</span> <span class='ocrx_word' id='word_1_404' title='bbox 1952 2046 1996 2083; x_wconf 86' lang='lat' dir='ltr'>ad</span> <span class='ocrx_word' id='word_1_405' title='bbox 2009 2036 2307 2093; x_wconf 81' lang='lat' dir='ltr'>justificationem</span> 
     </span>
    </p>
   </div>
   <div class='ocr_carea' id='block_1_24' title="bbox 1256 2144 2304 2198">
    <p class='ocr_par' dir='ltr' id='par_1_32' title="bbox 1256 2144 2304 2198">
     <span class='ocr_line' id='line_1_71' title="bbox 1256 2144 2304 2198; baseline 0.002 -15"><span class='ocrx_word' id='word_1_406' title='bbox 1256 2162 1291 2198; x_wconf 86' lang='lat'>9.</span> <span class='ocrx_word' id='word_1_407' title='bbox 1326 2146 1459 2183; x_wconf 87' lang='lat' dir='ltr'>Vtrum</span> <span class='ocrx_word' id='word_1_408' title='bbox 1495 2144 1705 2192; x_wconf 77' lang='lat' dir='ltr'>justificatio</span> <span class='ocrx_word' id='word_1_409' title='bbox 1745 2147 1847 2194; x_wconf 89' lang='lat' dir='ltr'>impii</span> <span class='ocrx_word' id='word_1_410' title='bbox 1886 2147 1926 2184; x_wconf 86' lang='lat' dir='ltr'>fit</span> <span class='ocrx_word' id='word_1_411' title='bbox 1964 2150 2167 2187; x_wconf 78' lang='lat' dir='ltr'>maximum</span> <span class='ocrx_word' id='word_1_412' title='bbox 2207 2161 2304 2198; x_wconf 75' lang='lat' dir='ltr'>opus</span> 
     </span>
    </p>
   </div>
   <div class='ocr_carea' id='block_1_25' title="bbox 1259 2261 1270 2284">
    <p class='ocr_par' dir='ltr' id='par_1_33' title="bbox 1259 2261 1270 2284">
     <span class='ocr_line' id='line_1_72' title="bbox 1259 2261 1270 2284; baseline 0 0"><span class='ocrx_word' id='word_1_413' title='bbox 1259 2261 1270 2284; x_wconf 84' lang='lat'>1</span> 
     </span>
    </p>
   </div>
   <div class='ocr_carea' id='block_1_26' title="bbox 1257 2461 1276 2533">
    <p class='ocr_par' dir='ltr' id='par_1_34' title="bbox 1257 2461 1276 2533">
     <span class='ocr_line' id='line_1_73' title="bbox 1260 2461 1272 2485; baseline 0 0"><span class='ocrx_word' id='word_1_414' title='bbox 1260 2461 1272 2485; x_wconf 81' lang='lat' dir='ltr'>t</span> 
     </span>
     <span class='ocr_line' id='line_1_74' title="bbox 1257 2508 1276 2533; baseline 0 0"><span class='ocrx_word' id='word_1_415' title='bbox 1257 2508 1276 2533; x_wconf 90' lang='lat'><em>2</em></span> 
     </span>
    </p>
   </div>
   <div class='ocr_carea' id='block_1_27' title="bbox 1257 2607 1274 2643">
    <p class='ocr_par' dir='ltr' id='par_1_35' title="bbox 1257 2607 1274 2643">
     <span class='ocr_line' id='line_1_75' title="bbox 1257 2607 1274 2643; baseline 0 0"><span class='ocrx_word' id='word_1_416' title='bbox 1257 2607 1274 2643; x_wconf 85' lang='lat'><em>3</em></span> 
     </span>
    </p>
   </div>
   <div class='ocr_carea' id='block_1_28' title="bbox 1256 2799 2308 3354">
    <p class='ocr_par' dir='ltr' id='par_1_36' title="bbox 1256 2799 2308 3354">
     <span class='ocr_line' id='line_1_76' title="bbox 1256 2799 2297 2854; baseline 0.007 -20"><span class='ocrx_word' id='word_1_417' title='bbox 1256 2813 1296 2850; x_wconf 78' lang='lat'>4.</span> <span class='ocrx_word' id='word_1_418' title='bbox 1320 2801 1454 2837; x_wconf 87' lang='lat' dir='ltr'>Vtrum</span> <span class='ocrx_word' id='word_1_419' title='bbox 1471 2801 1586 2846; x_wconf 80' lang='lat' dir='ltr'>gratia</span> <span class='ocrx_word' id='word_1_420' title='bbox 1611 2799 1651 2834; x_wconf 75' lang='lat' dir='ltr'>sit</span> <span class='ocrx_word' id='word_1_421' title='bbox 1678 2802 1894 2848; x_wconf 89' lang='lat' dir='ltr'>principium</span> <span class='ocrx_word' id='word_1_422' title='bbox 1926 2805 2044 2840; x_wconf 87' lang='lat' dir='ltr'>meriti</span> <span class='ocrx_word' id='word_1_423' title='bbox 2059 2805 2297 2854; x_wconf 73' lang='lat' dir='ltr'>&#39;principalius</span> 
     </span>
     <span class='ocr_line' id='line_1_77' title="bbox 1260 2899 2303 2954; baseline 0.005 -19"><span class='ocrx_word' id='word_1_424' title='bbox 1260 2910 1294 2946; x_wconf 85' lang='lat'>5.</span> <span class='ocrx_word' id='word_1_425' title='bbox 1325 2899 1456 2936; x_wconf 86' lang='lat' dir='ltr'>Vtrum</span> <span class='ocrx_word' id='word_1_426' title='bbox 1499 2900 1609 2936; x_wconf 87' lang='lat' dir='ltr'>homo</span> <span class='ocrx_word' id='word_1_427' title='bbox 1651 2901 1750 2948; x_wconf 84' lang='lat' dir='ltr'>possit</span> <span class='ocrx_word' id='word_1_428' title='bbox 1782 2901 1846 2937; x_wconf 82' lang='lat' dir='ltr'>sibi</span> <span class='ocrx_word' id='word_1_429' title='bbox 1872 2905 1998 2940; x_wconf 83' lang='lat' dir='ltr'>mereri</span> <span class='ocrx_word' id='word_1_430' title='bbox 2039 2906 2188 2954; x_wconf 81' lang='lat' dir='ltr'>primam</span> <span class='ocrx_word' id='word_1_431' title='bbox 2220 2917 2303 2954; x_wconf 85' lang='lat' dir='ltr'>gra-</span> 
     </span>
     <span class='ocr_line' id='line_1_78' title="bbox 1260 2999 2306 3054; baseline 0.006 -17"><span class='ocrx_word' id='word_1_432' title='bbox 1260 2999 1298 3037; x_wconf 86' lang='lat'>6.</span> <span class='ocrx_word' id='word_1_433' title='bbox 1331 2999 1461 3038; x_wconf 89' lang='lat' dir='ltr'>Vtrum</span> <span class='ocrx_word' id='word_1_434' title='bbox 1484 3000 1598 3038; x_wconf 82' lang='lat' dir='ltr'>homo</span> <span class='ocrx_word' id='word_1_435' title='bbox 1625 3002 1725 3049; x_wconf 70' lang='lat' dir='ltr'>possit</span> <span class='ocrx_word' id='word_1_436' title='bbox 1753 3005 1883 3040; x_wconf 86' lang='lat' dir='ltr'>mereri</span> <span class='ocrx_word' id='word_1_437' title='bbox 1905 3004 2008 3042; x_wconf 84' lang='lat' dir='ltr'>alteri</span> <span class='ocrx_word' id='word_1_438' title='bbox 2044 3005 2195 3054; x_wconf 83' lang='lat' dir='ltr'>primam</span> <span class='ocrx_word' id='word_1_439' title='bbox 2223 3018 2306 3052; x_wconf 80' lang='lat' dir='ltr'>gra-</span> 
     </span>
     <span class='ocr_line' id='line_1_79' title="bbox 1259 3092 2306 3155; baseline 0.007 -19"><span class='ocrx_word' id='word_1_440' title='bbox 1259 3110 1294 3148; x_wconf 89' lang='lat'>7.</span> <span class='ocrx_word' id='word_1_441' title='bbox 1320 3101 1572 3138; x_wconf 84' lang='lat' dir='ltr'>Vtrumhomo</span> <span class='ocrx_word' id='word_1_442' title='bbox 1587 3092 1689 3150; x_wconf 73' lang='lat' dir='ltr'>poffit</span> <span class='ocrx_word' id='word_1_443' title='bbox 1711 3101 1775 3139; x_wconf 86' lang='lat' dir='ltr'>fibi</span> <span class='ocrx_word' id='word_1_444' title='bbox 1789 3103 1916 3141; x_wconf 87' lang='lat' dir='ltr'>mereri</span> <span class='ocrx_word' id='word_1_445' title='bbox 1940 3106 2200 3155; x_wconf 78' lang='lat' dir='ltr'>reparationem</span> <span class='ocrx_word' id='word_1_446' title='bbox 2226 3108 2306 3154; x_wconf 88' lang='lat' dir='ltr'>post</span> 
     </span>
     <span class='ocr_line' id='line_1_80' title="bbox 1265 3201 2308 3253; baseline 0.005 -15"><span class='ocrx_word' id='word_1_447' title='bbox 1265 3201 1297 3238; x_wconf 90' lang='lat'>8.</span> <span class='ocrx_word' id='word_1_448' title='bbox 1325 3201 1458 3238; x_wconf 83' lang='lat' dir='ltr'>Vtrum</span> <span class='ocrx_word' id='word_1_449' title='bbox 1470 3202 1580 3238; x_wconf 84' lang='lat' dir='ltr'>homo</span> <span class='ocrx_word' id='word_1_450' title='bbox 1594 3202 1694 3249; x_wconf 82' lang='lat' dir='ltr'>poffit</span> <span class='ocrx_word' id='word_1_451' title='bbox 1711 3207 1838 3241; x_wconf 86' lang='lat' dir='ltr'>mereri</span> <span class='ocrx_word' id='word_1_452' title='bbox 1851 3214 2085 3252; x_wconf 76' lang='lat' dir='ltr'>augmentum</span> <span class='ocrx_word' id='word_1_453' title='bbox 2095 3208 2234 3253; x_wconf 79' lang='lat' dir='ltr'>gratiae,</span> <span class='ocrx_word' id='word_1_454' title='bbox 2247 3209 2308 3245; x_wconf 76' lang='lat' dir='ltr'>vei</span> 
     </span>
     <span class='ocr_line' id='line_1_81' title="bbox 1262 3301 2307 3354; baseline 0.007 -16"><span class='ocrx_word' id='word_1_455' title='bbox 1262 3314 1298 3350; x_wconf 85' lang='lat'>9.</span> <span class='ocrx_word' id='word_1_456' title='bbox 1327 3303 1460 3340; x_wconf 89' lang='lat' dir='ltr'>Vtrum</span> <span class='ocrx_word' id='word_1_457' title='bbox 1491 3303 1599 3340; x_wconf 86' lang='lat' dir='ltr'>homo</span> <span class='ocrx_word' id='word_1_458' title='bbox 1626 3302 1727 3352; x_wconf 82' lang='lat' dir='ltr'>poffit</span> <span class='ocrx_word' id='word_1_459' title='bbox 1753 3308 1878 3344; x_wconf 79' lang='lat' dir='ltr'>mereri</span> <span class='ocrx_word' id='word_1_460' title='bbox 1894 3301 2189 3354; x_wconf 77' lang='lat' dir='ltr'>perseverantiam</span> <span class='ocrx_word' id='word_1_461' title='bbox 2216 3307 2307 3345; x_wconf 82' lang='lat' dir='ltr'>fina-</span> 
     </span>
    </p>
   </div>
   <div class='ocr_carea' id='block_1_29' title="bbox 1273 3405 2302 3458">
    <p class='ocr_par' dir='ltr' id='par_1_37' title="bbox 1273 3405 2302 3458">
     <span class='ocr_line' id='line_1_82' title="bbox 1273 3405 2302 3458; baseline 0.008 -19"><span class='ocrx_word' id='word_1_462' title='bbox 1273 3415 1329 3443; x_wconf 89' lang='lat'>10.</span> <span class='ocrx_word' id='word_1_463' title='bbox 1354 3406 1489 3442; x_wconf 82' lang='lat' dir='ltr'>Vtrum</span> <span class='ocrx_word' id='word_1_464' title='bbox 1504 3407 1596 3444; x_wconf 77' lang='lat' dir='ltr'>bona</span> <span class='ocrx_word' id='word_1_465' title='bbox 1609 3407 1820 3456; x_wconf 78' lang='lat' dir='ltr'>temporalia</span> <span class='ocrx_word' id='word_1_466' title='bbox 1834 3407 1963 3445; x_wconf 75' lang='lat' dir='ltr'>cadant</span> <span class='ocrx_word' id='word_1_467' title='bbox 1977 3405 2042 3444; x_wconf 83' lang='lat' dir='ltr'>sub</span> <span class='ocrx_word' id='word_1_468' title='bbox 2054 3409 2178 3445; x_wconf 76' lang='lat' dir='ltr'>merito</span> <span class='ocrx_word' id='word_1_469' title='bbox 2191 3434 2199 3445; x_wconf 91' lang='lat'><strong>.</strong></span> <span class='ocrx_word' id='word_1_470' title='bbox 2212 3421 2302 3458; x_wconf 83' lang='lat'><em>432.</em></span> 
     </span>
    </p>
   </div>
   <div class='ocr_carea' id='block_1_30' title="bbox 1349 189 2305 237">
    <p class='ocr_par' dir='ltr' id='par_1_38' title="bbox 1349 189 2305 237">
     <span class='ocr_line' id='line_1_83' title="bbox 1349 189 2305 237; baseline -0.002 -13"><span class='ocrx_word' id='word_1_471' title='bbox 1349 199 1421 227; x_wconf 88' lang='lat' dir='ltr'>tem</span> <span class='ocrx_word' id='word_1_472' title='bbox 1439 213 1453 235; x_wconf 82' lang='lat'>‚</span> <span class='ocrx_word' id='word_1_473' title='bbox 1467 189 1500 225; x_wconf 72' lang='lat'>8&lt;</span> <span class='ocrx_word' id='word_1_474' title='bbox 1515 198 1770 237; x_wconf 76' lang='lat' dir='ltr'>cooperantem</span> <span class='ocrx_word' id='word_1_475' title='bbox 1784 214 1796 225; x_wconf 90' lang='lat'><strong>.</strong></span> <span class='ocrx_word' id='word_1_476' title='bbox 2211 199 2259 232; x_wconf 77' lang='lat'>40</span> <span class='ocrx_word' id='word_1_477' title='bbox 2269 197 2305 232; x_wconf 79' lang='grc'>3.</span> 
     </span>
    </p>
   </div>
   <div class='ocr_carea' id='block_1_31' title="bbox 1278 287 2305 435">
    <p class='ocr_par' dir='ltr' id='par_1_39' title="bbox 1278 287 2305 435">
     <span class='ocr_line' id='line_1_84' title="bbox 1354 287 2302 336; baseline -0.001 -12"><span class='ocrx_word' id='word_1_478' title='bbox 1354 302 1426 325; x_wconf 88' lang='lat' dir='ltr'>tem</span> <span class='ocrx_word' id='word_1_479' title='bbox 1445 316 1458 332; x_wconf 90' lang='lat'>‚</span> <span class='ocrx_word' id='word_1_480' title='bbox 1473 289 1507 324; x_wconf 77' lang='lat'>8&lt;</span> <span class='ocrx_word' id='word_1_481' title='bbox 1524 287 1797 336; x_wconf 85' lang='lat' dir='ltr'>subsequentem</span> <span class='ocrx_word' id='word_1_482' title='bbox 1813 314 1824 324; x_wconf 89' lang='lat'><strong>.</strong></span> <span class='ocrx_word' id='word_1_483' title='bbox 2215 299 2302 332; x_wconf 70' lang='lat'>404.</span> 
     </span>
     <span class='ocr_line' id='line_1_85' title="bbox 1278 339 2305 386; baseline -0.002 -10"><span class='ocrx_word' id='word_1_484' title='bbox 1278 362 1288 376; x_wconf 78' lang='grc'><strong>.</strong></span> <span class='ocrx_word' id='word_1_485' title='bbox 1314 339 1449 376; x_wconf 86' lang='lat' dir='ltr'>Vtrum</span> <span class='ocrx_word' id='word_1_486' title='bbox 1464 339 1583 383; x_wconf 81' lang='lat' dir='ltr'>gratia</span> <span class='ocrx_word' id='word_1_487' title='bbox 1596 341 1710 386; x_wconf 78' lang='lat' dir='ltr'>gratis</span> <span class='ocrx_word' id='word_1_488' title='bbox 1720 339 1802 377; x_wconf 84' lang='lat' dir='ltr'>data</span> <span class='ocrx_word' id='word_1_489' title='bbox 1813 340 2068 375; x_wconf 80' lang='lat' dir='ltr'>convenienter</span> <span class='ocrx_word' id='word_1_490' title='bbox 2083 339 2129 375; x_wconf 83' lang='lat' dir='ltr'>ab</span> <span class='ocrx_word' id='word_1_491' title='bbox 2144 339 2305 386; x_wconf 74' lang='lat' dir='ltr'>Aposto—</span> 
     </span>
     <span class='ocr_line' id='line_1_86' title="bbox 1355 388 2305 435; baseline 0 -10"><span class='ocrx_word' id='word_1_492' title='bbox 1355 392 1390 426; x_wconf 83' lang='lat' dir='ltr'>lo</span> <span class='ocrx_word' id='word_1_493' title='bbox 1405 388 1593 426; x_wconf 82' lang='lat' dir='ltr'>dividatur</span> <span class='ocrx_word' id='word_1_494' title='bbox 1604 415 1614 426; x_wconf 89' lang='lat'><strong>.</strong></span> <span class='ocrx_word' id='word_1_495' title='bbox 2213 400 2305 435; x_wconf 84' lang='lat'>404.</span> 
     </span>
    </p>
   </div>
   <div class='ocr_carea' id='block_1_32' title="bbox 2414 22 2456 3836">
    <p class='ocr_par' dir='ltr' id='par_1_40' title="bbox 2414 22 2456 3836">
     <span class='ocr_line' id='line_1_87' title="bbox 2414 22 2456 3836; baseline -0.738 -3382"><span class='ocrx_word' id='word_1_496' title='bbox 2414 22 2456 3836; x_wconf 95' lang='lat' dir='ltr'>    </span> <span class='ocrx_word' id='word_1_497' title='bbox 2424 379 2456 458; x_wconf 95' lang='lat' dir='ltr'>   </span> 
     </span>
    </p>
   </div>
   <div class='ocr_carea' id='block_1_33' title="bbox 2421 389 2439 448">
    <p class='ocr_par' dir='ltr' id='par_1_41' title="bbox 2421 389 2439 448">
     <span class='ocr_line' id='line_1_88' title="bbox 2421 389 2439 422; baseline 0 -5"><span class='ocrx_word' id='word_1_498' title='bbox 2421 389 2424 422; x_wconf 64' lang='grc' dir='ltr'>Τ</span> <span class='ocrx_word' id='word_1_499' title='bbox 2438 413 2439 417; x_wconf 71' lang='grc'>,</span> 
     </span>
     <span class='ocr_line' id='line_1_89' title="bbox 2422 428 2425 448; baseline 0 0"><span class='ocrx_word' id='word_1_500' title='bbox 2422 428 2425 448; x_wconf 74' lang='grc' dir='ltr'>ι</span> 
     </span>
    </p>
   </div>
   <div class='ocr_carea' id='block_1_34' title="bbox 1356 491 2302 639">
    <p class='ocr_par' dir='ltr' id='par_1_42' title="bbox 1356 491 2302 639">
     <span class='ocr_line' id='line_1_90' title="bbox 1356 491 2302 535; baseline -0.002 -7"><span class='ocrx_word' id='word_1_501' title='bbox 1356 491 1508 528; x_wconf 84' lang='lat' dir='ltr'>faciente</span> <span class='ocrx_word' id='word_1_502' title='bbox 1523 515 1534 525; x_wconf 85' lang='lat'><strong><em>.</em></strong></span> <span class='ocrx_word' id='word_1_503' title='bbox 1554 528 1559 531; x_wconf 14' lang='grc' dir='ltr'>χ</span> <span class='ocrx_word' id='word_1_504' title='bbox 1588 529 1594 532; x_wconf 23' lang='grc' dir='ltr'><strong><em>Δ</em></strong></span> <span class='ocrx_word' id='word_1_505' title='bbox 2213 491 2302 535; x_wconf 82' lang='lat'>406.</span> 
     </span>
     <span class='ocr_line' id='line_1_91' title="bbox 1476 539 2073 589; baseline -0.008 -9"><span class='ocrx_word' id='word_1_506' title='bbox 1476 539 1581 589; x_wconf 66' lang='lat' dir='ltr'>Q‚U</span> <span class='ocrx_word' id='word_1_507' title='bbox 1605 542 1672 579; x_wconf 85' lang='grc' dir='ltr'>ΑΕ</span> <span class='ocrx_word' id='word_1_508' title='bbox 1698 541 1723 578; x_wconf 90' lang='lat' dir='ltr'>S</span> <span class='ocrx_word' id='word_1_509' title='bbox 1750 540 1786 576; x_wconf 87' lang='lat' dir='ltr'>T</span> <span class='ocrx_word' id='word_1_510' title='bbox 1813 543 1831 578; x_wconf 92' lang='lat'>1</span> <span class='ocrx_word' id='word_1_511' title='bbox 1856 540 1896 575; x_wconf 93' lang='lat' dir='ltr'>O</span> <span class='ocrx_word' id='word_1_512' title='bbox 1945 540 2073 579; x_wconf 83' lang='lat' dir='ltr'>CXII.</span> 
     </span>
     <span class='ocr_line' id='line_1_92' title="bbox 1601 591 1941 639; baseline -0.009 -12"><span class='ocrx_word' id='word_1_513' title='bbox 1601 592 1667 631; x_wconf 83' lang='lat' dir='ltr'>De</span> <span class='ocrx_word' id='word_1_514' title='bbox 1683 591 1919 639; x_wconf 77' lang='lat' dir='ltr'>caufhgratiae</span> <span class='ocrx_word' id='word_1_515' title='bbox 1931 615 1941 625; x_wconf 90' lang='lat'><strong>.</strong></span> 
     </span>
    </p>
   </div>
   <div class='ocr_carea' id='block_1_35' title="bbox 1277 639 2309 992">
    <p class='ocr_par' dir='ltr' id='par_1_43' title="bbox 1277 639 2309 992">
     <span class='ocr_line' id='line_1_93' title="bbox 1279 639 2303 687; baseline -0.004 -10"><span class='ocrx_word' id='word_1_516' title='bbox 1279 667 1288 677; x_wconf 86' lang='lat'><strong>.</strong></span> <span class='ocrx_word' id='word_1_517' title='bbox 1316 642 1449 678; x_wconf 86' lang='lat' dir='ltr'>Vtrum</span> <span class='ocrx_word' id='word_1_518' title='bbox 1466 640 1565 677; x_wconf 53' lang='lat' dir='ltr'>solus¹</span> <span class='ocrx_word' id='word_1_519' title='bbox 1575 643 1674 677; x_wconf 83' lang='lat' dir='ltr'>Deus</span> <span class='ocrx_word' id='word_1_520' title='bbox 1691 641 1730 677; x_wconf 83' lang='lat' dir='ltr'>fit</span> <span class='ocrx_word' id='word_1_521' title='bbox 1744 641 1847 677; x_wconf 87' lang='lat' dir='ltr'>causa</span> <span class='ocrx_word' id='word_1_522' title='bbox 1867 641 2008 687; x_wconf 80' lang='lat' dir='ltr'>gratiae.</span> <span class='ocrx_word' id='word_1_523' title='bbox 2210 639 2303 683; x_wconf 53' lang='lat'>406,</span> 
     </span>
     <span class='ocr_line' id='line_1_94' title="bbox 1279 688 2298 739; baseline -0.005 -11"><span class='ocrx_word' id='word_1_524' title='bbox 1279 718 1288 728; x_wconf 87' lang='lat'><strong>.</strong></span> <span class='ocrx_word' id='word_1_525' title='bbox 1315 693 1450 730; x_wconf 92' lang='lat' dir='ltr'>Vtrum</span> <span class='ocrx_word' id='word_1_526' title='bbox 1468 692 1673 739; x_wconf 83' lang='lat' dir='ltr'>requiratur</span> <span class='ocrx_word' id='word_1_527' title='bbox 1705 692 1825 738; x_wconf 83' lang='lat' dir='ltr'>aliqua</span> <span class='ocrx_word' id='word_1_528' title='bbox 1838 690 2051 738; x_wconf 77' lang='lat' dir='ltr'>praeparatio</span> <span class='ocrx_word' id='word_1_529' title='bbox 2063 713 2077 734; x_wconf 89' lang='lat'>,</span> <span class='ocrx_word' id='word_1_530' title='bbox 2107 688 2143 726; x_wconf 70' lang='lat'>8&lt;</span> <span class='ocrx_word' id='word_1_531' title='bbox 2156 688 2298 738; x_wconf 83' lang='lat' dir='ltr'>dispofi,</span> 
     </span>
     <span class='ocr_line' id='line_1_95' title="bbox 1349 741 2295 789; baseline -0.001 -12"><span class='ocrx_word' id='word_1_532' title='bbox 1349 743 1402 778; x_wconf 87' lang='lat' dir='ltr'>tio</span> <span class='ocrx_word' id='word_1_533' title='bbox 1417 743 1459 777; x_wconf 92' lang='lat' dir='ltr'>ad</span> <span class='ocrx_word' id='word_1_534' title='bbox 1472 743 1622 789; x_wconf 82' lang='lat' dir='ltr'>gratiam</span> <span class='ocrx_word' id='word_1_535' title='bbox 1633 754 1680 778; x_wconf 82' lang='lat' dir='ltr'>ex</span> <span class='ocrx_word' id='word_1_536' title='bbox 1696 753 1794 789; x_wconf 79' lang='lat' dir='ltr'>parte</span> <span class='ocrx_word' id='word_1_537' title='bbox 1811 741 1968 776; x_wconf 79' lang='lat' dir='ltr'>hominis</span> <span class='ocrx_word' id='word_1_538' title='bbox 1984 766 1994 775; x_wconf 88' lang='lat'><strong>.</strong></span> <span class='ocrx_word' id='word_1_539' title='bbox 2210 749 2295 785; x_wconf 89' lang='lat'>407.</span> 
     </span>
     <span class='ocr_line' id='line_1_96' title="bbox 1280 789 2290 838; baseline -0.005 -9"><span class='ocrx_word' id='word_1_540' title='bbox 1280 817 1291 829; x_wconf 88' lang='lat'><strong>.</strong></span> <span class='ocrx_word' id='word_1_541' title='bbox 1316 793 1450 831; x_wconf 90' lang='lat' dir='ltr'>Vtrum</span> <span class='ocrx_word' id='word_1_542' title='bbox 1481 792 1673 830; x_wconf 85' lang='lat' dir='ltr'>neceffario</span> <span class='ocrx_word' id='word_1_543' title='bbox 1698 793 1805 830; x_wconf 86' lang='lat' dir='ltr'>detur</span> <span class='ocrx_word' id='word_1_544' title='bbox 1817 791 1934 837; x_wconf 70' lang='lat' dir='ltr'>gratia</span> <span class='ocrx_word' id='word_1_545' title='bbox 1963 789 1996 827; x_wconf 90' lang='lat' dir='ltr'>se</span> <span class='ocrx_word' id='word_1_546' title='bbox 2016 792 2231 838; x_wconf 73' lang='lat' dir='ltr'>praeparanti</span> <span class='ocrx_word' id='word_1_547' title='bbox 2245 790 2290 825; x_wconf 89' lang='lat' dir='ltr'>ad</span> 
     </span>
     <span class='ocr_line' id='line_1_97' title="bbox 1352 844 2302 888; baseline -0.002 -10"><span class='ocrx_word' id='word_1_548' title='bbox 1352 844 1504 888; x_wconf 83' lang='lat' dir='ltr'>gratiam</span> <span class='ocrx_word' id='word_1_549' title='bbox 1521 868 1531 879; x_wconf 86' lang='lat'><strong><em>.</em></strong></span> <span class='ocrx_word' id='word_1_550' title='bbox 2168 853 2172 858; x_wconf 93' lang='lat'>·</span> <span class='ocrx_word' id='word_1_551' title='bbox 2211 852 2302 887; x_wconf 55' lang='lat'>4072</span> 
     </span>
     <span class='ocr_line' id='line_1_98' title="bbox 1277 890 2307 939; baseline -0.004 -11"><span class='ocrx_word' id='word_1_552' title='bbox 1277 918 1288 928; x_wconf 88' lang='lat'><strong>.</strong></span> <span class='ocrx_word' id='word_1_553' title='bbox 1315 892 1448 929; x_wconf 86' lang='lat' dir='ltr'>Vtrum</span> <span class='ocrx_word' id='word_1_554' title='bbox 1466 893 1584 939; x_wconf 73' lang='lat' dir='ltr'>gratia</span> <span class='ocrx_word' id='word_1_555' title='bbox 1597 892 1636 928; x_wconf 77' lang='lat' dir='ltr'>fit</span> <span class='ocrx_word' id='word_1_556' title='bbox 1653 893 1798 939; x_wconf 79' lang='lat' dir='ltr'>aequalis</span> <span class='ocrx_word' id='word_1_557' title='bbox 1816 892 1850 928; x_wconf 88' lang='lat' dir='ltr'>in</span> <span class='ocrx_word' id='word_1_558' title='bbox 1862 890 2032 927; x_wconf 82' lang='lat' dir='ltr'>omnibus</span> <span class='ocrx_word' id='word_1_559' title='bbox 2048 914 2060 925; x_wconf 86' lang='lat'><strong>.</strong></span> <span class='ocrx_word' id='word_1_560' title='bbox 2201 891 2307 936; x_wconf 58' lang='lat'><em>‘4082</em></span> 
     </span>
     <span class='ocr_line' id='line_1_99' title="bbox 1278 939 2309 992; baseline -0.003 -11"><span class='ocrx_word' id='word_1_561' title='bbox 1278 969 1288 981; x_wconf 92' lang='lat'><strong>.</strong></span> <span class='ocrx_word' id='word_1_562' title='bbox 1317 942 1452 980; x_wconf 89' lang='lat' dir='ltr'>Vtrum</span> <span class='ocrx_word' id='word_1_563' title='bbox 1464 945 1577 982; x_wconf 88' lang='lat' dir='ltr'>homo</span> <span class='ocrx_word' id='word_1_564' title='bbox 1585 943 1688 992; x_wconf 81' lang='lat' dir='ltr'>poffit</span> <span class='ocrx_word' id='word_1_565' title='bbox 1703 943 1788 979; x_wconf 86' lang='lat' dir='ltr'>scire</span> <span class='ocrx_word' id='word_1_566' title='bbox 1803 941 1835 978; x_wconf 87' lang='lat' dir='ltr'>se</span> <span class='ocrx_word' id='word_1_567' title='bbox 1850 940 1981 977; x_wconf 85' lang='lat' dir='ltr'>habere</span> <span class='ocrx_word' id='word_1_568' title='bbox 1992 939 2147 987; x_wconf 81' lang='lat' dir='ltr'>gratiam</span> <span class='ocrx_word' id='word_1_569' title='bbox 2163 964 2173 978; x_wconf 82' lang='grc'>.</span> <span class='ocrx_word' id='word_1_570' title='bbox 2210 952 2309 990; x_wconf 59' lang='grc'><strong>409(</strong></span> 
     </span>
    </p>
   </div>
   <div class='ocr_carea' id='block_1_36' title="bbox 1277 1040 2310 2044">
    <p class='ocr_par' dir='ltr' id='par_1_44' title="bbox 1277 1040 2310 2044">
     <span class='ocr_line' id='line_1_100' title="bbox 1461 1040 2077 1097; baseline -0.011 -14"><span class='ocrx_word' id='word_1_571' title='bbox 1461 1045 1565 1097; x_wconf 71' lang='lat' dir='ltr'>QJ</span> <span class='ocrx_word' id='word_1_572' title='bbox 1591 1045 1657 1082; x_wconf 87' lang='grc' dir='ltr'>ΑΕ</span> <span class='ocrx_word' id='word_1_573' title='bbox 1684 1045 1708 1081; x_wconf 93' lang='lat' dir='ltr'><strong>S</strong></span> <span class='ocrx_word' id='word_1_574' title='bbox 1736 1045 1771 1080; x_wconf 91' lang='lat' dir='ltr'>T</span> <span class='ocrx_word' id='word_1_575' title='bbox 1800 1043 1811 1078; x_wconf 90' lang='grc' dir='ltr'>Ι</span> <span class='ocrx_word' id='word_1_576' title='bbox 1841 1043 1878 1078; x_wconf 94' lang='lat' dir='ltr'>O</span> <span class='ocrx_word' id='word_1_577' title='bbox 1928 1040 2077 1078; x_wconf 76' lang='lat' dir='ltr'><strong>CXIII.</strong></span> 
     </span>
     <span class='ocr_line' id='line_1_101' title="bbox 1400 1090 2305 1144; baseline -0.008 -12"><span class='ocrx_word' id='word_1_578' title='bbox 1400 1094 1461 1132; x_wconf 84' lang='lat' dir='ltr'>De</span> <span class='ocrx_word' id='word_1_579' title='bbox 1468 1097 1598 1144; x_wconf 75' lang='lat' dir='ltr'>gratia</span> <span class='ocrx_word' id='word_1_580' title='bbox 1610 1102 1784 1142; x_wconf 80' lang='lat' dir='ltr'>quantum</span> <span class='ocrx_word' id='word_1_581' title='bbox 1804 1093 1854 1129; x_wconf 84' lang='lat' dir='ltr'>ad</span> <span class='ocrx_word' id='word_1_582' title='bbox 1866 1093 1942 1140; x_wconf 77' lang='lat' dir='ltr'>ejus</span> <span class='ocrx_word' id='word_1_583' title='bbox 1956 1090 2142 1138; x_wconf 61' lang='lat' dir='ltr'>effbflum.</span> <span class='ocrx_word' id='word_1_584' title='bbox 2228 1129 2231 1131; x_wconf 75' lang='grc'><strong>,</strong></span> <span class='ocrx_word' id='word_1_585' title='bbox 2303 1122 2305 1125; x_wconf 94' lang='grc'><strong>.</strong></span> 
     </span>
     <span class='ocr_line' id='line_1_102' title="bbox 1279 1141 2306 1193; baseline -0.002 -12"><span class='ocrx_word' id='word_1_586' title='bbox 1279 1171 1291 1183; x_wconf 91' lang='grc'>.</span> <span class='ocrx_word' id='word_1_587' title='bbox 1314 1146 1453 1185; x_wconf 90' lang='lat' dir='ltr'>Vtrum</span> <span class='ocrx_word' id='word_1_588' title='bbox 1480 1145 1693 1192; x_wconf 83' lang='lat' dir='ltr'>justificatio</span> <span class='ocrx_word' id='word_1_589' title='bbox 1721 1146 1821 1193; x_wconf 87' lang='lat' dir='ltr'>impii</span> <span class='ocrx_word' id='word_1_590' title='bbox 1868 1145 1911 1181; x_wconf 87' lang='lat' dir='ltr'>fit</span> <span class='ocrx_word' id='word_1_591' title='bbox 1939 1141 2096 1179; x_wconf 71' lang='lat' dir='ltr'>remissio</span> <span class='ocrx_word' id='word_1_592' title='bbox 2131 1151 2306 1191; x_wconf 79' lang='lat' dir='ltr'>peccato·</span> 
     </span>
     <span class='ocr_line' id='line_1_103' title="bbox 1354 1202 2310 1240; baseline 0.004 -8"><span class='ocrx_word' id='word_1_593' title='bbox 1354 1207 1432 1232; x_wconf 89' lang='lat' dir='ltr'>rum</span> <span class='ocrx_word' id='word_1_594' title='bbox 1444 1219 1454 1230; x_wconf 87' lang='lat'><strong><em>.</em></strong></span> <span class='ocrx_word' id='word_1_595' title='bbox 2212 1202 2310 1240; x_wconf 44' lang='lat'>4114</span> 
     </span>
     <span class='ocr_line' id='line_1_104' title="bbox 1281 1241 2305 1294; baseline -0.004 -11"><span class='ocrx_word' id='word_1_596' title='bbox 1281 1273 1291 1283; x_wconf 84' lang='grc'>.</span> <span class='ocrx_word' id='word_1_597' title='bbox 1318 1248 1448 1286; x_wconf 85' lang='lat' dir='ltr'>Vtrum</span> <span class='ocrx_word' id='word_1_598' title='bbox 1474 1247 1607 1294; x_wconf 80' lang='lat' dir='ltr'>aliquis</span> <span class='ocrx_word' id='word_1_599' title='bbox 1636 1247 1707 1282; x_wconf 80' lang='lat' dir='ltr'>fine</span> <span class='ocrx_word' id='word_1_600' title='bbox 1734 1246 1850 1291; x_wconf 86' lang='lat' dir='ltr'>gratia</span> <span class='ocrx_word' id='word_1_601' title='bbox 1876 1241 1978 1292; x_wconf 83' lang='lat' dir='ltr'>poffit</span> <span class='ocrx_word' id='word_1_602' title='bbox 2002 1244 2134 1280; x_wconf 86' lang='lat' dir='ltr'>mereri</span> <span class='ocrx_word' id='word_1_603' title='bbox 2157 1244 2305 1280; x_wconf 58' lang='lat' dir='ltr'>viram„</span> 
     </span>
     <span class='ocr_line' id='line_1_105' title="bbox 1357 1306 2306 1340; baseline -0.001 -8"><span class='ocrx_word' id='word_1_604' title='bbox 1357 1307 1520 1332; x_wconf 73' lang='lat' dir='ltr'>:eternam</span> <span class='ocrx_word' id='word_1_605' title='bbox 1532 1323 1545 1334; x_wconf 89' lang='lat'>.</span> <span class='ocrx_word' id='word_1_606' title='bbox 2215 1306 2306 1340; x_wconf 81' lang='lat'>411.</span> 
     </span>
     <span class='ocr_line' id='line_1_106' title="bbox 1303 1344 2307 1393; baseline -0.002 -9"><span class='ocrx_word' id='word_1_607' title='bbox 1303 1347 1494 1387; x_wconf 74' lang='lat' dir='ltr'>Articulus</span> <span class='ocrx_word' id='word_1_608' title='bbox 1508 1347 1676 1384; x_wconf 86' lang='lat' dir='ltr'>Incidens</span> <span class='ocrx_word' id='word_1_609' title='bbox 1689 1375 1699 1386; x_wconf 90' lang='lat'><strong>.</strong></span> <span class='ocrx_word' id='word_1_610' title='bbox 1715 1348 1773 1384; x_wconf 85' lang='lat' dir='ltr'>An</span> <span class='ocrx_word' id='word_1_611' title='bbox 1789 1344 1892 1384; x_wconf 90' lang='lat' dir='ltr'>Deus</span> <span class='ocrx_word' id='word_1_612' title='bbox 1906 1345 2069 1393; x_wconf 80' lang='lat' dir='ltr'>potentia</span> <span class='ocrx_word' id='word_1_613' title='bbox 2082 1344 2142 1380; x_wconf 87' lang='lat' dir='ltr'>sua</span> <span class='ocrx_word' id='word_1_614' title='bbox 2154 1344 2307 1382; x_wconf 81' lang='lat' dir='ltr'>absolu-</span> 
     </span>
     <span class='ocr_line' id='line_1_107' title="bbox 1352 1396 2308 1445; baseline -0.002 -13"><span class='ocrx_word' id='word_1_615' title='bbox 1352 1408 1386 1432; x_wconf 87' lang='lat' dir='ltr'>ta</span> <span class='ocrx_word' id='word_1_616' title='bbox 1398 1397 1498 1444; x_wconf 83' lang='lat' dir='ltr'>poffit</span> <span class='ocrx_word' id='word_1_617' title='bbox 1528 1397 1730 1445; x_wconf 76' lang='lat' dir='ltr'>abstergere</span> <span class='ocrx_word' id='word_1_618' title='bbox 1746 1397 1929 1433; x_wconf 87' lang='lat' dir='ltr'>hominem</span> <span class='ocrx_word' id='word_1_619' title='bbox 1961 1408 1978 1430; x_wconf 84' lang='lat' dir='ltr'>a</span> <span class='ocrx_word' id='word_1_620' title='bbox 1997 1397 2135 1433; x_wconf 73' lang='lat' dir='ltr'>macula</span> <span class='ocrx_word' id='word_1_621' title='bbox 2163 1396 2308 1444; x_wconf 83' lang='lat' dir='ltr'>peccati</span> 
     </span>
     <span class='ocr_line' id='line_1_108' title="bbox 1351 1447 2302 1493; baseline 0.001 -11"><span class='ocrx_word' id='word_1_622' title='bbox 1351 1449 1513 1483; x_wconf 83' lang='lat' dir='ltr'>mortalis</span> <span class='ocrx_word' id='word_1_623' title='bbox 1530 1447 1599 1483; x_wconf 84' lang='lat' dir='ltr'>{ine</span> <span class='ocrx_word' id='word_1_624' title='bbox 1613 1451 1737 1493; x_wconf 74' lang='lat' dir='ltr'>gratia:</span> <span class='ocrx_word' id='word_1_625' title='bbox 1751 1447 1924 1484; x_wconf 74' lang='lat' dir='ltr'>infusione</span> <span class='ocrx_word' id='word_1_626' title='bbox 1939 1470 1952 1483; x_wconf 85' lang='grc'>.</span> <span class='ocrx_word' id='word_1_627' title='bbox 2121 1463 2124 1466; x_wconf 55' lang='lat'><em>⁴</em></span> <span class='ocrx_word' id='word_1_628' title='bbox 2177 1463 2181 1466; x_wconf 97' lang='lat'>·</span> <span class='ocrx_word' id='word_1_629' title='bbox 2220 1467 2223 1470; x_wconf 27' lang='grc' dir='ltr'><strong><em>Δ</em></strong></span> <span class='ocrx_word' id='word_1_630' title='bbox 2299 1472 2302 1473; x_wconf 30' lang='lat'><em>⁷</em></span> 
     </span>
     <span class='ocr_line' id='line_1_109' title="bbox 1283 1496 2309 1548; baseline -0.002 -14"><span class='ocrx_word' id='word_1_631' title='bbox 1283 1526 1292 1534; x_wconf 91' lang='lat'><strong>.</strong></span> <span class='ocrx_word' id='word_1_632' title='bbox 1318 1498 1450 1536; x_wconf 86' lang='lat' dir='ltr'>Vtrum</span> <span class='ocrx_word' id='word_1_633' title='bbox 1465 1498 1508 1532; x_wconf 81' lang='lat' dir='ltr'>ad</span> <span class='ocrx_word' id='word_1_634' title='bbox 1522 1496 1818 1548; x_wconf 79' lang='lat' dir='ltr'>justificationem</span> <span class='ocrx_word' id='word_1_635' title='bbox 1838 1496 1940 1542; x_wconf 81' lang='lat' dir='ltr'>impii</span> <span class='ocrx_word' id='word_1_636' title='bbox 1955 1496 2163 1542; x_wconf 78' lang='lat' dir='ltr'>requiratur</span> <span class='ocrx_word' id='word_1_637' title='bbox 2180 1506 2309 1543; x_wconf 61' lang='lat' dir='ltr'>motus</span> 
     </span>
     <span class='ocr_line' id='line_1_110' title="bbox 1357 1544 2304 1593; baseline -0.003 -10"><span class='ocrx_word' id='word_1_638' title='bbox 1357 1546 1456 1583; x_wconf 87' lang='lat' dir='ltr'>liberi</span> <span class='ocrx_word' id='word_1_639' title='bbox 1470 1544 1608 1581; x_wconf 87' lang='lat' dir='ltr'>arbitrii</span> <span class='ocrx_word' id='word_1_640' title='bbox 1624 1571 1634 1582; x_wconf 91' lang='lat'><strong>.</strong></span> <span class='ocrx_word' id='word_1_641' title='bbox 2214 1557 2304 1593; x_wconf 83' lang='lat'>4¹4·</span> 
     </span>
     <span class='ocr_line' id='line_1_111' title="bbox 1279 1593 2308 1643; baseline 0.001 -12"><span class='ocrx_word' id='word_1_642' title='bbox 1279 1622 1288 1632; x_wconf 88' lang='lat'><em>.</em></span> <span class='ocrx_word' id='word_1_643' title='bbox 1316 1597 1447 1633; x_wconf 89' lang='lat' dir='ltr'>Vtrum</span> <span class='ocrx_word' id='word_1_644' title='bbox 1457 1595 1501 1630; x_wconf 89' lang='lat' dir='ltr'>ad</span> <span class='ocrx_word' id='word_1_645' title='bbox 1516 1607 1593 1631; x_wconf 83' lang='lat' dir='ltr'>eam</span> <span class='ocrx_word' id='word_1_646' title='bbox 1607 1597 1815 1641; x_wconf 83' lang='lat' dir='ltr'>requiratur</span> <span class='ocrx_word' id='word_1_647' title='bbox 1826 1605 1946 1630; x_wconf 85' lang='lat' dir='ltr'>motus</span> <span class='ocrx_word' id='word_1_648' title='bbox 1964 1593 2048 1631; x_wconf 81' lang='lat' dir='ltr'>fidei</span> <span class='ocrx_word' id='word_1_649' title='bbox 2059 1619 2069 1628; x_wconf 88' lang='lat'><strong>.</strong></span> <span class='ocrx_word' id='word_1_650' title='bbox 2214 1606 2308 1643; x_wconf 81' lang='lat'><strong>4¹4·</strong></span> 
     </span>
     <span class='ocr_line' id='line_1_112' title="bbox 1277 1645 2304 1692; baseline 0.002 -12"><span class='ocrx_word' id='word_1_651' title='bbox 1277 1677 1289 1685; x_wconf 86' lang='grc'><em>,</em></span> <span class='ocrx_word' id='word_1_652' title='bbox 1310 1647 1451 1685; x_wconf 77' lang='lat' dir='ltr'>Vtrum</span> <span class='ocrx_word' id='word_1_653' title='bbox 1468 1645 1510 1680; x_wconf 88' lang='lat' dir='ltr'>ad</span> <span class='ocrx_word' id='word_1_654' title='bbox 1528 1657 1604 1680; x_wconf 86' lang='lat' dir='ltr'>eam</span> <span class='ocrx_word' id='word_1_655' title='bbox 1622 1647 1829 1692; x_wconf 87' lang='lat' dir='ltr'>requiratur</span> <span class='ocrx_word' id='word_1_656' title='bbox 1844 1655 1965 1680; x_wconf 89' lang='lat' dir='ltr'>motus</span> <span class='ocrx_word' id='word_1_657' title='bbox 1994 1645 2097 1680; x_wconf 81' lang='lat' dir='ltr'>liberi</span> <span class='ocrx_word' id='word_1_658' title='bbox 2109 1646 2250 1690; x_wconf 66' lang='lat' dir='ltr'>arbitrii</span> <span class='ocrx_word' id='word_1_659' title='bbox 2267 1648 2304 1682; x_wconf 84' lang='lat' dir='ltr'>in</span> 
     </span>
     <span class='ocr_line' id='line_1_113' title="bbox 1351 1705 2310 1745; baseline 0.002 -15"><span class='ocrx_word' id='word_1_660' title='bbox 1351 1705 1538 1740; x_wconf 82' lang='lat' dir='ltr'>peccatum</span> <span class='ocrx_word' id='word_1_661' title='bbox 1555 1721 1564 1730; x_wconf 95' lang='lat'><em>.</em></span> <span class='ocrx_word' id='word_1_662' title='bbox 2214 1708 2310 1745; x_wconf 56' lang='lat'>4¹42</span> 
     </span>
     <span class='ocr_line' id='line_1_114' title="bbox 1280 1744 2306 1795; baseline 0.001 -14"><span class='ocrx_word' id='word_1_663' title='bbox 1280 1773 1287 1782; x_wconf 89' lang='lat'><em>.</em></span> <span class='ocrx_word' id='word_1_664' title='bbox 1314 1746 1450 1784; x_wconf 82' lang='lat' dir='ltr'>Vtrum</span> <span class='ocrx_word' id='word_1_665' title='bbox 1464 1744 1642 1793; x_wconf 80' lang='lat' dir='ltr'>praetniffis</span> <span class='ocrx_word' id='word_1_666' title='bbox 1658 1746 1698 1782; x_wconf 78' lang='lat' dir='ltr'>fit</span> <span class='ocrx_word' id='word_1_667' title='bbox 1713 1744 2007 1781; x_wconf 83' lang='lat' dir='ltr'>connumeranda</span> <span class='ocrx_word' id='word_1_668' title='bbox 2019 1745 2166 1782; x_wconf 87' lang='lat' dir='ltr'>remiffio</span> <span class='ocrx_word' id='word_1_669' title='bbox 2180 1758 2306 1795; x_wconf 85' lang='lat' dir='ltr'>pecca-</span> 
     </span>
     <span class='ocr_line' id='line_1_115' title="bbox 1353 1806 2307 1843; baseline 0.003 -13"><span class='ocrx_word' id='word_1_670' title='bbox 1353 1806 1471 1830; x_wconf 88' lang='lat' dir='ltr'>torum</span> <span class='ocrx_word' id='word_1_671' title='bbox 1490 1819 1515 1833; x_wconf 58' lang='grc'>.,</span> <span class='ocrx_word' id='word_1_672' title='bbox 2217 1807 2307 1843; x_wconf 77' lang='grc'><strong>415.</strong></span> 
     </span>
     <span class='ocr_line' id='line_1_116' title="bbox 1303 1844 2306 1894; baseline 0.003 -15"><span class='ocrx_word' id='word_1_673' title='bbox 1303 1845 1493 1884; x_wconf 74' lang='lat' dir='ltr'>Artieuitts</span> <span class='ocrx_word' id='word_1_674' title='bbox 1509 1845 1671 1881; x_wconf 83' lang='lat' dir='ltr'>incidens</span> <span class='ocrx_word' id='word_1_675' title='bbox 1685 1871 1693 1878; x_wconf 95' lang='lat'>.</span> <span class='ocrx_word' id='word_1_676' title='bbox 1710 1844 1846 1881; x_wconf 89' lang='lat' dir='ltr'>Utrum</span> <span class='ocrx_word' id='word_1_677' title='bbox 1867 1844 2017 1880; x_wconf 82' lang='lat' dir='ltr'>remiffio</span> <span class='ocrx_word' id='word_1_678' title='bbox 2029 1847 2142 1894; x_wconf 82' lang='lat' dir='ltr'>cuipae</span> <span class='ocrx_word' id='word_1_679' title='bbox 2160 1872 2171 1888; x_wconf 94' lang='lat'>,</span> <span class='ocrx_word' id='word_1_680' title='bbox 2199 1846 2235 1882; x_wconf 65' lang='grc' dir='ltr'><strong>ἃ</strong></span> <span class='ocrx_word' id='word_1_681' title='bbox 2252 1850 2306 1883; x_wconf 84' lang='lat' dir='ltr'>in-</span> 
     </span>
     <span class='ocr_line' id='line_1_117' title="bbox 1356 1894 2308 1942; baseline 0.003 -11"><span class='ocrx_word' id='word_1_682' title='bbox 1356 1895 1446 1931; x_wconf 80' lang='lat' dir='ltr'>fufio</span> <span class='ocrx_word' id='word_1_683' title='bbox 1462 1897 1585 1940; x_wconf 79' lang='lat' dir='ltr'>gratioe</span> <span class='ocrx_word' id='word_1_684' title='bbox 1602 1895 1639 1930; x_wconf 79' lang='lat' dir='ltr'>fit</span> <span class='ocrx_word' id='word_1_685' title='bbox 1656 1908 1725 1931; x_wconf 86' lang='lat' dir='ltr'>una</span> <span class='ocrx_word' id='word_1_686' title='bbox 1741 1894 1949 1938; x_wconf 72' lang='lat' dir='ltr'>simpliciter</span> <span class='ocrx_word' id='word_1_687' title='bbox 1962 1899 2113 1931; x_wconf 81' lang='lat' dir='ltr'>mutatio</span> <span class='ocrx_word' id='word_1_688' title='bbox 2127 1926 2139 1933; x_wconf 71' lang='grc'><strong><em>,</em></strong></span> <span class='ocrx_word' id='word_1_689' title='bbox 2216 1907 2308 1942; x_wconf 74' lang='grc'><strong>415.</strong></span> 
     </span>
     <span class='ocr_line' id='line_1_118' title="bbox 1281 1943 2307 1992; baseline 0.003 -12"><span class='ocrx_word' id='word_1_690' title='bbox 1281 1971 1292 1984; x_wconf 92' lang='grc'>.</span> <span class='ocrx_word' id='word_1_691' title='bbox 1316 1945 1447 1981; x_wconf 89' lang='lat' dir='ltr'>Vtrum</span> <span class='ocrx_word' id='word_1_692' title='bbox 1460 1943 1671 1990; x_wconf 81' lang='lat' dir='ltr'>justificatio</span> <span class='ocrx_word' id='word_1_693' title='bbox 1687 1945 1790 1992; x_wconf 85' lang='lat' dir='ltr'>impii</span> <span class='ocrx_word' id='word_1_694' title='bbox 1807 1944 1869 1980; x_wconf 83' lang='lat' dir='ltr'>fiat</span> <span class='ocrx_word' id='word_1_695' title='bbox 1896 1946 1931 1981; x_wconf 86' lang='lat' dir='ltr'>in</span> <span class='ocrx_word' id='word_1_696' title='bbox 1949 1946 2122 1991; x_wconf 83' lang='lat' dir='ltr'>instanti,</span> <span class='ocrx_word' id='word_1_697' title='bbox 2150 1946 2208 1982; x_wconf 88' lang='lat' dir='ltr'>vel</span> <span class='ocrx_word' id='word_1_698' title='bbox 2226 1946 2307 1983; x_wconf 89' lang='lat' dir='ltr'>suc-</span> 
     </span>
     <span class='ocr_line' id='line_1_119' title="bbox 1352 1995 2304 2044; baseline 0.003 -13"><span class='ocrx_word' id='word_1_699' title='bbox 1352 1995 1478 2032; x_wconf 84' lang='lat' dir='ltr'>ceffive</span> <span class='ocrx_word' id='word_1_700' title='bbox 1490 2023 1498 2031; x_wconf 92' lang='lat'><strong><em>.</em></strong></span> <span class='ocrx_word' id='word_1_701' title='bbox 2214 2009 2304 2044; x_wconf 80' lang='lat'>417.</span> 
     </span>
    </p>
   </div>
   <div class='ocr_carea' id='block_1_37' title="bbox 1353 2099 2303 2145">
    <p class='ocr_par' dir='ltr' id='par_1_45' title="bbox 1353 2099 2303 2145">
     <span class='ocr_line' id='line_1_120' title="bbox 1353 2099 2303 2145; baseline 0.004 -14"><span class='ocrx_word' id='word_1_702' title='bbox 1353 2106 1576 2132; x_wconf 85' lang='lat' dir='ltr'>concurrunt</span> <span class='ocrx_word' id='word_1_703' title='bbox 1591 2121 1600 2131; x_wconf 86' lang='lat'><strong>.</strong></span> <span class='ocrx_word' id='word_1_704' title='bbox 2213 2099 2303 2145; x_wconf 80' lang='lat'>418.</span> 
     </span>
    </p>
   </div>
   <div class='ocr_carea' id='block_1_38' title="bbox 1279 2199 2308 2298">
    <p class='ocr_par' dir='ltr' id='par_1_46' title="bbox 1279 2199 2308 2298">
     <span class='ocr_line' id='line_1_121' title="bbox 1279 2199 2308 2298; baseline 0.003 -14"><span class='ocrx_word' id='word_1_705' title='bbox 1279 2259 1316 2284; x_wconf 91' lang='lat'>0.</span> <span class='ocrx_word' id='word_1_706' title='bbox 1338 2199 1471 2283; x_wconf 55' lang='grc' dir='ltr'>ὖῗῗῖιὶῃ</span> <span class='ocrx_word' id='word_1_707' title='bbox 1487 2245 1703 2293; x_wconf 55' lang='lat' dir='ltr'>justificatio</span> <span class='ocrx_word' id='word_1_708' title='bbox 1717 2247 1819 2295; x_wconf 77' lang='lat' dir='ltr'>impii</span> <span class='ocrx_word' id='word_1_709' title='bbox 1834 2247 1874 2283; x_wconf 79' lang='lat' dir='ltr'>{it</span> <span class='ocrx_word' id='word_1_710' title='bbox 1891 2248 2103 2286; x_wconf 69' lang='lat' dir='ltr'>miraculosa</span> <span class='ocrx_word' id='word_1_711' title='bbox 2120 2275 2130 2286; x_wconf 89' lang='lat'><strong>.</strong></span> <span class='ocrx_word' id='word_1_712' title='bbox 2213 2210 2308 2298; x_wconf 56' lang='grc' dir='ltr'>ἓξὲξ</span> 
     </span>
    </p>
   </div>
   <div class='ocr_carea' id='block_1_39' title="bbox 1282 2345 2306 2497">
    <p class='ocr_par' dir='ltr' id='par_1_47' title="bbox 1282 2345 2306 2497">
     <span class='ocr_line' id='line_1_122' title="bbox 1461 2345 2078 2396; baseline 0.01 -15"><span class='ocrx_word' id='word_1_713' title='bbox 1461 2347 1563 2396; x_wconf 70' lang='lat' dir='ltr'>QU</span> <span class='ocrx_word' id='word_1_714' title='bbox 1587 2349 1650 2385; x_wconf 86' lang='grc' dir='ltr'>ΑΕ</span> <span class='ocrx_word' id='word_1_715' title='bbox 1679 2348 1702 2385; x_wconf 95' lang='lat' dir='ltr'>S</span> <span class='ocrx_word' id='word_1_716' title='bbox 1732 2345 1770 2385; x_wconf 90' lang='lat' dir='ltr'>T</span> <span class='ocrx_word' id='word_1_717' title='bbox 1801 2349 1811 2383; x_wconf 89' lang='grc' dir='ltr'>Ι</span> <span class='ocrx_word' id='word_1_718' title='bbox 1841 2349 1878 2385; x_wconf 93' lang='lat' dir='ltr'>O</span> <span class='ocrx_word' id='word_1_719' title='bbox 1930 2349 2078 2390; x_wconf 80' lang='lat' dir='ltr'>Cle.</span> 
     </span>
     <span class='ocr_line' id='line_1_123' title="bbox 1306 2395 2306 2449; baseline 0.004 -18"><span class='ocrx_word' id='word_1_720' title='bbox 1306 2395 1368 2432; x_wconf 80' lang='lat' dir='ltr'>De</span> <span class='ocrx_word' id='word_1_721' title='bbox 1383 2400 1530 2440; x_wconf 74' lang='lat' dir='ltr'>merito,</span> <span class='ocrx_word' id='word_1_722' title='bbox 1542 2398 1637 2444; x_wconf 85' lang='lat' dir='ltr'>quod</span> <span class='ocrx_word' id='word_1_723' title='bbox 1650 2399 1697 2445; x_wconf 82' lang='lat' dir='ltr'>est</span> <span class='ocrx_word' id='word_1_724' title='bbox 1713 2399 1987 2446; x_wconf 62' lang='lat' dir='ltr'>eftbflusgratiae</span> <span class='ocrx_word' id='word_1_725' title='bbox 2013 2402 2229 2449; x_wconf 80' lang='lat' dir='ltr'>cooperantis</span> <span class='ocrx_word' id='word_1_726' title='bbox 2244 2425 2257 2435; x_wconf 86' lang='lat'><strong>.</strong></span> <span class='ocrx_word' id='word_1_727' title='bbox 2301 2441 2306 2443; x_wconf 37' lang='grc'><strong>,</strong></span> 
     </span>
     <span class='ocr_line' id='line_1_124' title="bbox 1282 2448 2303 2497; baseline 0.005 -14"><span class='ocrx_word' id='word_1_728' title='bbox 1282 2474 1292 2483; x_wconf 88' lang='grc'>.</span> <span class='ocrx_word' id='word_1_729' title='bbox 1318 2448 1450 2484; x_wconf 87' lang='lat' dir='ltr'>Vtrum</span> <span class='ocrx_word' id='word_1_730' title='bbox 1463 2448 1573 2483; x_wconf 83' lang='lat' dir='ltr'>homo</span> <span class='ocrx_word' id='word_1_731' title='bbox 1588 2449 1687 2495; x_wconf 83' lang='lat' dir='ltr'>poffit</span> <span class='ocrx_word' id='word_1_732' title='bbox 1698 2450 1834 2497; x_wconf 87' lang='lat' dir='ltr'>aliquid</span> <span class='ocrx_word' id='word_1_733' title='bbox 1849 2452 1973 2486; x_wconf 83' lang='lat' dir='ltr'>mereri</span> <span class='ocrx_word' id='word_1_734' title='bbox 1986 2463 2006 2487; x_wconf 91' lang='lat' dir='ltr'>a</span> <span class='ocrx_word' id='word_1_735' title='bbox 2018 2453 2100 2488; x_wconf 90' lang='lat' dir='ltr'>Deo</span> <span class='ocrx_word' id='word_1_736' title='bbox 2110 2477 2122 2486; x_wconf 89' lang='lat'><strong>.</strong></span> <span class='ocrx_word' id='word_1_737' title='bbox 2216 2461 2263 2496; x_wconf 88' lang='lat'>42</span> <span class='ocrx_word' id='word_1_738' title='bbox 2273 2463 2303 2488; x_wconf 83' lang='lat' dir='ltr'>r.</span> 
     </span>
    </p>
   </div>
   <div class='ocr_carea' id='block_1_40' title="bbox 1285 2497 2309 2596">
    <p class='ocr_par' dir='ltr' id='par_1_48' title="bbox 1285 2497 2309 2596">
     <span class='ocr_line' id='line_1_125' title="bbox 1285 2497 2309 2548; baseline 0.006 -15"><span class='ocrx_word' id='word_1_739' title='bbox 1285 2524 1295 2533; x_wconf 89' lang='lat'><strong>.</strong></span> <span class='ocrx_word' id='word_1_740' title='bbox 1319 2497 1453 2535; x_wconf 88' lang='lat' dir='ltr'>Vtrum</span> <span class='ocrx_word' id='word_1_741' title='bbox 1479 2499 1610 2546; x_wconf 81' lang='lat' dir='ltr'>aliquis</span> <span class='ocrx_word' id='word_1_742' title='bbox 1641 2499 1711 2535; x_wconf 84' lang='lat' dir='ltr'>fine</span> <span class='ocrx_word' id='word_1_743' title='bbox 1739 2501 1854 2548; x_wconf 85' lang='lat' dir='ltr'>gratia</span> <span class='ocrx_word' id='word_1_744' title='bbox 1880 2501 1982 2548; x_wconf 83' lang='lat' dir='ltr'>poflit</span> <span class='ocrx_word' id='word_1_745' title='bbox 2008 2503 2136 2539; x_wconf 88' lang='lat' dir='ltr'>mereri</span> <span class='ocrx_word' id='word_1_746' title='bbox 2162 2502 2309 2539; x_wconf 82' lang='lat' dir='ltr'>vitam..</span> 
     </span>
     <span class='ocr_line' id='line_1_126' title="bbox 1357 2559 2306 2596; baseline 0.005 -13"><span class='ocrx_word' id='word_1_747' title='bbox 1357 2559 1523 2584; x_wconf 81' lang='lat' dir='ltr'>aeternam</span> <span class='ocrx_word' id='word_1_748' title='bbox 1543 2575 1552 2583; x_wconf 97' lang='lat'>.</span> <span class='ocrx_word' id='word_1_749' title='bbox 2212 2561 2306 2596; x_wconf 85' lang='lat'>422.</span> 
     </span>
    </p>
   </div>
   <div class='ocr_carea' id='block_1_41' title="bbox 1282 2599 2308 3204">
    <p class='ocr_par' dir='ltr' id='par_1_49' title="bbox 1282 2599 2308 2801">
     <span class='ocr_line' id='line_1_127' title="bbox 1282 2599 2306 2651; baseline 0.004 -17"><span class='ocrx_word' id='word_1_750' title='bbox 1282 2624 1292 2634; x_wconf 90' lang='lat'><strong>.</strong></span> <span class='ocrx_word' id='word_1_751' title='bbox 1317 2599 1452 2636; x_wconf 88' lang='lat' dir='ltr'>Vtrum</span> <span class='ocrx_word' id='word_1_752' title='bbox 1466 2600 1576 2635; x_wconf 87' lang='lat' dir='ltr'>homo</span> <span class='ocrx_word' id='word_1_753' title='bbox 1588 2600 1621 2634; x_wconf 90' lang='lat' dir='ltr'>in</span> <span class='ocrx_word' id='word_1_754' title='bbox 1635 2602 1747 2644; x_wconf 82' lang='lat' dir='ltr'>gratia</span> <span class='ocrx_word' id='word_1_755' title='bbox 1762 2599 1981 2640; x_wconf 82' lang='lat' dir='ltr'>constitutus</span> <span class='ocrx_word' id='word_1_756' title='bbox 1993 2601 2094 2651; x_wconf 83' lang='lat' dir='ltr'>possit</span> <span class='ocrx_word' id='word_1_757' title='bbox 2106 2602 2236 2638; x_wconf 82' lang='lat' dir='ltr'>mereri</span> <span class='ocrx_word' id='word_1_758' title='bbox 2250 2604 2306 2638; x_wconf 85' lang='lat' dir='ltr'>vi-</span> 
     </span>
     <span class='ocr_line' id='line_1_128' title="bbox 1357 2652 2308 2701; baseline 0.007 -18"><span class='ocrx_word' id='word_1_759' title='bbox 1357 2660 1428 2684; x_wconf 88' lang='lat' dir='ltr'>tam</span> <span class='ocrx_word' id='word_1_760' title='bbox 1445 2661 1609 2685; x_wconf 65' lang='lat' dir='ltr'>aeternam</span> <span class='ocrx_word' id='word_1_761' title='bbox 1626 2662 1670 2685; x_wconf 86' lang='lat' dir='ltr'>ex</span> <span class='ocrx_word' id='word_1_762' title='bbox 1683 2652 1864 2696; x_wconf 85' lang='lat' dir='ltr'>condigno</span> <span class='ocrx_word' id='word_1_763' title='bbox 1875 2679 1885 2686; x_wconf 90' lang='lat'><strong><em>.</em></strong></span> <span class='ocrx_word' id='word_1_764' title='bbox 2212 2664 2285 2701; x_wconf 83' lang='lat'>422</span> <span class='ocrx_word' id='word_1_765' title='bbox 2296 2679 2308 2691; x_wconf 85' lang='lat'>.</span> 
     </span>
     <span class='ocr_line' id='line_1_129' title="bbox 1306 2699 2304 2753; baseline 0.007 -20"><span class='ocrx_word' id='word_1_766' title='bbox 1306 2700 1497 2738; x_wconf 74' lang='lat' dir='ltr'>ArtIculus</span> <span class='ocrx_word' id='word_1_767' title='bbox 1516 2699 1680 2736; x_wconf 75' lang='lat' dir='ltr'>incidens</span> <span class='ocrx_word' id='word_1_768' title='bbox 1708 2726 1716 2736; x_wconf 95' lang='lat'>.</span> <span class='ocrx_word' id='word_1_769' title='bbox 1750 2701 1889 2736; x_wconf 87' lang='lat' dir='ltr'>Utrum</span> <span class='ocrx_word' id='word_1_770' title='bbox 1906 2705 2106 2753; x_wconf 82' lang='lat' dir='ltr'>acceptatio</span> <span class='ocrx_word' id='word_1_771' title='bbox 2134 2703 2304 2742; x_wconf 72' lang='lat' dir='ltr'>Divina.»</span> 
     </span>
     <span class='ocr_line' id='line_1_130' title="bbox 1356 2750 2301 2801; baseline 0.004 -16"><span class='ocrx_word' id='word_1_772' title='bbox 1356 2750 1532 2795; x_wconf 80' lang='lat' dir='ltr'>pertineat</span> <span class='ocrx_word' id='word_1_773' title='bbox 1550 2750 1592 2784; x_wconf 79' lang='lat' dir='ltr'>ad</span> <span class='ocrx_word' id='word_1_774' title='bbox 1604 2751 1719 2785; x_wconf 89' lang='lat' dir='ltr'>meriti</span> <span class='ocrx_word' id='word_1_775' title='bbox 1731 2752 1903 2787; x_wconf 78' lang='lat' dir='ltr'>rationem</span> <span class='ocrx_word' id='word_1_776' title='bbox 1916 2779 1924 2788; x_wconf 92' lang='lat'>.</span> <span class='ocrx_word' id='word_1_777' title='bbox 2211 2765 2301 2801; x_wconf 82' lang='lat'>4²5·</span> 
     </span>
    </p>

    <p class='ocr_par' dir='ltr' id='par_1_50' title="bbox 1356 2850 2307 3204">
     <span class='ocr_line' id='line_1_131' title="bbox 1356 2850 2307 2902; baseline 0.006 -16"><span class='ocrx_word' id='word_1_778' title='bbox 1356 2862 1415 2897; x_wconf 87' lang='lat' dir='ltr'>per</span> <span class='ocrx_word' id='word_1_779' title='bbox 1430 2850 1637 2885; x_wconf 87' lang='lat' dir='ltr'>charitatem</span> <span class='ocrx_word' id='word_1_780' title='bbox 1656 2877 1668 2892; x_wconf 89' lang='lat'>,</span> <span class='ocrx_word' id='word_1_781' title='bbox 1680 2862 1787 2897; x_wconf 86' lang='lat' dir='ltr'>quam</span> <span class='ocrx_word' id='word_1_782' title='bbox 1805 2862 1865 2897; x_wconf 84' lang='lat' dir='ltr'>per</span> <span class='ocrx_word' id='word_1_783' title='bbox 1879 2853 1966 2889; x_wconf 83' lang='lat' dir='ltr'>alias</span> <span class='ocrx_word' id='word_1_784' title='bbox 1978 2855 2136 2892; x_wconf 85' lang='lat' dir='ltr'>virtutes</span> <span class='ocrx_word' id='word_1_785' title='bbox 2147 2883 2157 2893; x_wconf 92' lang='lat'><strong>.</strong></span> <span class='ocrx_word' id='word_1_786' title='bbox 2210 2856 2285 2902; x_wconf 77' lang='lat'>426</span> <span class='ocrx_word' id='word_1_787' title='bbox 2296 2885 2307 2892; x_wconf 88' lang='lat'>.</span> 
     </span>
     <span class='ocr_line' id='line_1_132' title="bbox 1357 2951 2305 3004; baseline 0.007 -19"><span class='ocrx_word' id='word_1_788' title='bbox 1357 2951 1442 2987; x_wconf 87' lang='lat' dir='ltr'>tiam</span> <span class='ocrx_word' id='word_1_789' title='bbox 1455 2975 1466 2985; x_wconf 86' lang='lat'><strong>.</strong></span> <span class='ocrx_word' id='word_1_790' title='bbox 2216 2967 2305 3004; x_wconf 82' lang='lat'>427.</span> 
     </span>
     <span class='ocr_line' id='line_1_133' title="bbox 1359 3051 2307 3102; baseline 0.006 -16"><span class='ocrx_word' id='word_1_791' title='bbox 1359 3051 1443 3086; x_wconf 85' lang='lat' dir='ltr'>tiam</span> <span class='ocrx_word' id='word_1_792' title='bbox 1457 3076 1466 3086; x_wconf 92' lang='lat'><strong>.</strong></span> <span class='ocrx_word' id='word_1_793' title='bbox 2217 3059 2307 3102; x_wconf 84' lang='lat'>428.</span> 
     </span>
     <span class='ocr_line' id='line_1_134' title="bbox 1362 3150 2307 3204; baseline 0.01 -18"><span class='ocrx_word' id='word_1_794' title='bbox 1362 3150 1498 3199; x_wconf 86' lang='lat' dir='ltr'>lapsum</span> <span class='ocrx_word' id='word_1_795' title='bbox 1512 3177 1522 3188; x_wconf 88' lang='lat'><strong>.</strong></span> <span class='ocrx_word' id='word_1_796' title='bbox 2219 3167 2307 3204; x_wconf 83' lang='lat'><strong>429.</strong></span> 
     </span>
    </p>
   </div>
   <div class='ocr_carea' id='block_1_42' title="bbox 1363 3252 2306 3304">
    <p class='ocr_par' dir='ltr' id='par_1_51' title="bbox 1363 3252 2306 3304">
     <span class='ocr_line' id='line_1_135' title="bbox 1363 3252 2306 3304; baseline 0.01 -17"><span class='ocrx_word' id='word_1_797' title='bbox 1363 3252 1549 3289; x_wconf 84' lang='lat' dir='ltr'>charitatis</span> <span class='ocrx_word' id='word_1_798' title='bbox 1567 3279 1576 3288; x_wconf 94' lang='lat'>.</span> <span class='ocrx_word' id='word_1_799' title='bbox 2221 3268 2306 3304; x_wconf 18' lang='lat'>431⁷.</span> 
     </span>
    </p>
   </div>
   <div class='ocr_carea' id='block_1_43' title="bbox 1360 3354 2306 3405">
    <p class='ocr_par' dir='ltr' id='par_1_52' title="bbox 1360 3354 2306 3405">
     <span class='ocr_line' id='line_1_136' title="bbox 1360 3354 2306 3405; baseline 0.011 -16"><span class='ocrx_word' id='word_1_800' title='bbox 1360 3354 1449 3391; x_wconf 92' lang='lat' dir='ltr'>lem.</span> <span class='ocrx_word' id='word_1_801' title='bbox 2215 3370 2306 3405; x_wconf 78' lang='lat'>431.</span> 
     </span>
    </p>
   </div>
   <div class='ocr_carea' id='block_1_44' title="bbox 2085 3810 2247 3862">
    <p class='ocr_par' dir='ltr' id='par_1_53' title="bbox 2085 3810 2247 3862">
     <span class='ocr_line' id='line_1_137' title="bbox 2085 3810 2247 3862; baseline -0.006 -12"><span class='ocrx_word' id='word_1_802' title='bbox 2085 3810 2247 3862; x_wconf 69' lang='lat' dir='ltr'>QAE-</span> 
     </span>
    </p>
   </div>
  </div>
 </body>
</html>
