2628 4011
725 165 881 213 Tomus
900 162 992 213 III.
1010 168 1136 214 Part.
1154 166 1213 212 II.
1236 167 1429 241 Qaestio
1449 171 1575 218 XCV
1575 169 1659 222 III,
1673 173 1778 220 Are.
1800 175 1837 220 I.

295 247 484 273 commune
496 260 508 277 ,
531 233 637 281 cujus
649 235 766 281 gratia
782 236 875 280 leges
893 236 969 270 latae
984 236 1245 283 probantur3ae

289 285 559 334 etiamjustum,
573 286 627 319 vel
654 289 788 319 bonum
804 287 982 331 peculiare
997 288 1243 322 membrorum

291 337 555 375 communitatis
570 362 580 378 ‚
608 347 651 370 ex
666 335 803 381 quibus
821 335 986 372 coalescit
1002 349 1238 373 commune-1.

291 390 466 435 Alioquin
496 384 702 423 rationabili
737 396 808 420 non
821 399 1032 425 occurrente
1058 386 1162 423 causa
1175 386 1246 422 dis·

2093 184 2194 241 '353

1319 238 1488 285 pensandi
1507 265 1518 281 ,
1534 253 1596 288 per
1612 240 1890 288 imprudentiam
1911 271 1921 286 ‚
1940 256 1980 281 ut
1992 247 2126 284 dicium
2143 249 2273 298 est,po.

1317 288 1445 325 testate
1462 290 1697 327 abuterentur
1715 304 1727 332 ;
1754 292 1787 327 8(
1807 293 2034 340 Reipublicae
2050 324 2060 338 ,
2084 297 2189 343 cujus
2206 312 2270 336 cu-

1316 352 1388 375 ram
1403 351 1560 385 gerunt,
1590 342 1712 388 legum
1729 344 1909 380 laxatione
1940 348 2134 393 plurimum
2162 361 2269 389 noce.

1318 399 1395 425 rent
1411 417 1419 425 .
1853 401 1857 404 '

294 568 2083 594 m-m—WWQ
2088 579 2100 588 n
2105 578 2262 594 ῃ

406 718 686 872 Qu
749 723 887 829 ΑΞ
947 724 1019 830 s
1082 719 1187 833 T
1249 723 1307 832 1
1367 721 1485 833 o
1597 722 2137 839 XCVIII*

746 901 887 952 DE
955 898 1256 953 LEGE
1325 902 1803 965 VETERt,

661 1032 744 1069 IN
798 1032 945 1070 SEX
999 1032 1505 1071 ARTICULOS
1559 1034 1890 1074 DIVISA.

535 1144 799 1194 Corffequenter
826 1145 1107 1193 confidernndum
1133 1146 1182 1194 est
1203 1147 1247 1183 de
1272 1147 1346 1195 Iege
1372 1149 1491 1185 veteri
1508 1174 1518 1186 .
1543 1148 1592 1185 Et
1608 1153 1722 1199 primo
1746 1150 1790 1188 de
1817 1148 1890 1200 ipsit
1910 1148 2005 1197 lege.

20 1199 33 1260 s
989 1198 1150 1234 Secundo
1165 1225 1178 1241 ,
1199 1199 1242 1235 de
1257 1201 1442 1249 praeceptis
1463 1199 1560 1247 ejus.

514 1310 777 1351 CIRCA
842 1313 1178 1351 PRIMUM
1239 1316 1806 1364 QUAERUNTUR
1865 1315 2035 1353 SEX:

576 1428 609 1464 l.
714 1430 854 1465 Utrum
881 1430 938 1464 lex
961 1439 1066 1464 vetus
1093 1428 1133 1464 fit
1156 1431 1273 1466 bona;

588 1477 640 1561 ΙΙΙ.
727 1479 862 1514 Utrum
892 1479 931 1514 fit
958 1491 975 1513 a
1008 1478 1111 1516 Deo.

579 1528 651 1612 PV-
714 1579 850 1616 Utrum
875 1581 958 1615 data
988 1580 1026 1615 fit
1057 1580 1249 1616 omnibus.

573 1627 634 1712 {fil
714 1630 850 1666 Utrum
878 1641 1000 1666 omnes
1026 1630 1188 1676 obliget.

456 1792 491 1828 A
520 1793 553 1828 R
581 1793 658 1839 '111
686 1792 718 1829 C
749 1795 786 1830 U
817 1794 843 1829 L
873 1796 911 1830 U
940 1795 964 1833 S
1022 1795 1050 1830 Ι,

434 1891 569 1929 Vtrum
591 1894 650 1929 lex
678 1905 784 1931 vetus
820 1894 929 1931 fuerit
955 1895 1076 1932 bona.

441 1992 477 2028 A
507 1995 540 2030 R
569 1995 604 2031 T
634 1994 647 2030 Ι
676 1994 708 2029 C
738 1995 776 2031 U
806 1997 834 2032 L
865 1997 902 2033 V
930 1996 954 2034 S
1010 1996 1060 2032 11.

417 2091 552 2130 Vtrum
587 2095 645 2130 lex
667 2105 770 2131 vetus
791 2095 900 2132 fuerit
928 2108 947 2132 a
979 2099 1083 2133 Deo.

272 2191 423 2240 Magist.
437 2192 578 2242 Alenfis
593 2206 624 2242 3.
634 2204 671 2244 p.
689 2207 722 2243 q.
739 2197 798 2232 28.
813 2209 857 2231 m.
868 2207 898 2232 ι.
913 2206 984 2234 art.
998 2206 1032 2242 ς.
1047 2197 1088 2234 S.
1107 2193 1229 2232 Thom.

526 2257 556 2282 ι.
576 2255 610 2281 2.
625 2258 659 2293 q.
674 2247 734 2294 98-
752 2256 878 2282 arc.1.
893 2245 937 2284 (θ’
955 2259 992 2283 z.

541 2343 778 2382 IDENTVR
805 2345 895 2390 legis
923 2346 1052 2382 vetetis
1081 2343 1134 2379 vel
1150 2343 1234 2378 Mo-

556 2395 768 2444 saycaefi·tca
802 2396 899 2431 haud
908 2394 1013 2444 suffe
1028 2407 1048 2430 a
1067 2397 1145 2430 Deo
1158 2419 1168 2434 ,
1196 2404 1237 2428 ac

553 2446 701 2494 proinde
726 2446 835 2494 ipsam
864 2448 976 2492 legem
1007 2447 1147 2483 minime
1175 2445 1236 2478 bo-

554 2510 633 2533 nam
662 2496 737 2533 fore
763 2498 995 2544 reputandam
1017 2525 1025 2534 .
1057 2499 1151 2534 Nam
1178 2493 1230 2529 se-

554 2547 713 2584 cundum
730 2548 885 2594 August.
908 2561 938 2584 1.
963 2547 1006 2584 de
1032 2548 1096 2582 lib.
1124 2546 1225 2581 arbit.

271 2612 307 2636 c.
326 2608 382 2643 ις.
403 2596 520 2644 Jubet
535 2608 664 2635 aetcrna
688 2599 745 2636 lex
762 2610 912 2635 amorem
933 2608 1129 2634 averterea
1145 2606 1230 2632 tem-

266 2648 451 2698 poralibus
466 2675 475 2688 ,
486 2646 530 2685 ὠ·
543 2649 772 2685 emundatum
791 2648 840 2684 ad
852 2659 983 2685 aeterna
1001 2656 1207 2685 convertere
1220 2672 1230 2682 .

271 2700 343 2739 Sed
364 2696 531 2745 Mosayca
549 2703 604 2735 lex
619 2700 797 2736 convertit
821 2702 980 2735 animum
996 2702 1036 2734 ad
1052 2710 1231 2744 tempora·

270 2753 315 2787 lia
332 2777 341 2791 ‚
365 2751 399 2785 8(
423 2751 610 2785 avertitab
625 2750 762 2788 aerernis
784 2763 795 2790 3
821 2749 868 2785 est
886 2751 1231 2798 igitutlegiaeterrae

270 2800 450 2838 contraria
465 2827 475 2842 ‚
503 2812 542 2835 ac
555 2801 705 2847 proinde
724 2803 791 2836 lata
816 2812 886 2836 non
904 2800 952 2836 cst
971 2800 1117 2836 auam-e
1136 2801 1230 2834 Deo.

269 2852 394 2888 Minor
411 2853 586 2897 probatur
604 2864 646 2886 ex
665 2853 726 2888 illo
747 2849 836 2885 lsaiae
857 2864 885 2888 1.
900 2853 940 2888 Si
956 2852 1142 2887 volueritis
1160 2875 1171 2894 ,
1187 2848 1230 2887 (ἐπ’

275 2902 468 2938 audiericts
497 2914 549 2936 me
565 2900 651 2937 hona
676 2912 781 2938 terrae
808 2902 990 2938 comedetis
1008 2928 1018 2938 .
1042 2905 1131 2940 Non
1145 2911 1231 2935 con-

273 2955 386 2988 vertit
414 2964 500 2997 ergo
530 2957 688 2989 animum
710 2951 755 2986 ad
787 2963 915 2989 aeterna
932 2979 945 2999 ‚
968 2952 1024 2988 sed
1049 2952 1162 2998 magis
1185 2949 1230 2985 ad

269 3004 477 3051 temporalia
493 3028 502 3038 .

374 3055 565 3095 Praeterea,
591 3054 644 3088 De
662 3051 794 3087 summa
821 3054 959 3089 ratione
982 3064 1052 3088 non
1066 3051 1226 3100 procedit

271 3115 489 3153 praeceptum
515 3103 663 3149 aliquod
689 3103 757 3137 flue
774 3104 908 3138 ratione
928 3116 939 3138 2
969 3105 1092 3150 inlege
1109 3099 1225 3149 Moyfi

271 3157 381 3190 multa
413 3154 670 3195 continentur,
697 3165 853 3199 quorum
878 3154 973 3189 nulla
1001 3163 1142 3200 apparet
1172 3165 1227 3186 ra-

272 3205 351 3244 tio;
374 3217 443 3239 uon
462 3204 603 3240 videtur
621 3215 706 3248 ergo
721 3203 820 3239 fuisse
843 3215 859 3237 a
883 3204 958 3249 lege
976 3215 1104 3239 aeterna
1119 3229 1129 3239 .
1155 3202 1228 3238 Mi-

274 3266 338 3288 nor
354 3254 584 3294 declaratur3
612 3253 780 3300 siquidem
806 3256 1004 3289 Deuteron.
1034 3265 1087 3289 12.
1121 3252 1231 3288 sanci·

270 3313 333 3337 tur
354 3330 363 3344 ‚
375 3303 454 3338 lana
473 3306 516 3345 (ς’
531 3305 600 3339 lino
614 3316 680 3339 non
692 3302 851 3350 vestieris
869 3329 877 3337 .
905 3304 1076 3340 Similiter
1092 3316 1157 3339 non
1173 3314 1227 3337 co-

275 3364 356 3400 ques
371 3352 506 3388 haedum
524 3357 559 3388 in
574 3354 659 3389 Ιαὲῖε
671 3355 793 3390 matris
808 3379 815 3387 .
846 3354 932 3389 ltem
951 3356 1043 3392 Non
1054 3355 1169 3390 arabis
1186 3355 1224 3387 in

274 3403 372 3440 Bove
384 3401 426 3439 &¹
441 3403 552 3449 Afino
568 3428 577 3437 .
604 3405 742 3439 Horum
758 3430 770 3446 ,
797 3405 830 3440 8(
846 3404 1081 3440 consimilium
1099 3406 1224 3443 nulla.»

271 3451 568 3490 innotescitsatio
586 3479 597 3487 .

376 3501 574 3542 Praeterca,
601 3501 659 3536 Ad
685 3504 855 3539 Hebraeos
885 3515 920 3547 7.
947 3505 1158 3551 Reprobatio
1172 3501 1224 3546 fit

275 3549 502 3601 praecedentis
526 3551 685 3586 mandati
707 3561 849 3599 propter
871 3555 1118 3599 i2,fi'r›s,·itatem
1147 3580 1155 3592 ,
1180 3552 1224 3591 (Ὺ

275 3600 510 3638 inutilitatem
535 3601 567 3635 8<
595 3601 756 3645 loquitur
783 3614 958 3647 quantum
987 3603 1029 3638 ad
1059 3615 1225 3639 caercmo-

275 3651 409 3686 nialla:
443 3649 500 3690 sed
526 3649 611 3688 nihil
627 3649 802 3687 infiran
821 3654 854 3688 8<
873 3655 996 3689 inutile
1013 3653 1060 3688 est
1083 3667 1099 3688 a
1118 3656 1228 3697 lege„

279 3711 406 3736 aeterna
423 3713 434 3741 ς
452 3712 539 3746 ergo
555 3699 681 3741 harum
695 3705 982 3741 cxremoniarum
1001 3705 1229 3752 principium,

279 3762 354 3787 non
372 3750 513 3786 videtur
530 3749 629 3787 fuisse
645 3751 804 3796 optimus
823 3754 921 3789 Deus
937 3780 944 3788 .

380 3800 555 3837 Praeterea
570 3827 582 3844 ,
596 3802 653 3840 Ad
674 3800 782 3837 Rom.
796 3813 830 3849 7.
848 3803 1151 3850 Lexsubintravit
1167 3833 1177 3848 ,
1190 3815 1230 3842 uc

721 1530 853 1565 Utrum
886 1529 923 1564 stt
947 1543 966 1565 a
994 1531 1073 1564 Deo
1099 1528 1338 1568 mediantibus
1363 1533 1539 1581 Angelis.

721 1681 851 1716 Utrum
884 1693 1048 1727 congruo
1071 1690 1233 1730 tempore
1258 1683 1365 1721 fuerit
1388 1683 1496 1720 data.

1305 1798 1508 1834 abundaret
1534 1794 1701 1831 deliffum
1719 1808 1731 1836 ς
1754 1807 1840 1842 ergo
1862 1799 1919 1833 lex
1936 1796 1984 1832 est
2009 1796 2146 1844 peccati
2167 1807 2255 1843 aug-

1306 1861 1468 1885 mentum
1488 1873 1498 1888 ,
1529 1845 1599 1883 Sed
1618 1846 1707 1881 nihil
1725 1848 1790 1882 tale
1807 1847 1854 1882 est
1869 1861 1887 1882 a
1910 1849 1987 1892 lege
2006 1858 2131 1883 aeterna
2148 1870 2157 1880 .
2184 1847 2256 1882 lbi-

1305 1900 1383 1936 dem
1400 1909 1547 1945 quoque
1562 1897 1729 1932 scribitur
1744 1923 1753 1937 ,
1770 1895 1938 1942 Paffiones
1946 1905 2164 1946 peccatorum
2181 1908 2256 1944 qaae

1302 1958 1366 1998 per
1377 1949 1487 1994 legem
1504 1956 1609 1983 erant
1628 1960 1640 1988 ;
1668 1958 1755 1993 ergo
1778 1949 1835 1984 lex
1850 1949 2019 1996 Mosayca
2034 1947 2083 1984 est
2096 1946 2198 1983 causa
2213 1948 2258 1984 il·

1301 2002 1416 2037 larum
1436 1997 1630 2044 passionum
1648 2024 1656 2033 .

1404 2049 1460 2085 Est
1479 2047 1658 2096 responsio
1670 2047 1869 2085 dicentium
1885 2075 1897 2091 ,
1922 2050 1998 2084 haec
2012 2049 2046 2084 8(
2073 2048 2262 2085 fimiliain-

1302 2099 1498 2145 telligenda
1522 2099 1589 2136 effe
1604 2111 1640 2134 ut
1673 2098 1866 2146 significant
1889 2099 2108 2134 occasionem
2123 2125 2134 2141 ,
2159 2110 2260 2134 non...

1303 2152 1442 2188 causan·-
1459 2176 1470 2188 .
1486 2149 1622 2185 Contra
1637 2150 1657 2184 st
1674 2150 1733 2185 lex
1750 2149 1796 2185 est
1810 2149 1949 2185 occasio
1961 2150 2095 2195 peccati
2115 2176 2124 2188 ‚
2141 2150 2172 2184 8(
2190 2160 2261 2184 non

1301 2200 1405 2238 causa
1425 2228 1434 2241 ,
1450 2212 1536 2244 ergo
1555 2199 1697 2246 perinde
1710 2200 1779 2235 hoe
1795 2199 1828 2236 se
1853 2200 2005 2235 haberet
2031 2201 2140 2235 stante
2157 2200 2232 2243 lege
2247 2225 2261 2241 ,

1304 2265 1344 2288 ac
1358 2250 1429 2298 ipsa
1446 2250 1608 2292 sublata,
1643 2249 1696 2285 sed
1710 2251 1781 2286 hoc
1805 2250 1853 2285 est
1872 2250 1998 2286 falsum
2017 2275 2029 2293 ‚
2052 2253 2136 2296 quia
2149 2250 2261 2285 adve-

1305 2308 1424 2343 niente
1437 2301 1511 2347 lege
1529 2328 1539 2343 ,
1563 2301 1887 2348 peccatumsaflum
1913 2302 1961 2348 est
1979 2303 2262 2349 praevaricatio,

1308 2353 1351 2387 ad
1364 2354 1473 2388 Rom.
1490 2365 1527 2394 4.
1552 2362 1639 2393 ergo
1666 2352 1724 2386 lex
1751 2351 1800 2386 est
1826 2349 1930 2386 causa
1955 2352 1986 2386 ἃ*
2021 2363 2091 2386 non
2119 2353 2260 2389 occasio

1309 2402 1501 2451 peccandi.
1524 2402 1565 2436 Et
1584 2399 1668 2439 hinc
1683 2402 1856 2448 putabant
1879 2401 2068 2437 Manichaei
2094 2402 2179 2451 legis
2195 2415 2259 2439 ex.

1307 2453 1411 2489 titisse
1428 2450 1639 2499 principium
1656 2453 1787 2492 malum
1803 2477 1810 2486 .
1825 2450 1966 2491 Deinde
1981 2453 2093 2498 magis
2109 2454 2257 2500 expedit

1303 2506 1427 2540 animae
1455 2501 1557 2537 saluti
1584 2512 1622 2536 ut
1647 2503 1795 2538 tollatur
1823 2500 1925 2536 causa
1951 2501 1983 2536 8<
2015 2503 2153 2538 occasio
2173 2517 2256 2552 pec-

1304 2556 1375 2591 cati
1405 2581 1415 2595 ‚
1451 2565 1561 2598 quam
1580 2553 1695 2588 ablata
1723 2551 1827 2588 causa
1856 2553 2057 2598 relinquere
2083 2555 2254 2601 peccandi

1304 2605 1526 2642 occasionem
1546 2616 1557 2643 ;
1578 2615 1664 2645 ergo
1689 2605 1815 2643 melius
1831 2612 1906 2645 erat
1920 2629 1930 2643 ‚
1961 2603 2074 2648 legem
2101 2616 2171 2640 non
2192 2605 2252 2643 da.

1305 2667 1377 2692 tam
1392 2653 1458 2690 effe
1478 2680 1486 2694 ‚
1503 2665 1584 2688 cum
1603 2653 1641 2688 sit
1656 2656 1793 2701 peccati
1806 2652 1944 2689 occasio
1962 2677 1970 2687 .

1405 2705 1573 2743 Praeterea
1590 2705 1630 2739 ln
1643 2706 1754 2740 veteri
1776 2704 1986 2740 testamento
2014 2703 2178 2740 statuitur
2197 2707 2256 2742 lex

1307 2757 1448 2793 talionis
1467 2767 1478 2795 ;
1495 2753 1644 2799 jubetur
1658 2781 1667 2794 ‚
1695 2757 1752 2790 vel
1769 2755 1982 2801 permittitur
1998 2756 2135 2790 libellus
2152 2768 2256 2803 repu,

1304 2807 1350 2844 dii
1367 2820 1374 2843 :
1391 2818 1461 2842 non
1482 2806 1794 2841 interdicitodium
1811 2805 2037 2840 inimicorum
2055 2819 2065 2845 3
2081 2818 2256 2852 quorum,

1304 2859 1336 2894 8(
1356 2857 1519 2893 similium
1536 2858 1711 2892 contraria
1726 2856 1986 2904 ptaecipiuntur
2007 2856 2041 2889 in
2055 2857 2130 2902 lege
2147 2870 2255 2892 evan·

1304 2908 1418 2953 gelica
1439 2919 1449 2945 ·,
1483 2918 1566 2953 ergo
1600 2908 1861 2943 contrariarum
1895 2905 2012 2947 legum
2041 2932 2052 2947 ,
2083 2909 2254 2942 contrarii

1303 2958 1382 2993 sunt
1409 2956 1592 2994 Authores
1618 2959 1650 2993 3(
1677 2956 1789 2998 causae
1812 2970 1822 2998 ;
1845 2955 2006 3001 adeoque
2024 2968 2252 2992 cumnovum

1301 3007 1573 3043 Testamentum
1589 3008 1697 3044 latum
1714 3006 1848 3043 constet
1865 3019 1882 3040 a
1897 3004 1998 3046 Dco;
2017 3008 2145 3042 veteris
2157 3009 2251 3043 aliud

1301 3059 1348 3096 est
1368 3057 1594 3094 statuendum
1609 3059 1826 3104 principium
1845 3083 1854 3097 ,

1403 3110 1578 3143 l‘raetcrea
1608 3109 1810 3145 Ezechielis
1843 3117 1903 3147 20·
1931 3105 2088 3142 babetur
2110 3135 2121 3143 .
2141 3109 2249 3144 ⁶Dedi

1302 3162 1349 3195 cix
1364 3167 1534 3206 praecepta
1548 3171 1611 3195 non
1627 3162 1712 3196 bona
1732 3185 1739 3196 ,
1774 3156 1816 3195 &⁴
1826 3156 2104 3204 juflifisativncs
2117 3170 2181 3193 non
2195 3157 2251 3193 bo-

1301 3222 1360 3245 nas
1376 3237 1385 3251 ‚
1399 3211 1436 3243 in
1453 3210 1580 3255 quibus
1593 3221 1657 3246 non
1676 3212 1808 3244 vivant
1823 3234 1832 3243 .
1847 3205 1985 3243 Diserte
2001 3219 2087 3251 ergo
2102 3207 2251 3243 restatur

1302 3258 1479 3307 Propheta
1498 3261 1609 3305 legem
1626 3270 1778 3294 veterem
1798 3269 1867 3292 non
1885 3255 1984 3290 fuisse
2003 3259 2157 3293 bonam·

1402 3309 1540 3344 Contra
1554 3336 1563 3351 ‚
1586 3310 1643 3344 Ad
1664 3311 1770 3345 Rom.
1785 3319 1821 3352 7.
1840 3304 2049 3350 Lexsanfla
2063 3332 2074 3349 ‚
2097 3310 2141 3351 &¹
2156 3321 2251 3344 man-

1297 3359 1588 3406 datumsanfi'um
1602 3387 1612 3402 ,
1632 3358 1817 3406 &iustum
1836 3384 1844 3399 ‚
1864 3356 1907 3396 (θ’
1921 3360 2042 3393 honum
2064 3371 2074 3398 ;
2099 3371 2186 3402 ergo
2202 3359 2250 3394 est

1297 3423 1315 3444 a
1334 3412 1431 3445 bono
1450 3411 1479 3445 8<
1497 3410 1614 3445 saneto
1635 3423 1646 3450 ;
1672 3411 1780 3456 igitur
1797 3408 1947 3444 defluxit
1963 3421 1980 3443 a
1996 3410 2070 3455 lege
2101 3420 2226 3444 :eterna
2243 3433 2252 3444 .

1301 3460 1388 3495 ltem
1402 3459 1529 3505 jacobi
1544 3473 1576 3505 4.
1596 3461 1695 3496 ‘Unus
1707 3459 1752 3507 est
1768 3458 1979 3504 Legislaton
1995 3459 2036 3497 &
2054 3458 2179 3506 Judex
2191 3462 2253 3506 qui

1296 3510 1411 3554 potes?
1420 3511 1571 3557 perdere
1582 3509 1790 3548 &liberare
1804 3534 1812 3544 .

1402 3559 1617 3607 Respondeo
1629 3560 1821 3595 dicendum
1837 3585 1846 3600 ‚
1871 3558 1982 3605 legem
1999 3571 2152 3597 veterem
2169 3560 2253 3596 fuis-

1301 3608 1332 3643 se
1349 3610 1478 3643 bonam
1512 3622 1577 3656 pro
1589 3621 1750 3657 tempore
1770 3607 1831 3644 suo
1848 3635 1856 3648 ,
1880 3620 1989 3654 atque
2005 3611 2114 3657 ipsunt
2135 3615 2250 3647 licum

1301 3657 1456 3694 extitisse
1473 3661 1657 3697 authorem
1674 3687 1684 3703 ,
1700 3660 1733 3694 ἃ
1751 3659 1966 3706 principium
1982 3661 2168 3708 utriusque
2182 3660 2254 3699 Tc-

1303 3708 1467 3744 stamenti
1487 3734 1497 3743 .
1524 3713 1610 3745 Haec
1624 3709 1673 3746 est
1701 3709 1874 3744 tathotica
1893 3710 2024 3745 vetitas
2039 3738 2048 3752 ,
2072 3723 2179 3756 quam
2195 3715 2255 3748 dt-

1308 3759 1417 3794 clarat
1444 3758 1640 3814 Augustin.
1668 3770 1788 3795 contra
1810 3759 2056 3804 adver-sarium
2080 3764 2183 3809 legit,
2212 3765 2253 3804 (5

1313 3808 1607 3857 Prophetarum.
1637 3810 1741 3845 Vnus
1760 3836 1768 3847 ,
1793 3811 1913 3844 dicens
1928 3836 1940 3855 ,
1966 3811 2011 3847 cst
2028 3811 2127 3846 Dius
2145 3839 2154 3853 ,
2167 3826 2260 3852 unns

2111 3876 2209 3898 §.skul-

2290 3117 2382 3145 Aleae.
2412 3126 2437 3151 ς,
2460 3130 2489 3158 p.

2287 3166 2312 3192 q.
2334 3157 2380 3182 28.
2404 3167 2439 3183 m.
2464 3166 2490 3185 2·

2287 3200 2344 3220 art.
2369 3202 2397 3219 z·
2423 3200 2446 3228 ᾔ.
2462 3206 2489 3223 2.

2292 3557 2368 3588 Man.
2396 3560 2495 3589 §cotue

2295 3598 2455 3637 2..q.l'‘rolog
2469 3610 2497 3628 n,

2295 3635 2322 3660 8.
2337 3636 2435 3670 Quid,
2460 3640 2500 3664 in-

2294 3675 2353 3707 quit
2376 3691 2386 3705 ‚
2428 3677 2500 3712 Afini

2294 3711 2448 3741 st⁷11nsclrds
2460 3720 2503 3747 fa-

2296 3750 2385 3777 [14³1.
2396 3763 2424 3779 :a
2440 3747 2498 3787 [irl—

2297 3796 2371 3815 mum
2388 3794 2500 3827 tumtum,

2302 3837 2363 3857 tum
2375 3839 2418 3865 11st
2430 3849 2439 3862 ,
2456 3835 2505 3859 fri
