2628 4026
82 224 154 247 „mi
177 231 192 249 x
212 221 289 251 (uh
319 146 451 243 quiasin
469 196 622 235 aauillo
636 195 970 245 observandilegem
987 226 999 242 ‚
1024 200 1257 235 subtrahebat

80 232 285 296 {elpieihenfiaov
319 253 350 287 se
368 263 384 283 a
402 250 579 287 Gentibus
594 248 627 283 in
641 250 723 284 cibo
737 276 748 290 ,
776 250 808 283 ἃ
826 262 912 296 potu
933 277 941 291 ‚
965 251 1065 295 (ruod
1084 262 1153 285 non
1183 250 1258 285 fore

82 301 230 331 msPetri.
318 302 544 341 faciendum,
576 300 639 336 sibi
670 301 813 335 fuet-ata
841 303 919 338 Deo
942 299 1192 346 praeostensum
1224 302 1258 336 in

316 353 466 390 mirabili
484 352 541 385 illa
569 351 704 385 vifione
721 377 729 391 ‚
745 363 825 396 quae
858 350 1070 386 describitur
1097 350 1262 388 Atinam

319 417 375 441 10.
391 406 458 439 Vel
478 403 562 450 quia
579 402 678 449 prius
694 402 806 446 legem
821 412 890 435 non
904 400 1044 436 servans
1061 402 1093 435 in
1110 399 1180 434 hoc
1201 413 1264 436 co-

312 469 388 493 ram
407 454 591 491 Gentibus
605 481 613 493 ‚
626 450 745 497 postea
764 451 799 486 su
809 450 1264 497 pervenientibusJudaeis,

316 507 349 541 id
367 507 518 541 faciebat
538 530 545 538 .
578 505 619 539 Et
652 513 848 548 uri-umque
872 501 1016 537 istorum
1045 499 1155 548 poffet
1180 503 1265 550 poni

318 557 566 598 multipliciter
585 581 592 590 .

419 607 575 642 Primum
595 602 687 635 enim
714 600 783 635 dici
814 611 949 644 poterat
977 599 1263 646 reprehensibile,

117 640 212 708 (ἰωῇ
244 649 287 694 ire-
320 659 404 694 onia
421 657 470 692 ad
479 662 730 703 quamcumque
748 650 928 695 &eclesiam
953 653 1095 686 veneris
1109 677 1121 692 ‚
1142 650 1200 686 illi
1226 661 1262 689 te

79 688 288 747 ifgrrinelssiiiii—
319 696 506 751 conformet
523 732 532 747 ‚
550 706 595 737 ait
612 700 823 738 Ambrofius
843 712 855 740 3
883 711 967 744 ergo
977 700 1126 745 dignum
1140 713 1259 747 repre-

319 748 484 795 heniione
500 757 567 791 fuit
585 754 618 786 in
634 750 779 785 Ecclesia
810 749 987 785 Gentium
1014 761 1085 784 non
1113 751 1261 787 confor-

318 820 412 846 mare
426 807 458 842 se
473 804 577 841 modo
590 799 739 834 vivendi
767 811 916 834 eorum:
943 799 999 833 vel
1020 801 1107 845 quia
1133 802 1168 835 in
1191 801 1262 837 hoc

317 860 425 895 dabat
443 854 660 891 occasionem
679 847 861 885 Gentibus
877 848 1041 884 servandi
1059 851 1186 895 legem}
1205 854 1262 888 vel

314 910 399 956 quia
417 905 601 942 ostendens
619 899 711 935 fatto
724 900 810 935 illud
826 898 893 941 esse
911 899 1172 942 neceffarium3
1199 913 1262 939 aut

314 961 435 996 saltem
454 952 706 991 necessarimm
739 949 781 984 ad
804 950 872 985 hoc
886 961 925 986 ut
943 950 1118 988 Converti
1140 952 1263 1000 exJu-

311 1010 394 1046 daeis
417 1006 547 1041 vellent
561 1001 832 1037 communicare
845 1012 926 1035 cum
942 1002 1015 1036 eis:
1039 1003 1084 1037 ita
1103 1002 1193 1049 saepe
1208 1005 1262 1039 in-

310 1060 455 1097 feriores
483 1055 634 1091 facerent
661 1052 781 1098 aliqua
797 1050 955 1087 difficilia
975 1078 984 1093 ‚
1015 1065 1059 1089 ne
1086 1054 1259 1091 exclude·

307 1117 432 1146 rentur
459 1118 477 1140 a
497 1102 753 1140 communione
776 1102 1037 1147 Superiorum.
1066 1103 1125 1142 Ad
1147 1116 1256 1150 quem

305 1157 531 1195 intellectum
551 1151 664 1200 potest
684 1153 806 1188 referri
824 1153 881 1188 illa
900 1153 1126 1200 reprehensio
1139 1155 1255 1198 Pauli,

307 1210 439 1246 Gentes
455 1207 545 1252 cogis
558 1204 755 1252 judaizare
770 1229 779 1238 .
794 1205 880 1241 Gal.
893 1215 927 1239 2.
952 1204 1019 1241 Vel
1033 1205 1256 1243 ostendendo

305 1262 355 1296 eis
367 1257 534 1304 exemrlo
547 1283 558 1298 ,
572 1253 801 1290 necessarium
821 1254 879 1291 sun
887 1255 1024 1301 pliciter
1038 1254 1112 1292 fore
1125 1259 1174 1293 eis
1189 1256 1261 1293 ser-

304 1320 394 1345 vare
410 1309 523 1354 legem
554 1307 609 1341 vel
629 1305 749 1340 saltem
767 1316 931 1352 oportere
962 1318 1025 1342 eos
1042 1307 1089 1341 ita
1104 1306 1137 1343 se
1155 1320 1259 1352 gere·

304 1372 343 1396 re
359 1386 369 1401 ‚
398 1369 473 1405 quo
494 1356 728 1404 dignarentur
743 1355 1257 1403 communioneJudaeorum

304 1410 466 1446 fidelium
484 1420 494 1442 ε
511 1409 565 1443 vel
582 1406 703 1441 saltem
718 1407 750 1440 in
767 1404 939 1450 majorem
960 1406 1101 1442 laudem
1117 1409 1167 1444 eis
1183 1406 1257 1443 ces-

304 1461 426 1497 surum
442 1484 455 1504 ,
486 1458 506 1493 fi
536 1458 698 1503 exempla
722 1454 908 1501 Majorum
931 1457 1158 1497 imitarentur
1175 1486 1188 1502 ,
1215 1470 1259 1495 ac

304 1511 526 1547 contrarium
543 1507 712 1543 exhibere
732 1533 740 1541 .

406 1557 611 1596 Secundum
626 1559 734 1593 etiam
757 1556 870 1602 potest
889 1558 1067 1607 intelligi,
1093 1561 1150 1596 vel
1169 1563 1255 1608 quia

307 1612 494 1649 fimulabat
508 1621 577 1643 non
595 1618 766 1655 reputans
783 1608 815 1641 id
833 1607 938 1642 corde
953 1609 1020 1646 effe
1034 1611 1252 1654 faciendum,

306 1662 408 1711 quod
424 1671 534 1706 opere
547 1658 741 1694 exhibebat
760 1685 767 1694 .
799 1659 852 1694 Ex
872 1659 986 1703 primo
1010 1662 1101 1698 enim
1131 1660 1229 1698 fafito
1245 1687 1256 1704 ‚

305 1713 403 1761 quod
419 1711 452 1745 in
471 1708 630 1745 absentia
649 1708 995 1753 nuntiorumJacobi
1014 1738 1024 1754 ‚
1038 1710 1256 1758 representa-

305 1761 526 1805 vit,videtur
546 1760 690 1795 Petrum
703 1771 773 1795 non
787 1757 937 1801 senfisse,
952 1760 1030 1797 fore
1041 1761 1254 1812 abstxinendst

309 1829 326 1851 a
343 1813 528 1850 Gentibus
544 1811 726 1846 conversis
741 1811 781 1844 ad
797 1808 903 1845 fidem
922 1821 955 1845 at
982 1812 1016 1847 in
1036 1811 1192 1849 secundo
1206 1813 1258 1848 fa-

310 1865 370 1901 eto
382 1862 533 1899 ostendit
552 1861 679 1897 sentire
693 1860 731 1895 se
748 1887 757 1901 ‚
774 1859 808 1894 id
822 1859 889 1896 effe
904 1860 1106 1898 faciendum
1126 1877 1138 1904 ;
1167 1865 1198 1904 81
1215 1863 1259 1900 ad

309 1917 380 1951 tale
392 1911 612 1951 intellesflum
631 1912 751 1947 referri
769 1911 884 1956 potest
901 1912 985 1946 illud
999 1914 1149 1948 verbum
1166 1916 1259 1951 Pau-

311 1968 337 2003 li
353 1994 360 2007 ,
368 1964 589 2013 simulationi
604 1960 679 2009 ejus
696 1960 939 2008 consenserunt
952 1964 1070 1998 caeteri
1085 1977 1095 2003 ;
1112 1964 1199 2005 Gal.
1218 1977 1252 2000 z.

310 2018 378 2054 Vel
392 2014 503 2065 posset
516 2013 694 2060 posterius
727 2012 861 2048 fatilum
876 2012 945 2048 dici
972 2013 1257 2059 reprehensibile,

310 2070 396 2117 quia
413 2079 484 2102 non
502 2066 674 2101 utebatur
687 2062 902 2099 austoritate
934 2064 1073 2100 Praelati
1089 2090 1098 2099 .
1121 2065 1253 2102 Cum-2

310 2120 404 2156 enim
420 2116 502 2153 esset
515 2113 829 2161 SuperiorJacobi
843 2113 976 2148 nunriis
993 2141 1001 2153 ‚
1015 2115 1128 2159 magis
1146 2118 1255 2152 debe-

309 2172 371 2206 bat
389 2168 462 2216 ipse
487 2165 674 2200 veritatem
707 2162 911 2198 constanter
929 2174 1048 2200 tenere
1072 2166 1106 2200 in
1131 2177 1256 2213 opere,

310 2220 444 2267 eosque
457 2217 498 2254 ad
513 2215 611 2251 suarn
639 2213 888 2250 reetitudinern
915 2213 1089 2250 adducere
1109 2242 1118 2258 ,
1145 2230 1255 2264 quarn

306 2281 458 2320 propter
482 2269 646 2303 timorem
661 2265 802 2300 illorum
827 2264 924 2299 Ηεξὶί
942 2264 985 2298 ad
1011 2264 1071 2307 id,
1093 2268 1192 2312 quod
1207 2270 1258 2303 eis

305 2334 378 2357 erat
397 2321 510 2364 magis
532 2326 721 2361 acceptum
742 2342 749 2348 .
780 2317 876 2362 Quae
903 2313 1063 2360 prosatio
1092 2316 1256 2359 remiffio,

303 2373 364 2407 seu
380 2370 553 2407 timiditas
570 2366 722 2403 Praelati,
739 2363 788 2398 est
805 2375 870 2408 pro
887 2374 1049 2409 tempore
1063 2367 1257 2412 reprehen-

303 2422 414 2458 sibilis
429 2417 548 2466 ,quod
565 2411 769 2461 significasse
784 2413 930 2450 videtur
945 2415 1076 2450 Paulus
1090 2418 1159 2456 illis
1171 2431 1253 2455 ver-

304 2475 359 2509 bis
379 2498 389 2513 ,
415 2471 502 2507 Gal.
518 2481 552 2505 2.
567 2464 789 2512 scgregabat
800 2464 841 2509 fi'
852 2465 896 2500 ab
911 2464 992 2501 aliis
1005 2491 1014 2506 ‚
1043 2467 1166 2507 timens
1181 2471 1255 2511 cir,-

303 2520 470 2567 cumcifux
486 2547 493 2554 .
508 2518 622 2557 Nulla
633 2517 726 2552 enim
744 2514 888 2555 suberat
905 2528 989 2550 vera
1005 2518 1109 2552 causa
1122 2522 1256 2558 timen-

305 2573 342 2608 di
362 2601 371 2615 ,
392 2583 473 2608 cum
496 2580 584 2606 tunc
611 2567 816 2614 {impliciter
841 2567 978 2602 licitum
997 2565 1103 2603 fuerit
1118 2569 1256 2616 Judaeis

304 2635 375 2660 ηομ
405 2622 546 2658 servare
575 2619 715 2663 legem3
742 2618 774 2654 ἃ
795 2619 948 2653 maxime
965 2618 1114 2663 quando
1140 2620 1255 2656 versa·

302 2675 437 2711 bantur
456 2672 550 2707 inter
565 2670 702 2707 Gentes
725 2668 836 2716 idque
847 2667 971 2704 debuit
993 2667 1118 2706 Petrus
1140 2683 1259 2707 exem.

305 2726 369 2771 plo
385 2724 514 2759 docete
527 2746 539 2765 ‚
554 2734 595 2757 ac
612 2718 800 2757 ostendere
817 2719 954 2756 nuntiis
972 2719 1042 2755 illis
1059 2732 1256 2769 ,tanquam

308 2786 435 2812 eorum
450 2773 624 2821 Superiot
641 2795 650 2806 ·

79 765 179 784 nautut
191 772 203 785 ο

69 1996 131 2025 Alia
145 1997 224 2027 causa
232 2006 279 2026 re·

70 2036 255 2072 prchettfionis

71 2074 146 2103 Petri
158 2096 167 2105 .

979 136 1158 178 Summae
1192 127 1381 196 Joamn's
1420 137 1549 184 Dum
1579 138 1697 187 scoti

1432 207 1620 254 Singulum
1647 207 1794 243 istorum
1826 218 1984 253 quatuor
2012 205 2123 253 posset
2151 207 2279 245 discuti
2311 225 2435 263 culpam
2447 224 2526 253 pem·

1332 256 1501 303 qualiter,
1515 258 1548 293 8<
1561 270 1738 305 quantum
1751 255 1834 292 esset
1850 257 2134 305 reprehenfibile.
2149 260 2275 309 Qd-
2311 263 2387 292 {ursse
2425 272 2523 291 venu-

1333 319 1489 352 cumque
1508 319 1626 344 tamen
1641 308 1812 343 afferatur
1828 311 1870 345 ad
1886 311 2076 345 veritatem
2098 310 2278 346 difflorum
2312 306 2368 369 22¹2
2380 320 2390 335 ⁹
2403 300 2523 337 5³²¹q¹¹³

1336 358 1437 392 Pauli
1454 356 1658 394 salvandam
1671 385 1682 400 ‚
1714 359 1841 395 melius
1856 361 1904 396 est
1928 361 2048 396 dicere
2064 374 2133 396 non
2149 371 2280 400 morta,
2378 358 2386 367 ⁵

1334 408 1402 444 lem
1420 433 1432 449 ‚
1446 406 1504 443 sed
1518 409 1694 446 venialem
1710 410 1761 443 ibi
1774 407 1874 446 fuiffe
1888 412 2030 457 culpam
2046 436 2056 447 .
2074 416 2155 450 Nec
2167 411 2282 460 potest

1336 456 1498 493 excusari
1516 460 1642 495 Petrus
1654 486 1666 501 ,
1692 459 1714 494 {i
1730 459 1870 494 dicatur
1883 461 1914 495 id
1928 462 1972 496 ab
1983 475 2026 497 eo
2039 462 2171 498 fafium
2184 461 2250 497 esse
2269 487 2283 503 ,

1335 521 1412 556 quo
1427 511 1601 545 vitaretur
1614 509 1814 544 scandalum
1825 510 2037 555 Judaeorum
2054 535 2065 549 .
2092 517 2188 549 Nam
2205 513 2281 548 nul,

1335 561 1368 594 la
1381 558 1503 593 aderat
1521 559 1668 594 materia
1682 558 1836 594 scandali
1854 560 2018 606 perfeeus
2034 590 2045 605 ,
2069 575 2187 610 neque
2201 575 2282 608 par-

1336 610 1429 643 vulis
1443 621 1453 638 =
1480 607 1537 644 sed
1554 619 1697 644 tantum
1717 608 1900 645 Pharisaeis
1913 637 1924 652 ‚
1949 612 1992 646 de
2010 626 2085 659 quo
2119 613 2285 650 scandalo

1336 669 1407 693 non
1426 657 1493 694 else
1517 658 1718 694 curandum
1735 685 1748 700 ,
1774 659 1878 695 docet
1903 661 2093 705 Salvator,
2119 664 2284 700 Matthaei

1339 708 1477 754 15.illis
1490 710 1609 745 verbis
1625 736 1634 749 ‚
1657 709 1778 745 Sinite
1794 710 1870 746 illos
1881 737 1893 753 ‚
1906 712 2077 758 caeciszmt
2094 740 2106 756 ‚
2127 715 2171 754 ἐς·
2182 715 2286 751 duces

1334 771 1527 798 caecorum.
1553 758 1741 806 Ejusmodi
1756 771 1874 797 autem
1902 760 2104 798 scandalum
2123 765 2290 802 extitifl‘et

1334 809 1424 846 illud
1439 837 1449 852 ,
1480 811 1563 859 quia
1579 823 1625 846 ex
1638 821 1769 856 genere
1783 810 1885 848 aetus
1906 813 2031 848 nullus
2043 813 2168 851 debuit
2185 816 2289 852 scan-

1334 860 1488 896 dalizari
1503 888 1515 905 ‚
1540 861 1601 896 nifi
1619 861 1709 895 male
1725 860 1878 897 sentiens
1893 862 1936 898 de
1950 864 2112 900 libertate
2125 868 2290 919 Evange-

1333 910 1399 946 lica
1415 936 1425 945 .
1447 914 1529 948 Nec
1552 910 1769 958 persimilem
1794 913 1966 948 rationem
1990 915 2154 952 excusari
2170 915 2285 964 petest

1337 961 1472 997 Paulus
1502 963 1536 997 in
1549 962 1842 997 circumcidendo
1856 963 2091 1001 Timotheum
2107 993 2115 1009 ,
2147 969 2204 1004 vel
2221 980 2287 1016 pu.

1335 1011 1511 1048 rificando
1527 1011 1560 1047 se
1580 1024 1592 1052 ς
1620 1011 1706 1058 quia
1720 1012 1857 1049 nullum
1878 1014 2040 1050 illicitum
2054 1016 2103 1052 est
2118 1021 2287 1054 commit-

1337 1061 1485 1098 tendum
1502 1073 1651 1110 propter
1667 1060 1867 1112 scandalum
1882 1065 2146 1114 quodcumque
2167 1070 2283 1105 vitan.

1332 1113 1417 1149 dum
1434 1140 1443 1154 ,
1468 1111 1574 1158 juxta
1595 1113 1690 1148 illam
1722 1115 1880 1158 regulam
1906 1114 1998 1161 juris
2018 1117 2052 1152 in
2080 1118 2118 1153 6.
2146 1119 2283 1156 ‘Utilius

1319 1162 1539 1210 scandalum
1563 1161 1659 1209 nasci
1681 1167 1908 1208 permitticttr
1921 1193 1933 1210 ,
1955 1178 2059 1216 quam
2073 1170 2208 1207 veritas
2224 1183 2282 1208 re-

1333 1214 1525 1262 linquatur
1541 1238 1552 1249 .

1436 1265 1565 1311 ltaque
1587 1264 1721 1302 Paulus
1737 1267 1833 1304 licite
1848 1268 1939 1304 inter
1955 1268 2103 1317 Judaeos
2120 1271 2280 1309 servavit

1332 1315 1459 1360 legalia
1476 1341 1485 1350 .
1504 1318 1600 1352 Nam
1617 1318 1719 1352 etiarn
1740 1320 1857 1354 multo
1871 1330 2032 1367 tempore
2045 1321 2123 1368 post
2136 1325 2284 1360 tertium

1330 1365 1542 1401 Concilium
1560 1366 1839 1412 Apostolorum,
1866 1368 1899 1403 id
1913 1381 1986 1404 erat
2004 1371 2137 1407 licitum
2156 1399 2168 1415 ‚
2198 1375 2283 1410 licet

1331 1427 1401 1451 non
1429 1413 1512 1450 esset
1540 1415 1650 1460 utile,
1676 1429 1740 1453 nec
1770 1418 2001 1454 necessarium
2032 1447 2042 1456 .
2066 1421 2164 1457 Cum
2188 1425 2282 1461 inter

1329 1466 1473 1503 Gentes
1486 1475 1605 1500 autern
1624 1466 1825 1504 versaretur
1846 1496 1855 1510 ‚
1867 1469 1951 1516 ipfis
1965 1469 1998 1504 se
2013 1469 2254 1508 conformavit
2270 1487 2282 1510 t

1330 1517 1471 1553 licitum
1489 1516 1623 1564 quippe
1641 1516 1703 1553 {ibi
1719 1530 1795 1554 erat
1811 1520 1923 1565 legem
1940 1532 2012 1555 non
2026 1519 2184 1564 servare,
2196 1536 2285 1570 pro-

1328 1568 1496 1613 mulgato
1514 1568 1711 1612 Evangelio
1728 1593 1737 1603 .
1765 1571 1891 1606 Petrus
1918 1580 2037 1607 autem
2068 1573 2281 1623 Hierosoly-

1329 1618 1396 1655 mis
1416 1617 1560 1653 servans
1574 1618 1689 1662 legem
1706 1644 1719 1660 ,
1731 1631 1800 1655 non
1812 1623 1997 1668 peccavit3
2012 1623 2098 1668 quia
2112 1636 2177 1671 pro
2192 1635 2281 1662 tunc

1327 1666 1902 1717 licuitJudaeo,&1nterJudaeos
1921 1675 2032 1716 legem
2047 1670 2186 1711 servare
2206 1702 2215 1712 .
2231 1677 2282 1715 Αἰ

1330 1718 1536 1760 Antiochiae
1562 1719 1655 1754 inter
1683 1719 1847 1758 Gentiles
1867 1721 1909 1757 ad
1924 1722 2030 1758 fidem
2058 1726 2250 1761 conversos
2266 1752 2280 1769 ,

1328 1783 1402 1807 non
1425 1768 1569 1804 servans
1591 1769 1703 1814 legem
1720 1797 1732 1813 ‚
1759 1784 1828 1809 non
1841 1774 2005 1820 peccavit
2024 1786 2036 1814 3
2063 1772 2121 1809 sed
2146 1774 2179 1812 se
2193 1788 2281 1813 con.

1331 1822 1488 1857 formans
1500 1820 1550 1854 eis
1564 1819 1596 1853 in
1611 1820 1694 1855 cibo
1706 1846 1717 1862 ,
1745 1822 1778 1856 8<
1799 1834 1914 1870 potu,
1936 1824 2077 1860 minime
2096 1825 2279 1874 deliquit:

1330 1871 1396 1908 fibi
1411 1871 1502 1906 enim
1519 1869 1620 1904 licuit
1632 1875 1705 1904 non‘
1719 1870 1859 1909 servare
1876 1874 2014 1917 legem:
2036 1877 2201 1920 peccavit
2219 1891 2282 1914 au-

1330 1934 1401 1959 tem
1415 1918 1536 1969 postea
1551 1917 1747 1966 segregans
1775 1923 1808 1959 se
1826 1925 1951 1959 abillis
1976 1925 2012 1960 in
2027 1924 2118 1960 cibis
2133 1952 2143 1967 ,
2172 1927 2205 1962 8<
2219 1940 2282 1977 po.

1330 1974 1430 2009 tibus
1444 1995 1453 2010 ,
1488 1981 1633 2017 propter
1647 1971 1805 2018 aliquam
1823 1987 1868 2010 ex
1883 1974 2060 2021 praediffls
2077 1977 2189 2013 causis
2205 2005 2218 2021 ,
2240 1988 2282 2015 ut

1332 2023 1461 2058 divinae
1476 2020 1675 2068 Scripturae
1691 2022 1751 2058 sua
1766 2024 1901 2059 constet
1917 2025 2117 2063 authoritas
2133 2055 2141 2063 .

1431 2071 1556 2118 Atque
1581 2083 1626 2108 ex
1655 2070 1710 2108 his
1739 2084 1836 2121 patet
1862 2073 2041 2123 responfio
2065 2077 2138 2113 Ad
2146 2077 2281 2126 fi’cmti

1334 2124 1421 2160 dum
1439 2148 1449 2157 .

1432 2172 1492 2210 Ad
1508 2173 1655 2211 tertium
1668 2176 1822 2213 articulo
1829 2177 2034 2226 precedenti
2045 2177 2179 2216 dietum
2192 2180 2280 2226 fuit,

1328 2231 1374 2260 ex
1389 2235 1550 2270 quatuor
1570 2224 1639 2259 illis
1658 2251 1670 2267 ,
1690 2238 1762 2273 que
1789 2227 1952 2274 Apostoli
1969 2228 2202 2266 decreverant
2217 2232 2277 2269 de-

1328 2275 1530 2309 nuncianda
1559 2274 1627 2310 esse
1652 2276 1866 2313 Gentilibus
1892 2277 1934 2313 ad
1951 2277 2055 2313 fidem
2070 2282 2276 2327 converfis,

1328 2323 1402 2358 duo
1417 2325 1534 2369 priora
1561 2335 1688 2368 nempe
1714 2326 1887 2364 abstinere
1913 2329 1958 2363 ab
1976 2328 2150 2366 idolotitis
2164 2358 2175 2372 ,
2205 2334 2240 2369 ἃ
2258 2347 2279 2370 a

1327 2373 1564 2410 fornicatione
1580 2401 1590 2416 ‚
1607 2373 1708 2411 fuisse
1722 2377 1825 2421 plane
1841 2377 2029 2414 ntceffaria
2047 2381 2090 2415 ad
2107 2379 2278 2426 salutem3

1327 2423 1409 2459 ideo
1434 2435 1554 2460 tamen
1572 2424 1741 2462 censuisse
1763 2427 1947 2465 scribenda
1964 2428 2005 2463 ad
2020 2442 2083 2466 eos
2097 2456 2109 2473 ,
2135 2434 2220 2480 quia
2235 2436 2280 2472 de

1327 2475 1396 2509 illis
1411 2475 1549 2511 Gentes
1567 2477 1686 2511 minus
1700 2479 1873 2515 curabant
1887 2506 1898 2517 .
1911 2481 1958 2516 At
1976 2481 2113 2529 reliqua
2125 2485 2199 2520 duo
2213 2484 2281 2521 sci-

1327 2525 1410 2562 licet
1428 2525 1603 2573 abstinere
1623 2522 1824 2576 asuffbcato
1839 2556 1850 2572 ,
1880 2531 1924 2571 &⁴
1941 2528 2145 2579 afimguine
2164 2561 2174 2576 ,
2196 2536 2279 2583 ipfis

1274 2612 1283 2623 Ι
1327 2573 1519 2612 necessaria
1538 2588 1609 2613 non
1625 2589 1725 2613 erant
1740 2606 1747 2615 .
1763 2579 1979 2626 Congruum
1994 2593 2111 2620 tamen
2126 2585 2196 2622 fuit
2213 2613 2223 2629 ,
2235 2598 2277 2624 ut

1328 2627 1467 2663 Gentes
1493 2626 1672 2664 conversa:
1702 2640 1720 2664 a
1736 2631 1870 2669 talibus
1894 2632 2137 2680 abstinerent,
2160 2636 2280 2684 neJu.

1328 2677 1411 2764 dalreis
1427 2676 1533 2765 effenlt
1561 2679 1819 2719 abominationi
1836 2709 1850 2727 ,
1873 2682 1947 2721 esto
1965 2696 2037 2733 non
2053 2685 2186 2725 fuerInt
2201 2688 2278 2726 sim..

1330 2740 1354 2777 p
1373 2728 1475 2766 iciter
1493 2730 1517 2766 il
1534 2729 1617 2766 icita
1632 2753 1642 2770 2.

2073 3859 2236 3907 Qua-
