2643 4043
170 1737 224 1766 nd.
231 1747 240 1766 ι
247 1745 275 1771 ⁷·
283 1746 311 1776 q.
316 1745 328 1774 3
335 1756 344 1767 .

149 1775 234 1805 Addit
244 1795 254 1806 .

166 2917 196 2945 3.
207 2910 236 2939 d.
251 2919 298 2946 ις.
321 2915 346 2945 9.

149 2948 256 2978 Praeter
266 2951 345 2978 illum

144 2988 270 3017 medum.

145 3272 263 3314 Prolog,
273 3285 342 3314 q.4.

144 3316 168 3344 0.
184 3315 224 3341 Ad
244 3318 341 3355 opqui.

145 3357 204 3379 mm
213 3371 223 3381 .

160 3689 201 3717 Ex
212 3689 240 3718 d.
252 3698 297 3723 ις.
312 3697 341 3724 3.

143 3727 340 3764 senno-Quam

141 3773 201 3793 tum
228 3767 266 3794 ad
287 3769 337 3793 Se-

141 3805 259 3832 cundum
270 3805 339 3834 arti·

144 3843 236 3870 :ulum
246 3861 259 3874 .

462 197 535 248 74

491 253 649 302 Qualem
663 261 783 289 autem
806 249 927 288 saum
937 249 987 288 est
1011 251 1181 288 habitura
1197 256 1328 289 volun-

390 315 446 343 tas
461 306 554 342 circa
571 302 827 339 beatitudinem
839 329 850 344 ,
876 314 990 349 quum
1007 302 1125 338 fibiab
1140 303 1325 340 intelleetu

391 356 592 393 ostenditur
607 353 622 389 ἓ
650 357 730 392 Nec
761 355 857 389 enim
885 352 1077 389 necefl‘ario
1104 353 1197 390 illam
1218 355 1298 390 vult
1311 381 1324 397 ,

391 419 457 444 nec
471 407 554 442 item
572 404 766 441 necessario
776 404 869 446 odit,
890 415 929 440 ut
941 405 1119 440 malumus
1134 429 1144 438 .
1160 405 1325 453 Respon-

392 456 470 497 ἧος
498 457 665 493 voluntas
678 467 719 491 ut
745 455 781 491 in
801 454 962 499 pluribus
991 454 1098 490 habet
1121 453 1239 491 aetum
1257 466 1323 490 vo·

389 507 506 546 leudi,
529 505 585 542 sed
602 517 672 543 non
690 504 880 542 necessario
906 506 1061 552 aliquem
1080 516 1200 541 actum
1214 529 1227 548 ‚
1248 505 1323 541 imo

389 555 505 605 potest
520 555 553 592 se
565 555 776 605 suspendere
795 557 841 592 ab
856 558 1049 592 omniactu
1064 582 1076 598 ,
1099 555 1236 592 ostensa
1258 555 1321 592 fibi

387 607 611 643 beatitudine
622 622 635 649 ;
657 608 815 652 alioquin
827 607 1002 655 simplices
1013 606 1321 655 apprehendentes

385 656 520 703 aliquid
536 655 696 701 spectans
709 658 751 693 ad
769 655 875 694 finem
889 658 1057 693 ultimum
1073 683 1086 701 ,
1105 657 1150 694 de
1168 667 1244 704 quo
1258 669 1321 693 ne-

385 707 504 743 sciunt
517 719 560 741 an
580 707 618 743 fit
637 708 679 743 de
695 709 833 744 ratione
848 707 927 755 finis
942 708 1086 751 ultimi,
1111 719 1320 744 tenerentur

386 758 430 793 ad
446 756 739 794 volendumillud
755 784 766 795 .
796 757 905 793 Unde
930 759 1220 804 unumquodque
1256 759 1322 793 ob-

386 807 522 850 jectum
536 807 651 854 potest
665 809 832 844 voluntas
854 807 946 843 velle
958 809 992 844 8(
1007 809 1095 844 nolle
1110 835 1121 851 ‚
1147 809 1180 844 8(
1198 820 1216 842 a
1228 819 1322 854 quo-

384 858 473 895 libet
488 867 570 893 actu
586 860 619 894 in
633 859 840 904 particulari
855 858 951 894 valet
967 857 999 895 se
1011 858 1222 907 suspendere
1236 858 1322 901 hoc,

386 909 445 943 vel
462 908 523 943 illo
535 933 545 942 .
576 910 617 945 Et
630 909 700 944 hoc
711 908 854 955 quidem
867 909 1018 955 quilibet
1033 909 1149 956 potest
1161 909 1196 945 in
1208 906 1322 954 seipso

386 959 542 1005 experiri
560 986 570 1002 ‚
594 971 677 994 cum
698 961 778 1005 quis
794 956 896 995 offert
910 958 973 995 fibi
999 959 1146 1007 aliquod
1163 960 1316 1003 bonum,

384 1009 420 1044 8(
441 1008 546 1044 etiam
562 1008 715 1046 ostendit
731 1011 864 1045 bouum
878 1021 916 1045 ut
932 1010 1067 1046 bonum
1094 1009 1322 1046 consideran-

382 1056 469 1092 dum
484 1059 518 1095 8(
530 1059 723 1095 volendum
735 1086 746 1102 ,
759 1058 871 1107 potest
885 1058 917 1097 se
927 1062 972 1096 ab
986 1063 1048 1096 tali
1059 1059 1208 1102 obiecto
1221 1072 1323 1097 aver-

383 1115 459 1142 tere
471 1134 484 1150 ,
500 1111 535 1146 8(
546 1112 685 1147 nullum
699 1122 819 1147 actum
834 1111 1036 1149 voluntatis
1052 1113 1147 1150 circa
1159 1112 1250 1150 illud
1259 1112 1322 1149 eli-

384 1165 467 1194 cere
479 1183 492 1195 .

531 1261 1042 1304 ARTlcULUs
1095 1264 1167 1302 111.

449 1365 586 1402 Utrum
610 1365 781 1403 voluntas
798 1376 986 1401 moveatur
1003 1365 1045 1402 de
1061 1364 1261 1403 necestitate

648 1417 693 1452 ab
710 1415 869 1453 inferiori
884 1417 1046 1464 appetitu
1058 1441 1067 1452 .

458 1517 597 1555 Doffor
612 1529 647 1554 2.
663 1516 699 1553 d.
711 1525 772 1557 42.
789 1517 821 1558 §.
837 1515 896 1554 Ad
913 1516 1070 1564 primum
1082 1517 1126 1553 de
1143 1521 1250 1566 Apo-

486 1568 575 1604 stolo
588 1581 623 1603 n.
641 1579 697 1614 ¹9·
715 1568 877 1616 &prout
889 1572 927 1605 in
938 1579 1052 1613 marg.
1071 1569 1221 1604 aduna-

519 1626 592 1655 tur.
608 1619 652 1654 S.
667 1617 816 1655 Thomas
831 1644 843 1660 ‚
866 1632 894 1655 1.
911 1629 946 1653 2.
959 1630 993 1665 q.
1011 1630 1067 1662 ro.
1079 1625 1151 1653 art.
1171 1629 1202 1664 3.

490 1716 614 1752 ldetur
637 1717 810 1753 voluntas
821 1728 869 1753 ex
884 1715 1086 1753 neceffitate
1106 1715 1245 1752 moueri
1275 1725 1324 1753 a..

498 1766 651 1815 pastione
683 1769 868 1815 appetitus
896 1768 1077 1803 inferioris
1099 1793 1110 1811 .-
1137 1766 1326 1813 Siquidem

377 1816 580 1866 Apostolus
602 1815 758 1861 scribens
776 1818 820 1851 ad
834 1819 942 1852 Rom.
955 1827 1038 1859 cap.
1051 1828 1087 1860 7.
1100 1817 1192 1850 Non
1215 1817 1322 1854 enim,

377 1870 499 1916 inquit
516 1894 527 1910 ,
548 1866 642 1915 quod
652 1866 728 1902 volo
740 1865 867 1902 bonam
882 1865 944 1900 hoc
957 1876 1020 1911 ago
1036 1891 1046 1905 ‚
1064 1862 1129 1907 fed
1143 1861 1242 1909 quod
1265 1862 1323 1905 odi

378 1918 512 1956 malum
526 1944 537 1960 ,
564 1916 761 1961 illudsacio
775 1942 783 1951 .
798 1916 911 1966 Qd
924 1916 958 1953 8(
987 1917 1097 1960 magis
1123 1914 1326 1955 declarans,

379 1968 502 2006 subdit
519 1993 531 2010 ,
563 1966 683 2010 Video
693 1974 815 2002 autem
836 1965 943 2001 aliam
958 1965 1066 2012 legem
1093 1967 1132 2008 ἰῇ]
1159 1964 1325 1999 membris

381 2020 468 2055 meis
484 2026 733 2065 repugnantem
745 2015 815 2061 legi
829 2020 953 2052 mentis
965 2027 1045 2052 mex
1057 2042 1066 2057 ,
1078 2014 1122 2054 &¹
1135 2017 1319 2058 captivan.

379 2078 452 2104 tem
468 2070 572 2104 mein
588 2067 663 2114 lege
675 2070 811 2114 peccati
827 2092 839 2108 ,
850 2078 926 2114 quaej
939 2064 987 2113 est
999 2078 1035 2102 tn
1048 2067 1213 2107 membris
1227 2065 1325 2101 meis.

377 2118 539 2155 Haeclex
555 2117 757 2164 regnat-isin
775 2118 941 2155 membris
969 2118 1128 2164 corporis
1153 2116 1326 2162 concupi·

378 2168 512 2204 scentia
528 2168 576 2205 est
593 2169 777 2217 appetitus
795 2166 948 2212 sensitivi
968 2179 1081 2213 3ergo
1097 2167 1269 2203 voluntas
1281 2165 1326 2201 de

379 2219 582 2255 necessitate
597 2229 763 2256 movetur
780 2220 825 2263 ab
839 2218 1199 2265 inferioriappetitu3
1216 2215 1328 2253 trahi·

380 2281 513 2316 turque
531 2270 574 2304 ad
591 2282 632 2306 ea
647 2268 882 2317 perpetranda
898 2295 911 2312 ‚
937 2281 1017 2318 quae
1045 2268 1089 2304 de
1118 2266 1151 2304 se
1179 2267 1327 2304 facere,

380 2321 493 2357 nollet
512 2344 522 2354 .

487 2371 659 2407 Praeterea
676 2393 689 2412 ,
715 2369 804 2410 ficut
817 2368 969 2413 sehabet
993 2371 1085 2405 ratio
1116 2367 1328 2404 universalis

381 2421 426 2456 ad
439 2420 683 2457 aestimativam
711 2421 967 2467 particularem
986 2446 998 2462 ‚
1022 2421 1069 2455 ita
1087 2421 1255 2456 voluntas
1285 2418 1328 2454 ad

382 2471 585 2518 appetitum
601 2469 822 2511 senfitivumt
837 2471 908 2508 Sed
919 2469 1021 2507 causa
1035 2470 1244 2506 universalis
1257 2480 1328 2506 non

381 2523 583 2571 applicatur
595 2521 638 2557 ad
652 2518 702 2556 eff
721 2520 818 2563 &um
833 2521 1082 2571 particularem
1097 2521 1156 2557 niii
1173 2521 1332 2558 median-

384 2586 419 2608 te
435 2572 538 2608 causa
556 2572 760 2620 particulari
781 2584 889 2620 ;ergo
901 2571 945 2607 ad
959 2571 1092 2617 aliquid
1112 2573 1328 2615 particulare

385 2623 581 2659 volendum
600 2634 671 2658 non
684 2634 854 2659 movetur
864 2623 1034 2659 voluntas
1058 2624 1120 2659 nili
1150 2622 1327 2668 mediante

383 2675 547 2722 appetitu
565 2673 748 2716 senlitiv03
761 2685 874 2720 quum
887 2674 998 2720 igitur
1015 2673 1042 2708 is
1056 2672 1165 2709 alicui
1183 2671 1328 2720 pastioni

384 2723 570 2770 snbjessus
585 2724 771 2759 invenitur
785 2750 795 2766 ,
827 2722 871 2758 sic
888 2724 1004 2765 secum
1022 2725 1245 2760 voluntatem
1260 2735 1330 2759 tra·

384 2776 438 2811 hit
452 2775 493 2809 ad
507 2774 621 2821 ipsum
636 2774 832 2811 volendum
847 2799 859 2816 ‚
874 2785 936 2811 aut
954 2773 1150 2811 nolendum
1163 2800 1175 2816 ,
1189 2785 1228 2810 ut
1241 2785 1328 2810 con?

382 2838 437 2863 tra
454 2824 518 2861 fibi
531 2823 597 2859 niti
611 2834 682 2860 non
697 2825 803 2866 liceat
820 2849 830 2866 .,

483 2876 652 2910 Praeterea
669 2900 680 2916 ‚
710 2872 768 2910 Ex
782 2884 824 2909 eo
842 2874 943 2920 quod
957 2872 1141 2920 objestum
1160 2874 1202 2910 stt
1216 2887 1328 2922 appe-

381 2927 466 2963 titui
486 2924 652 2961 sensitivo
669 2923 890 2969 conveniens
907 2950 919 2966 ,
941 2924 990 2960 est
1006 2926 1180 2972 pariter&
1196 2927 1328 2961 volun-

381 2979 447 3014 tati
478 2975 698 3012 conveniens
715 3001 726 3017 ‚
746 2975 780 3010 8(
801 2987 819 3010 e
835 2974 1011 3011 converso
1043 2975 1064 3011 si
1092 2975 1252 3010 inferiori
1276 2975 1326 3012 est

381 3025 658 3064 disconveniens
670 3025 852 3073 appetitui
871 3028 1001 3069 pariter
1016 3026 1050 3061 8(
1069 3023 1244 3071 superiori
1258 3026 1328 3061 dis-

381 3078 603 3115 conveniens
619 3074 935 3120 invenitur3igitur
948 3075 1115 3110 voluntas
1134 3075 1327 3111 conformi-

380 3141 434 3166 ter
452 3127 484 3163 se
498 3138 625 3172 gerens
637 3126 679 3161 ad
698 3125 797 3161 astus
814 3124 995 3162 inferioris
1011 3125 1209 3172 appetitus,
1225 3127 1271 3162 ab
1283 3139 1327 3163 eo

381 3178 575 3217 necess-tio
589 3181 802 3213 immutatur
818 3202 829 3218 ,
853 3175 887 3211 8(
900 3175 1077 3211 trahitur.

483 3228 622 3263 Contra
634 3254 646 3270 ‚
675 3226 733 3262 Ad
761 3227 869 3261 Rom.
889 3237 899 3260 t
913 3239 945 3272 3.
974 3227 1066 3262 Non
1092 3224 1328 3271 adulterabis,

382 3281 475 3318 Non
485 3278 615 3314 occides
634 3305 644 3319 ,
661 3275 958 3327 Qonsuraberis
971 3302 981 3317 ,
1010 3277 1101 3313 Non
1115 3278 1325 3325 concupisces

380 3328 548 3374 &arum
564 3339 684 3364 autem
699 3328 868 3363 voluntas
892 3338 1017 3364 contra
1035 3326 1194 3364 seniitivi
1218 3341 1326 3376 appe·

380 3385 470 3420 titus
485 3379 753 3414 inclinationem
764 3379 872 3414 etiam
885 3390 967 3414 cum
980 3379 1092 3419 irae‚&
1106 3380 1235 3414 amoris
1249 3379 1326 3425 pas.

380 3431 538 3471 (ionibus
556 3430 716 3474 agitatur
731 3453 740 3469 ,
755 3428 786 3462 8(
804 3428 889 3466 furit
910 3456 920 3470 ,
934 3440 1038 3474 agere
1058 3429 1206 3470 valeret,
1219 3431 1325 3477 cique

380 3482 528 3519 obviam
545 3479 593 3516 ire
608 3506 619 3522 ,
635 3478 761 3515 frustra
776 3477 836 3514 fibi
857 3481 912 3515 lcx
928 3480 1172 3526 imponeretur
1190 3507 1200 3520 ‚
1215 3493 1323 3527 quam

380 3532 534 3570 omnino
552 3541 622 3566 non
636 3525 749 3577 posset
762 3527 912 3566 servare.
925 3532 1011 3566 Haec
1022 3540 1109 3565 vero
1124 3531 1325 3567 execranda

379 3583 429 3620 est
446 3579 587 3617 haerelis
604 3608 614 3621 ‚
629 3591 716 3624 crgo
730 3579 899 3616 voluntas
913 3592 983 3615 non
999 3578 1190 3616 necessario
1203 3593 1326 3619 move-

377 3644 436 3670 tut
450 3633 495 3668 ab
514 3631 673 3668 inferiori
685 3630 849 3676 appetitu
865 3658 873 3666 .

477 3680 709 3729 Respondeo‚
724 3679 801 3715 Aut
819 3682 1003 3728 appetitus
1017 3681 1233 3729 passionibus
1246 3683 1326 3720 sub-

373 3731 491 3781 jestus
521 3731 727 3773 irascibilis,
753 3729 788 3766 8(
812 3730 1102 3779 concupiscibilis
1123 3759 1134 3774 ,
1160 3733 1296 3770 doloris
1313 3763 1326 3779 ,

374 3785 409 3821 &
427 3782 722 3820 deleaationisin
737 3782 848 3827 gradu
865 3781 1053 3820 excellenvi
1069 3810 1082 3826 ,
1108 3783 1152 3819 iic
1166 3783 1325 3831 superio·

384 3847 439 3872 res
450 3835 554 3870 animi
587 3834 768 3883 potentias
786 3835 971 3877 immutat,
996 3846 1035 3870 ut
1047 3835 1156 3871 homo
1180 3835 1324 3873 excidat

978 173 981 175 ⁵
1025 170 1207 231 Summae
1236 181 1425 253 Joasmis
1460 183 1590 231 Duns
1621 181 1741 233 Scoti

1402 249 1471 288 usu
1487 253 1634 289 tationis
1649 267 1662 295 3
1690 263 1753 289 aut
1768 247 1882 288 stante
1892 250 2054 289 inferiori
2071 246 2236 302 'appetitu
2263 255 2345 289 tali-

1403 303 1472 338 bus
1488 303 1649 338 obnoxio
1660 303 1900 352 paffionibuS‚
1922 303 2036 338 homo
2047 303 2096 339 est
2112 303 2162 340 sui
2179 313 2342 351 compos,

1404 364 1470 389 nec
1483 351 1546 389 usu
1558 356 1723 401 privatur
1738 354 1943 390 rationis.Si
1952 354 2001 388 ob
2013 354 2262 390 vehementem
2275 353 2341 388 im-

1401 405 1634 440 mutationem
1646 404 1805 440 senlitivi
1822 404 2006 451 appetitus
2020 403 2105 441 usus
2124 403 2343 450 impediatur

1398 455 1550 490 rationis
1560 481 1572 497 ‚
1601 466 1640 491 ut
1656 457 1690 491 in
1702 454 1867 490 maximis
1884 454 2106 491 cruciatibus
2118 454 2152 490 8(
2169 455 2205 490 in
2217 466 2341 502 magna

1397 503 1636 541 &lec-”tatione
1652 532 1663 548 ‚
1685 503 1882 539 secundum
1909 502 2156 549 Augustinum
2172 530 2186 548 ,
2214 517 2271 551 ¹4·
2300 504 2346 541 de

1400 552 1521 590 (Σὲ-υἷι.
1532 555 1822 603 cup.161evidens
1834 552 1884 589 est
1897 554 2028 589 exinde
2043 555 2177 590 necessa
2184 557 2235 591 rio
2247 556 2342 592 trahi

1398 605 1623 642 voluntatem
1637 607 1682 641 ab
1697 604 1866 640 inferiore
1879 606 2042 652 appetitu
2067 615 2077 638 ε
2102 616 2175 640 non
2188 607 2276 654 quia
2289 620 2344 643 ra·

1400 656 1464 692 dix
1476 656 1652 691 libertatis
1664 653 1744 700 ejus
1757 654 1796 689 fit
1813 653 1898 689 usus
1922 655 1955 690 8(
1968 652 2205 691 indifferentia
2234 660 2345 693 ratioo

1398 706 1456 742 nis
1472 732 1484 748 ,
1505 705 1563 740 sed
1577 706 1751 752 quoniam
1763 716 1845 740 curn
1863 703 1948 739 nihil
1976 705 2068 740 velle
2080 716 2191 751 queat
2219 707 2280 743 nifi
2297 710 2344 745 ab

1398 754 1584 792 intellectu
1599 756 1662 791 fibi
1675 754 1958 801 praeostendatur
1969 781 1981 798 ,
1991 754 2061 790 hoc
2071 755 2222 793 subinde
2232 758 2265 792 in
2277 756 2344 795 suo

1399 805 1501 842 τεὲὶο
1512 805 1579 841 usu
1594 819 1667 843 non
1679 804 1793 841 stante
1804 830 1817 847 ,
1842 803 2066 853 consequens
2080 806 2129 841 est
2146 833 2159 849 ‚
2179 818 2219 842 ut
2237 808 2272 843 8(
2284 810 2344 845 illa

1396 857 1548 903 oblique
1560 868 1666 893 exeat
1679 857 1714 892 in
1728 856 1814 892 suos
1825 855 1942 898 astus,
1951 867 1996 892 eo
2005 868 2132 903 nempe
2144 859 2347 905 modo,quo

1396 907 1430 943 ei
1445 908 1489 943 ab
1500 908 1684 944 intellefi'tu
1699 917 1843 943 errante
1852 904 1998 952 objeeia
2018 905 2347 955 praeostenduntur.

1397 957 1514 1007 Qd
1528 958 1550 993 fi
1566 957 1739 995 stantibus
1755 960 1793 994 in
1809 956 1973 993 inferiori
1991 958 2155 1005 appetitu
2184 956 2349 1006 pastioni-

1399 1010 1468 1045 bus
1484 1010 1520 1044 in
1534 1009 1653 1055 gradu
1670 1008 1889 1050 excellenti,
1914 1007 2008 1042 ratio
2020 1008 2067 1043 ab
2079 1008 2128 1042 eis
2142 1020 2215 1044 non
2229 1007 2351 1045 absor-

1399 1060 1529 1095 beatur
1544 1085 1557 1101 ,
1580 1071 1621 1095 ut
1632 1060 1671 1095 in
1686 1058 1816 1096 sanffis
1832 1058 2058 1106 Martyribus
2072 1084 2084 1100 ,
2101 1069 2184 1095 cum
2200 1058 2351 1095 atrocis-

1399 1110 1498 1148 simis
1509 1109 1737 1146 afficerentur
1749 1109 1974 1146 cruciatibus
1987 1135 2000 1152 ,
2025 1109 2194 1146 voluntas
2205 1110 2350 1147 minime

1399 1163 1448 1197 ab
1459 1160 1619 1200 inferiori
1631 1163 1796 1212 appetitu
1812 1158 2008 1196 necessario
2022 1170 2190 1196 movetur
2200 1185 2213 1204 ,
2226 1161 2299 1196 imo
2312 1161 2349 1197 in

1401 1211 1454 1248 sui
1472 1212 1644 1258 potestate
1657 1212 1705 1251 est
1721 1213 1771 1247 illi
1785 1211 1870 1247 talia
1887 1211 2034 1258 patienti
2050 1212 2206 1260 compati
2235 1211 2270 1247 8(
2288 1213 2353 1247 tri·

1400 1262 1502 1305 stari,
1519 1275 1581 1298 aut
1598 1262 1620 1298 li
1638 1263 1672 1298 in
1690 1262 1942 1310 voluptatibus
1960 1261 2015 1303 fit,
2033 1260 2097 1296 sibi
2113 1261 2156 1297 de
2166 1261 2230 1297 tali
2244 1261 2350 1309 obje-

1398 1315 1462 1351 eto
1478 1315 1702 1362 complacere
1719 1339 1731 1354 ,
1758 1314 1814 1349 vel
1831 1310 1920 1348 illud
1933 1310 2089 1347 aversari
2105 1336 2116 1346 .

1507 1367 1549 1406 Et
1580 1365 1751 1412 quamvis
1780 1374 1978 1412 poneretur
2007 1363 2131 1410 aliqua
2159 1361 2354 1400 deleflatio

1399 1418 1608 1464 subreptitia
1624 1414 1821 1462 praecedere
1831 1415 1868 1449 in
1881 1414 2069 1449 voluntate
2079 1424 2138 1447 om
2146 1425 2221 1449 nem
2233 1415 2353 1451 aetum

1400 1471 1553 1506 liberum
1569 1467 1680 1504 iofius
1692 1493 1702 1508 ‚
1719 1468 1776 1501 vel
1789 1467 1908 1513 aliqua
1924 1465 2065 1500 tristitia
2079 1462 2241 1512 respe&u
2252 1464 2357 1512 obje-

1401 1520 1542 1558 &orum
1557 1517 1708 1553 tristium
1724 1517 1741 1559 ί
1756 1517 1941 1562 Siquidem
1955 1528 2022 1551 non
2032 1515 2080 1563 est
2093 1518 2132 1550 in
2141 1514 2357 1564 nostr-apote-

1392 1572 1491 1619 state
1505 1571 1591 1617 quin
1602 1567 1681 1612 vifis
1696 1570 1912 1611 taagamur)
1928 1577 1997 1598 non
2021 1577 2205 1610 propterea
2236 1578 2353 1602 tamen

1405 1623 1573 1654 voluntas
1584 1615 1735 1650 dicenda
1752 1614 1802 1648 est
1819 1613 1868 1646 ita
1880 1611 2072 1647 necessario
2087 1614 2276 1660 cooperari
2300 1616 2354 1650 in-

1400 1667 1524 1711 feriori
1542 1665 1719 1713 appetitui
1735 1674 1774 1698 ut
1792 1663 1909 1697 abillo
1925 1661 2082 1697 ducatur
2096 1663 2155 1704 fic,
2169 1674 2208 1698 ut
2222 1665 2256 1700 in
2272 1662 2353 1710 ejus

1398 1717 1575 1768 potestate
1595 1727 1664 1751 non
1683 1714 1722 1748 sit
1739 1713 1986 1748 contradicere
1999 1738 2010 1752 ,
2042 1713 2241 1758 refragari,
2267 1716 2301 1752 &
2315 1716 2351 1751 in

1398 1767 1606 1813 oppofitum
1630 1763 1750 1798 aetum
1777 1760 1877 1796 exire
1901 1786 1910 1795 .
1940 1761 2147 1800 intelleftus
2170 1766 2350 1811 quidem-2

1399 1823 1619 1860 cooperatur
1634 1811 1747 1847 sensui
1763 1810 1904 1847 fortiter
1918 1813 2113 1848 immutato
2127 1841 2138 1856 ,
2165 1815 2228 1850 nisi
2256 1817 2352 1851 circa

1399 1865 1470 1901 alia
1484 1861 1630 1909 obJeE’ta
1647 1861 1834 1898 distraetus
1846 1862 1887 1897 fit
1902 1875 1912 1902 ;
1939 1862 1973 1897 8(
1991 1863 2039 1897 ita
2054 1865 2162 1900 etiam
2183 1867 2353 1902 voluntas

1398 1914 1643 1951 communiter
1657 1913 1878 1960 compatitur
1892 1912 2064 1948 sensitivo
2086 1917 2268 1962 appetitui
2295 1931 2355 1965 pa·

1398 1967 1530 2008 flenti,
1554 1965 1587 2001 8(
1604 1962 1874 2000 condelectatur
1899 1963 2012 1999 eidem
2028 1966 2199 2011 gaudenti
2229 1968 2354 2005 circa-

1397 2017 1490 2053 idem
1504 2014 1692 2063 objeetum
1703 2040 1716 2058 ,
1746 2014 1853 2050 modo
1870 2026 1940 2049 non
1953 2015 2168 2062 impediatur
2183 2019 2353 2055 voluntas

1399 2079 1463 2115 per
1488 2079 1560 2103 non
1590 2065 1913 2103 confiderationem
1951 2065 2152 2103 {melleetus
2171 2095 2180 2111 ,
2207 2070 2265 2105 vel
2292 2082 2354 2117 per

1400 2117 1498 2155 aliud
1517 2116 1816 2165 impedimentum
1836 2116 2069 2152 vincens.Sed
2086 2130 2204 2154 tamen
2222 2131 2291 2155 non
2307 2119 2353 2156 fic

1401 2167 1598 2206 necefl'ario
1611 2166 1725 2204 fertur
1738 2178 1783 2202 ex
1812 2167 1995 2214 appetitus
2018 2168 2271 2206 immutatione
2289 2197 2299 2212 ,
2327 2170 2350 2207 fi

1399 2221 1493 2256 ratio
1504 2218 1544 2255 s1t
1561 2216 1614 2254 sui
1629 2229 1781 2265 compos
1798 2243 1809 2258 ,
1832 2227 1872 2252 ut
1886 2216 2079 2254 delet-*tatio
2091 2246 2101 2261 ,
2119 2231 2227 2267 atque
2240 2220 2354 2258 tristi-

1399 2272 1450 2305 tia
1463 2269 1564 2305 aetus
1592 2267 1738 2305 elicitos
1755 2269 1953 2303 voluntatis
1984 2269 2247 2318 consequentes
2278 2283 2350 2308 non

1400 2322 1466 2357 {int
1481 2322 1514 2355 in
1528 2318 1637 2367 ipsius
1654 2319 1880 2355 dominativa
1897 2319 2070 2364 potestate
2100 2347 2110 2357 .
2141 2323 2267 2368 Atque
2282 2323 2350 2358 hac

1399 2373 1538 2407 ratione
1556 2369 1653 2406 reste
1681 2369 1861 2406 diceretur
1877 2369 2055 2406 violenter
2082 2385 2253 2419 corrupta
2279 2385 2349 2409 non

1399 2433 1551 2472 peccare
1565 2446 1574 2455 .
1587 2423 1684 2458 Nam
1697 2421 1776 2456 licet
1788 2420 1832 2454 ad
1848 2421 2071 2458 voluntatem
2087 2423 2200 2470 usque
2216 2426 2353 2472 pertin·

1400 2482 1500 2521 geret
1519 2471 1713 2507 delei‘statio
1726 2470 1881 2507 senfitivi
1898 2473 2080 2518 appetitus
2095 2501 2105 2516 ‚
2134 2475 2219 2520 quia
2232 2485 2351 2510 tamen

1400 2522 1673 2563 ,deleetauonem
1688 2523 1722 2558 &
1739 2521 1952 2559 deleaabile
1964 2534 2033 2558 non
2047 2525 2140 2567 vult,
2153 2536 2215 2571 per
2228 2525 2351 2560 subre-

1398 2574 1559 2622 ptionem
1573 2572 1772 2609 detestatur
1791 2599 1802 2615 ‚
1829 2584 1895 2610 nec
1921 2574 2091 2610 voluntas
2104 2574 2153 2610 est
2182 2572 2353 2622 sequela..

1399 2625 1503 2661 aetus
1518 2625 1619 2659 liberi
1634 2624 1834 2660 voluntatis
1850 2650 1859 2660 .
1877 2623 1991 2661 Posset
2007 2625 2114 2660 etiam
2127 2625 2196 2660 dici
2209 2626 2243 2661 in
2268 2623 2354 2661 casu

1399 2676 1565 2712 mulieris
1581 2676 1650 2710 vim
1665 2676 1836 2722 patientis
1851 2701 1863 2718 ‚
1878 2674 2047 2716 delectari
2062 2687 2139 2711 earn
2155 2674 2353 2712 secundum

1398 2726 1535 2762 tanum
1553 2752 1564 2768 ,
1589 2737 1660 2762 non
1671 2735 1790 2761 tamen
1804 2723 2003 2762 secundum
2016 2726 2245 2763 voluntatem
2256 2752 2270 2770 ,
2287 2725 2351 2762 nili

1395 2775 1583 2823 objectum
1597 2775 1678 2818 effer
1693 2777 1803 2813 libere
1815 2776 1969 2816 volitum
1988 2801 1998 2811 .

1500 2826 1559 2863 Ad
1576 2836 1787 2872 argumenta
1802 2852 1816 2865 .
1832 2826 1890 2865 Ad
1904 2827 2058 2874 primum
2075 2825 2287 2876 respondeo,
2301 2826 2354 2862 di·

1397 2889 1496 2913 ctum
1514 2877 1544 2913 A
1553 2877 1678 2924 postoli
1694 2875 1763 2913 eise
1779 2877 2064 2923 intelligendum,
2082 2877 2204 2925 quoad
2219 2879 2352 2922 primos

1399 2939 1520 2965 motus
1537 2954 1549 2970 ,
1574 2929 1638 2975 qui
1654 2929 1828 2976 quoniam
1847 2927 2052 2975 praecedunt
2068 2940 2210 2964 omnem
2229 2939 2349 2966 actum

1397 2980 1599 3019 voluntatis
1616 3006 1626 3021 ‚
1660 2990 1806 3026 peccata
1822 2977 1889 3016 effe
1902 2990 1976 3014 non
1992 2977 2134 3026 poil'unt
2152 2991 2256 3015 :narn
2271 2981 2352 3016 nul-

1397 3030 1429 3066 la
1443 3031 1534 3066 ratio
1549 3031 1665 3075 culpae
1681 3029 1731 3065 est
1744 3031 1779 3066 in
1796 3031 1919 3077 aliquo
1936 3029 2159 3076 praecedente
2181 3040 2266 3066 actu
2284 3042 2350 3066 vo-

1398 3081 1548 3117 luntatis
1566 3106 1576 3114 .
1593 3079 1862 3123 Delectationes
1875 3091 1962 3116 vero
1975 3090 2056 3126 quae
2073 3079 2150 3115 sunt
2167 3082 2204 3116 in
2218 3082 2349 3118 volun-

1398 3143 1471 3167 tate
1483 3133 1727 3179 complacente
1750 3130 1919 3168 senfitivo
1934 3130 2110 3176 appetitui
2133 3129 2176 3167 de
2197 3129 2346 3177 objecto

1394 3183 1546 3224 illicito,
1572 3193 1718 3228 peccata
1736 3181 1815 3220 sunt
1829 3180 1913 3229 quia
1930 3181 1994 3216 illae
2006 3191 2078 3216 non
2106 3181 2224 3218 insunt
2243 3182 2345 3221 lint,

1396 3245 1481 3270 actu
1498 3232 1647 3268 rationis
1665 3234 1696 3268 8(
1712 3232 1909 3268 voluntatis
1922 3230 2144 3278 praecedente
2157 3258 2169 3269 .

1497 3283 1554 3321 Ad
1573 3282 1766 3321 secundum
1785 3292 1882 3330 patet
1913 3294 1959 3318 ex
1976 3279 2150 3318 hactenus
2173 3283 2278 3319 dictis
2307 3284 2342 3321 8(

1395 3334 1625 3382 responsione
1639 3332 1926 3380 eAdficundum
1937 3331 2204 3381 quaestpraeced.
2220 3343 2292 3371 art·
2309 3347 2343 3374 2.

1501 3383 1556 3420 Ad
1573 3384 1722 3420 tertium
1739 3383 1934 3430 respondeo
1950 3382 2184 3420 concedendo
2212 3397 2347 3421 conve·

1396 3436 1533 3471 nientia
1545 3446 1701 3481 quaeque
1718 3433 1879 3470 infcriori
1891 3434 2068 3480 appetitui
2083 3435 2215 3481 pariter
2232 3436 2265 3471 8(
2280 3447 2346 3470 vo-

1397 3486 1530 3521 luntati
1543 3486 1713 3527 arridere,
1727 3484 1782 3519 sed
1797 3483 1989 3521 secundum
2005 3483 2231 3521 affectionem
2247 3497 2347 3522 com-

1397 3536 1508 3572 modi.
1526 3540 1575 3574 At
1590 3538 1675 3582 quia
1690 3546 1854 3585 praeterea
1868 3536 2035 3572 voluntas
2046 3533 2220 3572 instructa
2232 3535 2281 3572 est
2295 3537 2346 3573 af-

1399 3586 1554 3623 fectione
1566 3584 1651 3631 justi
1670 3614 1680 3629 ‚
1706 3596 1813 3631 penes
1824 3584 2036 3623 hanclibere
2062 3584 2096 3621 se
2109 3597 2258 3624 movere
2282 3600 2348 3636 po·

1399 3636 1463 3672 test
1479 3646 1603 3672 contra
1618 3649 1694 3674 eam
1711 3637 1975 3672 inclinationem
1992 3663 2002 3679 ,
2017 3649 2090 3684 qua
2105 3635 2227 3684 suapte
2244 3649 2348 3675 natu-

1402 3699 1439 3723 ra
1462 3697 1576 3733 prona
1601 3686 1652 3722 est
1679 3685 1921 3724 condelectari
1951 3688 2129 3735 appetitui
2161 3686 2344 3732 senfitivo,

1398 3735 1689 3787 quotiescunque
1706 3738 1799 3773 ratio
1815 3738 1958 3787 penitus
1970 3737 2136 3789 absorpta
2152 3749 2224 3775 non
2238 3738 2287 3778 est
2299 3749 2346 3778 a...

1399 3787 1613 3840 pastionibus
1627 3788 1807 3827 inferioris
1819 3789 2001 3839 appetitus
2014 3814 2024 3826 .

2154 3891 2300 3933 ARTI-

2385 581 2507 617 mci-25-

2407 1370 2462 1401 Ubi
2474 1371 2551 1414 supra
2560 1380 2585 1410 §ae

2388 1411 2464 1439 Praet
2469 1422 2500 1441 er
2511 1413 2586 1442 illua·

2389 1449 2499 1479 modum
2532 1451 2586 1481 tri-

2380 1487 2479 1525 standi
2504 1508 2514 1519 .

2391 1525 2552 1557 Delestatio
2562 1527 2589 1559 k

2390 1563 2499 1594 tristitia
2545 1565 2588 1595 stt-

2390 1600 2526 1639 breptitia
2536 1603 2591 1633 effe

2390 1641 2483 1677 potest
2493 1644 2522 1671 in
2534 1649 2588 1672 vo-

2389 1679 2496 1709 luntate
2525 1689 2588 1710 ante

2389 1726 2504 1746 omnem
2525 1719 2588 1747 achi

2387 1755 2513 1785 elicitum
2543 1758 2586 1796 ip·

2387 1794 2440 1823 fius
2451 1814 2462 1824 .
2576 1804 2578 1806 ¹

2408 2839 2514 2869 Mulier
2523 2840 2580 2869 vio-

2389 2877 2479 2907 lenter
2490 2886 2580 2908 corrn-

2388 2925 2437 2956 pta
2460 2925 2496 2946 au
2525 2923 2582 2956 pet·

2388 2963 2435 2985 (et
2444 2975 2454 2983 .

2443 3069 2510 3100 Hoc
2525 3076 2578 3098 non

2385 3107 2555 3137 contradicit

2386 3146 2477 3176 statim
2496 3144 2580 3178 distis.

2382 3186 2455 3224 quia
2468 3185 2519 3214 istae
2532 3182 2579 3212 de-

2382 3223 2546 3253 leentiam

2382 3271 2439 3290 non
2452 3261 2510 3291 sunt
2522 3257 2578 3289 {ub-

2382 3301 2501 3339 reptitioe
2510 3319 2517 3327 .
2528 3299 2569 3327 De

2382 3348 2439 3375 qua
2462 3347 2492 3366 re
2515 3334 2581 3367 infra}

2384 3388 2410 3407 c·
2418 3385 2467 3414 ⁷4⁸
2475 3375 2562 3405 ars-80
2578 3370 2581 3433 1.

2421 3467 2478 3495 Ubi
2505 3463 2578 3508 sups‘l

2384 3508 2410 3538 §-
2423 3508 2479 3535 Sed
2485 3502 2577 3534 obiicw

2382 3550 2431 3573 tur
2440 3553 2452 3566 0
2574 3544 2576 3588 f
