2628 4026
136 391 164 417 s.
184 386 306 417 Thomz

100 428 249 469 secundum

105 464 256 507 principale
270 480 279 490 .

106 606 164 635 ΗΔ(
187 602 307 630 ration&

107 649 214 679 reputat
243 641 306 667 Do-

108 685 166 710 e'tor
219 687 307 705 nunus

110 719 252 748 efficaces.

110 1261 153 1290 Its
170 1252 309 1289 intellige-

111 1300 160 1325 clus
185 1296 227 1322 h'c
245 1293 308 1319 D)-

111 1336 209 1365 Cton&
219 1328 313 1367 4-d1st·

115 1386 124 1404 χ
136 1386 150 1406 4
163 1382 215 1409 q..'..-
231 1380 258 1396 Π·
270 1376 309 1410 ,4-

111 1419 157 1442 ubi
203 1405 310 1444 Magist-

112 1452 245 1486 Hiquaeus
281 1445 308 1488 fx

112 1487 245 1519 Cui-ellus
280 1492 310 1510 m

114 1527 212 1558 Scholia
227 1543 234 1551 .

113 1619 157 1646 De
181 1615 220 1643 his
246 1614 308 1641 Do-

114 1657 172 1684 &or
198 1664 226 1688 4.
250 1649 310 1680 dist·

114 1699 161 1729 46*
178 1703 204 1729 q.
236 1700 261 1717 ι.
286 1694 307 1719 6·

115 1729 160 1762 ³Ad
194 1730 309 1765 primam

118 1769 284 1807 quctstiuucm
300 1785 308 1793 .

420 143 522 200 ‘388

348 219 409 246 mo
426 222 470 245 ex
488 208 625 242 viribus
639 205 708 243 suae
729 216 865 242 naturae
894 210 1020 254 nequit
1053 210 1168 243 Deum
1193 206 1296 253 super

350 261 470 295 omnia
489 258 634 302 diligere
649 271 660 293 ς
683 258 783 305 quod
801 257 821 292 st
842 256 1074 293 nihilominus
1097 256 1244 300 diligat,
1260 255 1296 290 id

347 310 488 346 habitui
506 308 624 342 infuso
641 310 761 353 gratim
775 308 1041 346 attribuendum
1059 306 1109 345 est
1122 334 1133 344 .

453 360 626 394 Praeterea
642 385 653 400 ,
678 359 790 396 Nulla
809 369 932 393 natura
951 357 1065 401 potest
1096 357 1198 405 supra
1230 356 1295 391 se,

350 409 482 457 ipsam:
501 408 557 443 secl
573 409 718 454 diligere
732 409 868 453 aliquid
894 408 1080 454 plusquam
1095 406 1126 443 se
1144 433 1154 447 ‚
1171 407 1219 442 est
1233 418 1296 442 ex-

349 461 490 495 tendere
510 458 541 493 se
555 461 588 495 in
603 458 748 506 aliquod
767 458 869 504 supra
888 457 922 493 se
940 459 1082 503 ipsum3
1105 469 1190 503 ergo
1218 457 1297 492 nul-

351 511 381 545 la
399 521 523 545 natura
540 521 653 548 creata
673 508 788 556 porest
810 509 928 543 Deum
956 508 1105 552 diligere
1134 507 1239 555 supra
1261 505 1296 541 se

351 560 457 609 ipsam
471 560 540 594 sine
556 572 596 606 gr
607 560 678 593 uie
692 559 820 595 divivae
832 560 969 593 auxilio
984 583 992 592 .

451 611 588 645 Corum
606 636 615 652 ‚
632 610 714 644 Pars
731 609 841 654 magis
854 609 965 655 diligit
980 607 1295 654 ff’totius,quam

352 661 416 708 effe
433 660 626 707 suiipsius,
653 660 751 705 quod
779 669 874 704 patet
901 660 935 693 8(
964 659 998 693 in
1023 655 1179 699 majori,
1202 657 1233 690 ἃ
1261 656 1296 688 in

353 713 478 747 minori
497 709 630 746 mundo
649 709 834 744 ‚lbienim
861 719 952 751 aqua
980 706 1156 745 ascendit,
1183 718 1225 740 ne
1257 704 1295 738 stt

354 774 510 796 vacuum
527 761 560 796 in
576 758 764 793 universo.-
784 760 853 792 Hic
866 769 953 791 vero
965 766 1091 792 manus
1108 754 1141 791 se
1166 754 1198 789 se
1232 766 1296 788 ei<-

354 811 632 860 ponitpericulo
651 820 688 842 ut
703 808 856 842 salvetur
880 817 999 842 totum
1016 833 1026 848 ,
1053 807 1112 840 cui
1145 804 1296 839 subinde

352 865 463 909 magis
490 870 592 906 optat
619 860 650 893 8(
672 860 748 893 vult
778 856 924 893 salutem
943 883 956 905 2
982 857 1180 905 quamfibi.
1197 855 1295 889 Cum

352 925 438 958 ergo
452 911 620 958 quaelibet
635 919 797 943 creatura
813 909 852 944 s1t
883 910 1044 956 quedam
1070 905 1298 954 participatio

353 964 523 997 bonitatis
551 960 679 994 divirae
707 985 718 1000 ,
754 961 862 1005 magis
887 958 1126 1005 quacumque
1160 956 1294 1003 appetit

351 1011 590 1059 effehoniDei
614 1036 622 1049 ‚
646 1022 755 1053 quam
787 1008 838 1044 sui
863 1010 969 1055 ipfius
987 1036 997 1050 ‚
1026 1011 1058 1045 8(
1088 1021 1149 1054 per
1176 1005 1298 1042 conse-

352 1075 467 1110 quens
494 1073 619 1097 natura
646 1061 826 1095 rationalis
849 1063 975 1106 poterit
1001 1072 1047 1094 ex
1072 1059 1297 1094 naturalibus

351 1115 464 1159 magis
493 1112 639 1155 diligere
668 1114 801 1147 bonurn
825 1111 987 1147 divinum
1013 1135 1026 1156 ,
1067 1122 1176 1156 quam
1201 1107 1297 1145 aliud

350 1175 423 1211 quo
439 1165 607 1207 ictumque
622 1186 632 1196 .
1086 1163 1090 1165 “

454 1213 670 1260 Respondeo
692 1211 883 1247 dicendum
902 1239 910 1251 ,
938 1224 1100 1248 naturam
1143 1214 1298 1247 rationa-

351 1267 419 1301 lem
439 1263 509 1299 suis
527 1265 662 1299 vitians
682 1289 690 1303 ‚
715 1261 967 1309 praesuppolita
995 1264 1062 1298 Dei
1088 1264 1299 1299 influentia-v

353 1316 565 1355 communi,
590 1326 657 1360 qui
679 1310 836 1348 consulit
857 1337 866 1350 ‚
884 1314 1137 1359 providetque,
1150 1315 1182 1347 8(
1197 1323 1300 1348 natu-

355 1378 399 1401 rae
415 1366 500 1400 nulli
531 1365 715 1398 hominum
744 1364 918 1398 auxilium
945 1362 1045 1399 suum
1075 1363 1301 1410 denegando,

355 1415 448 1463 poffe
461 1416 606 1461 diligere
622 1416 736 1448 Deum
752 1411 853 1460 super
875 1416 990 1453 omnia
1008 1442 1017 1454 ‚
1045 1425 1117 1449 tam
1146 1413 1301 1449 extenfi·

356 1480 398 1502 ve
426 1466 495 1500 five
531 1464 768 1503 appretiative
795 1490 804 1504 ‚
834 1475 946 1509 quarn
989 1464 1189 1505 intensive,
1212 1461 1298 1498 idest

356 1515 481 1561 majori
497 1515 625 1550 affeetu
641 1512 843 1560 oppositum
861 1516 1071 1550 excludente
1093 1541 1102 1549 .
1131 1514 1301 1549 Declara-

355 1569 428 1604 tio:
446 1567 557 1602 Ratio
572 1564 743 1599 naturalis
758 1562 912 1600 ostendit
926 1576 1060 1602 naturae
1075 1564 1300 1600 inteileetua-

356 1620 377 1655 li
395 1617 460 1653 effe
477 1613 610 1662 aliquid
625 1613 759 1648 summe
774 1613 994 1657 diligendum
1013 1642 1020 1656 ,
1040 1628 1122 1650 nam
1136 1617 1169 1649 in
1184 1615 1301 1649 omni-

356 1672 422 1705 bus
439 1668 577 1703 actibus
593 1691 606 1710 ‚
632 1665 665 1699 8(
683 1662 838 1710 objeeiis
855 1664 1084 1702 essentialiter
1112 1665 1301 1705 ordinatis,

354 1719 402 1754 est
421 1716 554 1764 aliquid
569 1714 773 1760 supremum
793 1740 804 1756 ,
830 1715 862 1750 8(
879 1717 926 1750 ita
940 1718 1061 1763 aliqua
1077 1715 1218 1751 dileetio
1246 1713 1302 1749 su-

353 1781 533 1816 prema.ac
546 1766 694 1802 subinde
710 1764 912 1812 supremum
925 1766 1108 1812 objeequm
1123 1766 1168 1801 fic
1184 1764 1304 1810 diligi-

357 1821 425 1856 bile
441 1846 450 1854 .
466 1819 576 1854 Ratio
592 1827 708 1851 autem
724 1817 897 1851 naturalis
917 1829 985 1852 non
998 1816 1152 1852 ostendit
1168 1815 1265 1851 aliud
1284 1827 1303 1849 a

357 1869 613 1907 bonoinfinito
634 1865 702 1902 effe
727 1866 863 1901 summe
890 1866 1110 1912 diligendum
1136 1891 1146 1901 .
1172 1870 1304 1904 Nam-2

357 1922 517 1966 alio-quin
544 1918 698 1953 charitas
723 1917 909 1953 inclinaret
934 1919 968 1953 in
989 1916 1192 1965 oppositum
1210 1914 1305 1960 ejus,

355 1972 455 2019 quod
475 1969 583 2005 dic-”tat
603 1966 746 2014 praecisc
763 1968 897 2003 bonum
913 1967 1094 2004 infinitum
1108 1966 1182 2002 fore
1211 1965 1306 2001 sum-

359 2035 415 2058 me
432 2019 654 2066 diligendum
669 2045 678 2061 ‚
711 2019 743 2054 8(
762 2030 822 2064 per
838 2017 1058 2065 consequens
1085 2017 1304 2052 voluntasin

359 2072 394 2108 id
414 2073 580 2118 potestex
595 2069 665 2104 suis
682 2070 905 2104 naturalibus
924 2096 935 2112 ‚
962 2081 1088 2112 nempe
1104 2066 1187 2102 citra
1205 2067 1307 2102 hibi-

362 2133 438 2158 tum
453 2119 637 2155 charitatis
655 2145 664 2161 ‚
693 2129 864 2166 preventa
879 2129 995 2154 tamen
1010 2143 1022 2160 ‚
1051 2130 1160 2164 atque
1185 2118 1307 2152 adiuta

363 2172 502 2207 auxilio
518 2169 648 2204 affluali
667 2197 674 2203 .
697 2169 833 2204 Etenim
857 2170 941 2204 nihil
967 2168 1082 2216 potest
1108 2166 1306 2203 intelleftus

363 2221 458 2257 recie
471 2221 625 2262 dictare,
648 2221 680 2253 in
698 2220 796 2264 quod
812 2219 984 2253 dinatum
1015 2220 1185 2253 voluntas
1216 2218 1306 2262 pari-

363 2283 414 2307 ter
429 2283 496 2306 non
516 2270 613 2315 poffit
631 2269 699 2304 suis
716 2271 856 2304 viribus
871 2270 1014 2303 tendere
1030 2282 1041 2307 ;
1070 2269 1229 2311 alioqwn
1245 2279 1309 2300 vo·

363 2324 480 2358 luntas
497 2320 641 2355 dicenda
657 2319 737 2354 esset
752 2320 964 2353 naturaliter
978 2319 1063 2352 mala
1078 2331 1090 2358 3
1115 2317 1170 2352 vel
1188 2315 1308 2352 saltem

365 2384 434 2407 non
454 2374 560 2406 libera
579 2370 619 2403 ad
644 2367 861 2403 tendendum
888 2369 921 2402 in
945 2367 1162 2413 quodlibet,
1187 2365 1311 2401 secun-

364 2422 450 2456 dum
464 2433 538 2456 eam
557 2420 639 2454 boni
655 2420 832 2456 rationem
850 2443 862 2463 ‚
889 2430 970 2466 quae
986 2419 1047 2455 fibi
1062 2420 1107 2454 ab
1127 2417 1311 2453 intelleEIu

365 2470 637 2520 praeostenditur
652 2494 660 2503 .

467 2520 601 2556 Deinde
617 2534 637 2567 9
664 2520 726 2556 Εὐ
741 2520 784 2556 h.
797 2529 868 2567 cap.
885 2532 905 2565 9
933 2519 1036 2555 docet
1051 2517 1313 2565 Philosophus,

367 2572 494 2607 fortem
527 2571 712 2614 politicum
742 2569 936 2606 secundum
965 2569 1095 2605 rcc'tam
1124 2571 1313 2608 rationem,

367 2623 495 2657 debere
511 2620 542 2656 se
559 2623 662 2657 morti
691 2633 896 2669 exponere,
925 2632 967 2655 ne
997 2622 1084 2656 male
1113 2619 1150 2654 fit
1178 2621 1315 2665 Reipu-

312 2683 321 2693 ·
370 2674 469 2708 blicae
489 2699 497 2713 ‚
524 2671 578 2706 seu
596 2685 658 2716 pro
674 2670 861 2717 bonoejus
891 2697 897 2703 .
925 2669 1166 2716 Philosophus
1196 2680 1314 2704 tat-ren

368 2736 440 2760 non
458 2724 605 2768 putabat
620 2723 713 2758 hunc
729 2722 1036 2770 consequuturum
1058 2721 1203 2766 aliquod
1229 2730 1317 2767 proe-

369 2775 479 2810 mium
497 2771 570 2817 post
597 2772 686 2809 hanc
710 2775 844 2813 vitam3
877 2784 1007 2818 anceps
1033 2771 1166 2818 quippe
1193 2772 1315 2808 admo-

370 2825 455 2859 dum
467 2834 540 2857 crat
566 2849 574 2863 ,
600 2836 686 2858 num
705 2825 821 2859 anima
833 2822 914 2859 esset
929 2825 1142 2858 immortalis
1157 2849 1168 2865 ,
1192 2824 1226 2859 &
1241 2833 1314 2857 ma-

369 2877 423 2921 gis
438 2873 580 2908 videtur
593 2873 806 2918 propendere
819 2876 854 2908 in
871 2885 1004 2919 partem
1026 2871 1314 2920 negativamzsal-

371 2937 439 2961 tem
456 2923 475 2958 st
489 2925 638 2969 quilibet
653 2923 833 2970 sequendo
850 2925 1048 2959 naturalem
1063 2925 1234 2960 rationem
1248 2922 1315 2958 du-

370 2978 458 3012 bitat
477 2974 519 3009 de
533 2976 605 3008 vita
622 2974 742 3009 futura
760 2974 948 3020 propterid
964 3001 974 3016 ‚
999 2974 1043 3008 de
1057 2986 1132 3020 quo
1156 2975 1315 3014 dubitat,

371 3038 442 3062 non
460 3025 564 3059 debet
583 3023 614 3058 sc
628 3026 731 3059 morti
748 3036 928 3067 exponere
945 3037 953 3058 z
969 3023 1023 3059 sed
1042 3024 1061 3059 fi
1079 3025 1182 3060 debet
1200 3023 1234 3059 se
1264 3023 1315 3057 di·

370 3076 525 3112 ferimini
543 3076 663 3110 mortis
678 3075 834 3110 obiicere
848 3101 859 3116 ,
886 3074 1048 3122 prochio
1065 3087 1103 3110 ea
1122 3074 1165 3109 de
1194 3072 1315 3114 causa,

370 3127 455 3174 quia
476 3126 573 3160 aliter
590 3125 776 3161 facientem
806 3124 1000 3172 sequutura
1026 3124 1075 3160 est
1104 3125 1317 3160 certiffimaa

373 3175 503 3211 amiffio
520 3177 602 3209 boni
623 3175 792 3214 virtutis;
818 3177 925 3222 igitur
958 3174 1093 3212 secluso
1117 3177 1316 3221 omniproe·

373 3228 444 3263 mio
460 3225 582 3260 futuro
600 3252 606 3262 .
633 3224 828 3261 consonum
845 3225 894 3261 est
909 3227 1009 3262 reclae
1023 3228 1153 3261 rationi
1173 3252 1182 3268 ‚
1209 3238 1317 3274 opor-

373 3289 447 3312 tere
463 3276 588 3310 sortem
603 3277 791 3321 politicum
806 3278 898 3312 velle
914 3277 947 3312 se
963 3289 1032 3311 non
1061 3277 1127 3313 effe
1144 3304 1152 3315 ‚
1185 3289 1228 3312 ne
1258 3288 1318 3324 pc·

377 3339 447 3363 reat
465 3328 599 3361 bonum
622 3327 841 3373 Reipublicae
873 3354 881 3361 .
906 3329 1020 3373 Atqui
1050 3326 1240 3362 secundum
1265 3338 1318 3361 re-

377 3378 468 3413 fiam
488 3374 658 3411 rationem
677 3403 688 3418 ,
709 3378 820 3420 magis
835 3377 883 3413 est
900 3378 1122 3420 diligendum
1150 3377 1317 3413 bonum-³

376 3428 540 3462 divinum
557 3453 566 3466 ‚
600 3439 706 3473 quam
723 3428 854 3462 bonum
887 3427 1043 3473 alicujus
1073 3429 1318 3475 particulari33

377 3490 464 3522 ergo
481 3476 521 3512 tle
537 3476 638 3512 reeiae
656 3477 801 3512 rationis
813 3478 1003 3514 diflamine
1020 3505 1030 3521 ,
1050 3480 1201 3520 quilibet
1215 3479 1319 3514 debet

378 3530 469 3564 velle
487 3527 519 3563 se
534 3528 671 3574 noncff'e
686 3555 696 3569 ,
729 3539 874 3573 propter
890 3531 1022 3563 bonurn
1050 3528 1212 3564 divinum
1231 3542 1241 3570 ;
1272 3542 1320 3567 at.

377 3591 448 3625 que
463 3581 505 3612 ita
526 3590 652 3614 natura
667 3580 849 3614 rationalis
864 3578 933 3614 suis
953 3581 1086 3613 viribus
1103 3580 1215 3625 potest
1243 3582 1321 3615 dili-

380 3642 462 3674 gere
479 3628 597 3665 Deum
613 3629 844 3678 superomnia
860 3630 929 3665 stne
942 3630 1178 3667 omnihabitu
1206 3632 1322 3667 chari-

378 3690 461 3715 tatis
488 3707 498 3716 .

479 3732 573 3767 Addi
588 3732 693 3767 etiam
709 3730 819 3775 potest
833 3730 906 3766 haec
926 3732 1150 3775 Theologica
1179 3732 1323 3779 persua-

379 3781 425 3815 sio
442 3805 450 3814 .
469 3784 605 3818 litt-nim
621 3782 640 3817 st
657 3784 775 3818 nullus
796 3782 926 3818 habere
944 3784 1056 3831 potest
1072 3783 1189 3819 aetum
1207 3784 1322 3820 virtu-

968 141 1149 186 Summae
1185 135 1375 204 Joannis
1405 137 1535 184 Dum

1614 138 1642 182 S
1723 137 1734 148 .

1373 209 1418 242 tis
1432 205 1630 253 perfestum
1645 149 1831 251 cdliiitgendi
1863 206 1981 241 Deum
2004 204 2108 252 super
2133 206 2252 242 omnia
2283 219 2330 242 ex

1375 256 1447 293 suis
1460 259 1684 293 naturalibus
1698 269 1768 293 tarn
1788 257 1972 292 extenfive
2001 269 2110 302 quam
2140 257 2326 298 interfive3
2362 263 2383 292 Ρ

1372 308 1485 354 igitur
1505 308 1567 354 qui
1581 309 1806 353 experiretur
1825 305 1857 342 se
1886 319 2092 355 promptum
2125 306 2165 340 ad
2197 317 2327 344 cxeum

1375 359 1462 394 dum
1481 359 1515 393 in
1530 357 1646 393 afflum
1663 356 1865 394 dilectionis
1879 358 2010 394 divinae
2025 386 2035 402 ,
2062 357 2175 405 poffet
2190 357 2276 395 scire
2294 358 2327 396 se

1373 409 1563 456 praediturn
1593 405 1660 442 effe
1686 407 1812 441 habitu
1837 407 2026 444 charitatis
2041 437 2051 451 ‚
2080 420 2161 442 cum
2192 408 2326 456 absque

1373 459 1549 493 charitate
1563 468 1635 492 non
1651 457 1689 491 fit
1707 459 1741 491 in
1756 468 1880 492 natura
1898 461 1954 495 vis
1969 461 2004 496 in
2018 462 2114 497 illum
2131 470 2175 493 cx
2210 458 2328 508 hypo-

1377 509 1462 543 thesi
1476 534 1488 549 ‚
1514 506 1739 550 consequens
1754 518 1792 542 ut
1809 507 1936 544 falsum
1953 521 2121 559 reputant
2138 508 2326 558 Theologi

1379 559 1414 594 in
1433 556 1662 592 universum.

1477 607 1536 644 Ad
1560 618 1771 651 argumenta
1789 634 1800 650 ,
1829 608 1888 645 Ad
1916 611 2070 656 primum
2101 638 2110 653 ‚
2139 612 2172 647 8(
2199 612 2326 648 secun-

1374 657 1460 692 dum
1477 656 1525 692 est
1541 656 1662 693 eadem
1676 653 1854 705 responsio
1884 683 1895 694 .
1926 663 2022 697 Nam
2054 674 2124 697 non
2150 665 2325 709 quaeritut

1375 707 1432 742 bic
1445 708 1487 742 de
1504 708 1666 755 appetitu
1678 710 1854 750 naturali,
1878 710 1944 755 qui
1960 712 2004 747 ab
2033 711 2197 750 Authore
2219 724 2326 750 natu..

1374 769 1419 792 1·ae
1436 757 1695 794 determinatus
1708 758 1758 793 est
1773 759 1815 794 ad
1835 772 1946 797 unum
1965 788 1974 803 ‚
1999 762 2032 796 8(
2049 763 2194 800 inclinat
2209 764 2252 800 ad
2272 763 2325 800 sui

1374 807 1793 847 conservationem-Sed
1822 812 1998 856 quaeritur
2022 811 2065 848 de
2092 814 2174 849 affin
2201 815 2325 851 elicito

1374 859 1569 896 voluntatis
1585 886 1597 900 ,
1624 872 1707 894 num
1725 858 1801 894 fieri
1813 860 1913 906 possit
1928 862 2112 903 utferatur
2139 866 2232 901 circa
2256 865 2335 900 bo·¹

1376 920 1462 943 num
1477 909 1639 946 divinum
1657 910 1701 944 {ic
1717 937 1728 952 ‚
1753 913 1837 947 ut&
1853 911 2026 956 diligatur
2053 913 2141 949 illud
2162 928 2234 951 tam
2263 927 2335 950 ex.⁷

1378 959 1513 995 tenfive
1532 987 1542 1002 ,
1561 973 1670 1008 quam
1685 961 1857 998 intensive
1870 963 2058 1012 plusquam
2072 965 2137 1014 ‘ff’
2150 967 2323 1008 illiusmn,

1379 1008 1422 1045 dc
1437 1012 1518 1046 talis
1534 1011 1700 1056 operatio
1717 1012 1876 1058 procedit
1894 1039 1903 1050 .

1479 1060 1540 1104 Ad
1557 1065 1704 1098 tertium
1727 1061 1946 1111 responden,
1968 1068 2206 1116 Qicumque
2233 1068 2326 1104 alius

1371 1115 1554 1159 appetitus
1569 1114 1721 1160 appetit,
1733 1125 1772 1149 ac
1785 1114 1944 1151 versatur
1957 1119 1986 1152 ci
1997 1128 2052 1153 rea
2065 1117 2325 1162 extrinsecum,

1378 1175 1395 1197 a
1411 1175 1486 1208 quo
1502 1165 1670 1211 expectat
1686 1163 1842 1211 aliquam
1871 1166 2124 1212 perfeetionem
2138 1195 2148 1210 ‚
2179 1179 2329 1216 propter

1376 1225 1542 1249 naturam
1564 1240 1573 1255 ‚
1597 1213 1704 1261 cujus
1720 1215 1768 1250 est
1781 1218 2061 1264 appetitus‚ide0
2074 1231 2144 1255 non
2172 1218 2327 1266 conjun-

1376 1265 1428 1309 git
1441 1265 1547 1299 alicui
1564 1265 1768 1311 simpliciter
1783 1269 2020 1314 appetibiliori
2036 1296 2048 1312 ,
2077 1274 2186 1316 quam
2204 1271 2244 1306 sit
2259 1270 2335 1318 aeff'e*

1377 1325 1514 1349 naturae
1527 1313 1633 1360 cujus
1648 1316 1697 1351 est
1717 1340 1726 1349 .
1745 1318 1793 1352 At
1810 1318 1907 1352 secus
1922 1317 1970 1353 est
1982 1318 2024 1354 de
2037 1322 2197 1367 appetitu
2217 1331 2326 1357 natu-

1377 1374 1422 1398 τε
1439 1364 1688 1400 ἰοιεΙΙεὲὶιιεΙίς
1703 1391 1712 1402 .
1728 1368 1822 1401 Nam
1839 1378 1964 1402 natura
1980 1368 2056 1403 haec
2071 1382 2152 1406 nata
2165 1370 2212 1405 est
2239 1371 2324 1406 ulti·

1378 1424 1492 1454 mate,
1513 1414 1546 1448 8(
1565 1417 1719 1450 maxime
1733 1415 1881 1459 perfici,
1903 1418 1932 1452 8(
1950 1419 1985 1452 in
2000 1429 2043 1454 eo
2055 1417 2128 1457 solo
2149 1420 2250 1465 quod
2274 1419 2324 1455 est

1378 1463 1441 1499 stbi
1456 1475 1602 1511 propter
1619 1464 1651 1501 se
1665 1465 1858 1502 volendum
1880 1492 1887 1507 ,
1905 1478 1968 1502 nec
1982 1469 2028 1503 ita
2042 1467 2166 1514 perfici
2182 1469 2246 1503 fibi
2262 1469 2326 1504 da-

1378 1515 1486 1549 turin
1502 1526 1738 1561 quocumque
1751 1517 1822 1551 alio
1835 1518 1880 1551 ab
1896 1517 1984 1557 {1103
2007 1519 2037 1554 8<
2053 1518 2135 1554 ideo
2150 1518 2238 1554 illud
2261 1531 2327 1555 ex.

1377 1564 1570 1600 trinsecum
1594 1565 1787 1613 appetibile
1813 1566 1924 1611 magis
1946 1569 1991 1603 ab
2018 1567 2095 1616 ipso
2129 1580 2218 1616 appe
2237 1569 2325 1612 itur,

1378 1627 1485 1661 quam
1502 1615 1565 1663 effe
1579 1618 1765 1664 proprium
1784 1616 2013 1654 intrinsecum
2027 1644 2038 1656 .
2051 1620 2232 1656 Voluntas
2255 1619 2324 1654 ita-

1377 1676 1450 1711 que
1463 1664 1535 1700 sola
1553 1680 1648 1703 amat
1667 1693 1676 1707 ,
1701 1665 1736 1700 &
1759 1668 1906 1713 diligere
1929 1668 2041 1715 potest
2068 1669 2202 1716 aliquid
2222 1670 2325 1704 nobi-

1380 1716 1448 1751 lius
1466 1715 1498 1750 se
1511 1743 1522 1758 ,
1549 1719 1583 1754 &
1601 1717 1790 1765 plusquam
1807 1729 1972 1754 naturam
1990 1720 2086 1754 illius
2102 1746 2112 1760 ,
2139 1717 2329 1764 cujusest,

1378 1767 1413 1801 8(
1428 1766 1509 1801 ideo
1523 1768 1715 1815 conjungit
1732 1769 1969 1812 appetibiliori
1985 1770 2017 1804 8(
2033 1770 2066 1803 in
2080 1768 2113 1805 se
2128 1797 2140 1812 ,
2163 1769 2197 1805 8(
2211 1769 2273 1805 fibi
2285 1782 2326 1805 ac

1377 1815 1418 1852 stt
1430 1827 1572 1860 natura,
1585 1824 1692 1864 cujus
1709 1817 1758 1853 est
1772 1817 2024 1855 intelleStualis
2048 1821 2228 1868 appetitus
2240 1844 2253 1856 .

1535 1917 2044 1958 ARTICULUS
2111 1919 2176 1957 lv.

1430 2017 1567 2054 Utrum
1583 2017 1695 2052 homo
1710 2017 1779 2054 line
1791 2020 1906 2064 gratia
1931 2031 1995 2065 per
2017 2019 2078 2056 sua
2102 2022 2279 2058 naturalia

1553 2068 1644 2114 legis
1658 2080 1834 2117 praccepta
1850 2070 1998 2118 implere
2025 2070 2124 2118 possit
2143 2095 2154 2104 .

1478 2169 1615 2205 Doffor
1630 2182 1662 2205 z.
1676 2170 1757 2210 disi.
1784 2171 1844 2206 28.
1871 2169 2059 2217 utrisqlique
2075 2169 2229 2219 scripti.

1572 2220 1616 2254 S.
1633 2221 1753 2256 Thum.
1777 2233 1806 2255 1.
1822 2232 1857 2255 2.
1873 2231 1994 2269 q-109.
2008 2232 2128 2267 art.4.

1502 2317 1622 2354 ldetur
1638 2320 1749 2356 homo
1763 2332 1824 2367 per
1837 2319 1898 2355 sua
1912 2322 2087 2357 naturalia
2103 2320 2235 2368 absque
2250 2334 2332 2368 gra·

1514 2370 1558 2403 tia
1576 2396 1586 2411 ‚
1612 2369 1806 2417 poffelegis
1824 2382 1996 2419 praecepta
2014 2371 2210 2418 adimplere
2224 2398 2236 2408 .
2249 2375 2332 2409 Ete-

1379 2423 1450 2457 nim
1465 2418 1513 2456 ad
1531 2418 1632 2456 Rom.
1646 2430 1719 2469 cap.
1740 2432 1774 2456 2.
1792 2420 1917 2457 scribit
1946 2420 2143 2460 Apostolus
2162 2435 2174 2463 3
2202 2423 2335 2459 Gentes

1380 2483 1456 2518 quae
1488 2469 1598 2514 legem
1616 2484 1681 2507 non
1698 2472 1827 2508 habent
1842 2473 2062 2509 naturaliter
2079 2484 2118 2508 ea
2132 2499 2144 2515 ‚
2166 2486 2241 2520 quae
2249 2472 2334 2519 legis

1372 2521 1462 2569 sunt
1493 2520 1692 2567 ‚sucinum
1717 2525 1901 2570 increpans
1943 2535 1984 2558 ac
2022 2523 2238 2570 redarguens
2264 2524 2334 2571 Ju-

1381 2573 1476 2609 daeos
1489 2572 1521 2605 in
1535 2584 1577 2606 co
1595 2600 1604 2613 ‚
1627 2573 1726 2620 quod
1744 2573 1881 2611 Gentes
1896 2575 1963 2609 stne
1977 2575 2052 2621 lege
2077 2574 2158 2609 data
2174 2602 2184 2617 ‚
2215 2574 2333 2611 serva-

1383 2626 1465 2660 bant
1493 2623 1605 2667 legem
1633 2651 1646 2671 ,
1682 2624 1789 2671 cujus
1821 2624 1882 2671 ipsi
1909 2625 2017 2660 essent
2041 2624 2331 2670 transgressores.

1384 2674 1578 2722 Qudquid
1595 2686 1712 2711 autem
1727 2676 1836 2710 homo
1854 2676 2064 2711 naturaliter
2079 2687 2140 2722 per
2157 2676 2190 2712 se
2213 2674 2328 2722 ipsum

1379 2735 1550 2772 operatur
1566 2750 1576 2766 ‚
1599 2726 1667 2761 fine
1679 2726 1793 2770 gratia
1808 2725 1948 2761 efficere
1963 2727 2104 2762 videtur
2120 2737 2232 2771 ·,ergo
2243 2737 2331 2760 con·

1380 2777 1485 2819 tingit
1500 2773 1652 2816 servari,
1683 2777 1880 2823 acimplere
1912 2778 1999 2824 legis
2025 2776 2189 2813 mandata
2207 2803 2220 2819 ,
2239 2777 2330 2812 citra

1383 2826 1500 2872 gratia:
1515 2827 1688 2862 ancilium
1706 2853 1716 2862 .

1487 2877 1657 2912 Praeterea
1678 2875 1835 2923 August.
1857 2888 1888 2918 ζ.
1903 2876 2142 2914 delib.arbit.
2171 2890 2251 2924 cap.
2273 2879 2331 2914 18.

1386 2926 1483 2975 Qis
1499 2952 1510 2968 ,
1532 2928 1651 2974 inquit
1667 2954 1677 2969 ,
1700 2935 1824 2975 peccat
1850 2930 1887 2963 in
1907 2941 1943 2963 eo
1962 2954 1972 2967 ‚
2005 2928 2096 2975 quod
2121 2929 2216 2964 nullo
2237 2930 2334 2965 modo

1383 2980 1506 3013 caveri
1516 2976 1625 3025 potest
1639 2978 1651 3013 ἓ
1665 2979 1699 3013 Si
1715 2979 1824 3022 igitur
1849 2979 2058 3021 impossibile
2080 2978 2168 3014 foret
2195 2979 2333 3015 homini

1382 3028 1521 3064 servare
1543 3029 1664 3065 divina
1691 3029 1855 3063 mandata
1880 3029 1950 3064 {ine
1981 3030 2094 3074 gratia
2124 3056 2134 3072 ,
2158 3032 2333 3076 quoniam

1382 3079 1534 3124 gratiam
1551 3079 1618 3115 suis
1635 3080 1771 3114 viribus
1789 3081 1974 3125 acquirere
1992 3090 2061 3114 non
2088 3080 2201 3126 potest
2221 3094 2232 3118 ς
2263 3081 2333 3130 igi-

1381 3140 1442 3164 tur
1467 3141 1535 3163 non
1567 3130 1679 3166 forent
1703 3130 1766 3166 sibi
1793 3131 2011 3174 imputanda·
2038 3129 2081 3164 ad
2111 3141 2333 3175 peccatum..-

1382 3177 1667 3223 transgressiones
1695 3180 1899 3215 divinorum
1927 3179 2174 3216 mandatorum
2195 3208 2206 3224 ,
2231 3181 2331 3228 quod

1383 3230 1562 3277 pertinere
1574 3229 1616 3266 ad
1629 3242 1782 3266 errorem
1803 3230 2083 3265 Manichzrorum
2099 3229 2215 3267 asserit
2243 3232 2332 3268 Hie·

1385 3292 1525 3328 ronym,
1541 3283 1575 3316 in
1604 3282 1856 3325 explanatione
1877 3280 1959 3317 fidei
1985 3280 2028 3314 ad
2050 3280 2241 3317 Damasum
2267 3283 2333 3317 Pa-

1383 3343 1463 3376 pam
1484 3356 1492 3369 ,
1519 3328 1600 3366 Illos
1617 3341 1739 3365 errare
1753 3330 1904 3366 dicimus
1924 3358 1933 3372 ,
1956 3333 2019 3378 qui
2034 3332 2333 3368 cumfflslanicbaeo

1385 3380 1508 3415 dicunt
1524 3407 1532 3421 ,
1556 3382 1724 3416 bominem
1738 3389 1919 3426 peccatum
1934 3385 2052 3417 vitare
2064 3393 2129 3418 non
2140 3383 2226 3430 poffe
2242 3408 2250 3417 .
2265 3382 2334 3420 Po-

1386 3431 1450 3467 test
1468 3431 1575 3475 igitur
1592 3432 1702 3466 homo
1719 3433 1828 3477 legem
1847 3433 1913 3467 Dei
1927 3432 2066 3469 servare
2084 3459 2094 3474 ‚
2107 3433 2237 3469 etiamn
2253 3445 2333 3481 gra.

1387 3484 1436 3517 tia
1452 3483 1656 3525 expoliatus
1675 3483 1880 3516 inveniatur
1898 3508 1906 3516 .

1490 3533 1660 3567 Prccterea
1688 3559 1697 3573 ‚
1735 3532 1892 3567 Primum
1920 3560 1930 3575 ‚
1961 3534 1995 3569 8(
2021 3534 2215 3571 maximum
2244 3535 2333 3578 legis

1390 3583 1595 3618 mandatum
1614 3583 1660 3618 cst
1676 3583 1823 3626 diligere
1841 3583 1957 3618 Deum
1976 3583 2208 3630 superomnia
2226 3611 2236 3626 ,
2265 3586 2335 3621 Ar.

1390 3634 1453 3680 qui
1466 3634 1534 3667 hoc
1547 3633 1723 3668 hominem
1741 3645 1784 3668 cx
1803 3633 1871 3669 suis
1884 3635 2106 3670 naturalibus
2120 3636 2232 3671 facere
2254 3633 2336 3680 pos·

1392 3687 1426 3721 se
1440 3685 1506 3718 sine
1520 3683 2004 3724 habitucharitatis,di61um
2022 3684 2091 3719 fuit
2103 3685 2335 3734 art.pr.eced.

1393 3745 1479 3783 erg)
1496 3737 1610 3769 multo
1628 3733 1754 3768 fortius
1786 3733 1922 3769 servare
1939 3761 1948 3775 ,
1971 3737 2003 3770 8(
2039 3737 2185 3782 implere
2206 3737 2336 3784 poterit

1394 3786 1560 3821 inferiora
1589 3785 1622 3819 8(
1655 3787 1785 3821 leviora
1814 3786 1900 3833 legis
1916 3785 2077 3822 mandata
2093 3811 2104 3822 .
2279 3781 2286 3794 ’

2197 3836 2293 3872 Con.

2443 231 2560 273 ,videtis

2386 275 2499 298 Ossclum
2532 273 2562 301 {a

2361 305 2511 338 commem,

2363 1061 2391 1090 4.
2406 1051 2467 1082 dist.
2481 1063 2562 1093 4⁹·ss
2610 1076 2611 1082 ,
2624 1071 2625 1075 =

2365 1100 2394 1119 2.
2408 1096 2432 1123 6.
2459 1094 2562 1123 Tertia
2609 1091 2611 1101 ⁴

2362 1130 2500 1168 Conclufio
2512 1150 2522 1160 .
