2602 4011
717 192 872 240 Tomus
896 187 974 234 III.
995 193 1120 238 Part.
1138 188 1193 240 II.
1209 187 1401 259 Qaestio
1419 189 1500 235 XC
1506 189 1585 234 IX.
1600 194 1694 238 Art,
1713 189 1791 235 VI.

2082 208 2176 252 359

461 331 1537 484 QUAESTIO
1661 331 2079 445 XCIX*

326 519 464 575 DE
530 512 1192 574 PR'ECEPTIS
1257 510 1772 571 VETERIS
1837 509 2214 576 Lacus,

542 641 1972 695 INSEXARTICULOSDIVlSA.

379 766 525 810 Deinde
534 764 831 815 Considerandum
840 765 889 815 est
902 763 945 799 de
960 763 1147 811 Praeceptix
1165 762 1313 800 Veteris
1328 760 1430 807 Legis
1446 786 1455 796 .
1472 762 1520 797 Ec
1530 761 1645 807 primo
1655 785 1667 801 ,
1678 756 1954 803 de=difliuffione
1966 757 2117 811 iffirum
2133 786 2144 795 .

853 814 1013 853 Secundo
1025 841 1038 858 ,
1058 815 1099 850 de
1103 813 1248 861 fingulis
1269 813 1458 860 generibus
1479 810 1648 856 distinflis
1663 836 1673 845 .

567 934 598 971 1.
696 934 828 969 Vtrum
840 931 925 976 legis
938 931 1068 967 veteris
1081 930 1144 966 sint
1159 931 1259 978 plura
1273 939 1446 975 praecepta
1458 929 1512 963 vel
1530 938 1640 961 unum
1657 937 1796 963 tantum
1808 952 1819 963 .

578 985 628 1021 li.

574 1035 648 1071 111.

714 983 846 1020 Vtrum
864 983 920 1018 lex
937 993 1043 1019 vetus
1056 983 1235 1017 contineat
1253 980 1371 1026 aliqua
1385 988 1557 1024 praecepta
1576 978 1721 1012 moralia
1737 1004 1745 1012 .

709 1033 838 1070 Vtrum
851 1044 975 1080 praeter
989 1035 1133 1068 moralia
1148 1032 1326 1067 contineat
1340 1027 1596 1064 caeremonialia
1615 1052 1626 1062 .

583 1085 648 1122 lv.
715 1086 846 1120 Vtrum
863 1085 1040 1119 contineat
1056 1095 1182 1129 praeter
1208 1081 1282 1117 haec
1302 1078 1488 1127 judicialia
1503 1103 1512 1112 .

569 1136 623 1172 V.

572 1185 639 1223 Vl.

453 1303 962 1345 ARTICULUS
1015 1306 1045 1342 1.

281 1408 414 1445 Vtrum
429 1408 464 1444 in
493 1408 570 1455 lege
587 1407 701 1442 veteri
723 1407 950 1443 contineatur
973 1403 1086 1450 solum
1113 1418 1225 1444 unum

629 1466 853 1504 praeceptum
868 1482 878 1493 .

442 1555 1047 1597 ARTlCULUS.11.

302 1659 430 1695 Vtrum
444 1657 501 1694 lex
513 1668 617 1694 vetus
629 1660 807 1696 contineat
826 1667 1000 1707 praecepta
1011 1660 1157 1698 moralia
1173 1692 1183 1701 .

440 1755 1075 1798 ARTlCULUSlH.

272 1857 408 1895 Vtrum
422 1857 482 1893 lex
507 1866 614 1893 vetus
638 1858 820 1893 contineat
849 1869 1023 1908 proecepta
1058 1872 1229 1901 caeremo-

523 1908 630 1943 nialia
643 1933 654 1949 ‚
665 1918 793 1956 praeter
808 1910 955 1946 moralia
972 1936 981 1945 .

426 2007 937 2047 ARTiCULUS
992 2011 1062 2048 lv.

273 2109 406 2146 Vtrum
416 2119 535 2158 preter
547 2118 725 2156 praecepta
739 2110 888 2145 moralia
904 2111 936 2145 3(
949 2115 1220 2161 caeremonialia,

438 2159 506 2196 fint
525 2162 632 2196 etiam
657 2170 833 2208 praecepta
849 2159 1059 2206 judicialia.

438 2259 942 2298 ARTICVLUS
1002 2261 1048 2298 V.

276 2360 408 2400 Vtrum
424 2360 545 2405 aliqua
560 2360 627 2397 alia
644 2371 812 2407 precepta
829 2361 1081 2398 contineantur
1093 2361 1129 2398 in
1144 2362 1221 2409 lege

432 2410 543 2446 veteri
561 2421 686 2459 praeter
702 2412 847 2445 moralia
865 2437 876 2452 ‚
891 2409 1073 2455 judicialia

580 2462 614 2498 8(
633 2462 887 2508 ceremonialia
904 2485 913 2495 .

431 2560 940 2602 ARTICULUS
995 2563 1066 2600 VI.

312 2662 439 2699 Vtrum
453 2662 511 2697 lex
528 2672 631 2700 verus
657 2664 823 2700 debuerit
837 2662 1006 2700 inducere
1029 2662 1070 2698 ad
1084 2663 1201 2702 obser.

404 2712 560 2747 vantiam
588 2725 852 2761 praeceptorum
876 2725 939 2761 per
960 2725 1100 2762 tempo·

489 2765 578 2798 rales
591 2765 856 2811 promiffioneS,
883 2764 1028 2800 &com-

636 2818 849 2851 minationes
871 2839 880 2849 .

283 2915 414 2954 Omnia
426 2914 472 2961 hf
479 2927 497 2951 c
506 2913 640 2963 quesita
651 2915 726 2952 late
735 2916 902 2964 expendit
918 2916 1068 2964 Magiff.
1083 2917 1132 2953 A
1135 2914 1230 2964 Ienfis

380 2977 412 3013 3.
427 2978 462 3014 p.
482 2978 520 3013 q.
538 2966 593 3001 28.
622 2978 667 3001 m.
685 2979 719 3004 2.
748 2978 816 3003 art.
845 2979 875 3002 ι.
893 2968 928 3003 8(
959 2978 990 3003 2.
1009 2967 1130 3005 Nobis

494 3014 597 3061 fatis
609 3018 684 3053 erit
693 3027 810 3066 pauca
821 3017 976 3065 tetigtffie
989 3042 1000 3053 .

455 3213 495 3242 ’Μ’
606 3221 790 3268 complura
806 3219 949 3266 quidem
964 3228 1130 3266 precepta
1145 3227 1232 3250 con-

614 3271 718 3306 tineri
736 3284 747 3312 ;
763 3272 795 3306 8(
810 3271 890 3305 sane
902 3281 970 3305 non
984 3267 1024 3302 ad
1041 3280 1152 3309 unum
1171 3277 1234 3311 ge·

616 3332 682 3357 nus
696 3320 1158 3368 spectantiawerumtamen
1171 3315 1238 3363 hec

321 3420 430 3456 ituere
442 3422 560 3468 legem
574 3423 715 3459 ratione
730 3421 811 3460 finis
828 3449 841 3466 ‚
866 3421 909 3458 ad
923 3432 1032 3467 quem
1045 3421 1166 3461 omnia
1179 3429 1238 3455 Οῐ·

461 3379 469 3386 *
533 3373 558 3387 ’
613 3371 735 3407 omnia
749 3371 817 3408 effe
834 3380 1141 3415 unum‚unamque
1154 3380 1237 3407 con.
1268 3374 1271 3379 ’

715 1136 845 1170 Vtrum
859 1144 984 1181 praeter
1000 1133 1061 1169 ista
1076 1135 1145 1169 tria
1158 1133 1341 1167 contineat
1354 1129 1476 1174 aliqua
1491 1129 1556 1163 aria
1570 1154 1581 1163 .

712 1187 765 1222 De
780 1184 886 1221 modo
899 1211 910 1228 ,
924 1196 1000 1232 quo
1014 1185 1071 1222 lex
1086 1183 1279 1220 inducebat
1296 1181 1341 1218 ad
1351 1178 1617 1218 observantiam
1630 1178 1912 1230 praediffiomm‘,

1298 1300 1468 1339 dinantur
1483 1325 1495 1344 ,
1515 1304 1579 1347 qui
1596 1302 1676 1341 finis
1693 1303 1789 1340 aliud
1806 1313 1878 1339 non
1896 1300 1946 1338 est
1972 1314 2079 1351 quam
2106 1301 2249 1338 dileffio

1298 1354 1394 1393 Dei,
1417 1353 1450 1387 ἃ
1469 1354 1653 1399 proximi,
1684 1365 1809 1391 mutua
1824 1363 1893 1400 pax
1907 1379 1919 1395 ‚
1946 1354 1980 1390 8<
2006 1352 2249 1397 tranquillitas

1297 1404 1460 1439 omnium
1476 1415 1552 1438 eam
1569 1404 1686 1450 legem
1703 1403 1949 1453 profitentium
1965 1430 1974 1439 .
1999 1402 2250 1452 Quemadmo-

1297 1454 1383 1489 dum
1397 1453 1488 1488 enim
1505 1457 1672 1500 quamvis
1687 1455 1800 1491 multa
1812 1465 2030 1490 concurrant
2043 1481 2054 1495 ,
2075 1464 2116 1486 ac
2128 1453 2244 1492 neces-

1299 1504 1381 1540 saria
1398 1503 1461 1538 {int
1479 1504 1712 1549 virtutium,
1730 1516 1769 1540 ut
1788 1504 2025 1551 temper-amic
2038 1530 2048 1545 ‚
2063 1502 2245 1547 Castitati,

1296 1554 1481 1599 Religioni
1498 1556 1569 1590 ἃς.
1586 1556 1820 1592 nihilominus
1840 1567 1877 1589 ea
1890 1557 2008 1590 omnia
2033 1565 2079 1590 ex
2104 1554 2245 1591 unitate

1295 1606 1377 1642 finis
1395 1631 1406 1646 ‚
1435 1616 1541 1639 unam
1556 1607 1710 1641 conflant
1729 1608 1762 1642 8(
1777 1604 1933 1641 efficiunt
1948 1607 2116 1640 virtutem
2134 1629 2142 1638 .

1397 1655 1450 1690 De
1466 1655 1796 1703 secundoquglitm
1812 1655 1964 1692 Certum
1976 1655 2024 1690 est
2042 1656 2077 1688 in
2091 1655 2166 1700 lege
2184 1667 2243 1689 ve·

1297 1705 1363 1741 teri
1376 1705 1554 1741 contineri
1573 1718 1738 1756 precepta
1756 1706 1902 1741 moralia
1917 1733 1926 1746 ,
1950 1716 1989 1740 ut
2006 1715 2101 1751 patet
2124 1705 2242 1740 Exodi

1304 1755 1880 1803 20.nb1describunturprecepta
1903 1754 2064 1800 decalogi
2087 1754 2239 1790 duarum

1300 1808 1507 1840 tabularum
1526 1818 1537 1845 3
1566 1818 1719 1851 quarum
1733 1808 1845 1852 prima
1861 1806 2002 1841 exhibet
2031 1815 2241 1852 precepta„

1303 1857 1438 1902 quibus
1450 1855 1560 1890 homo
1575 1855 1748 1900 dirigitur
1766 1856 1800 1891 in
1828 1854 1946 1890 Deum
1960 1882 1971 1897 ‚
1999 1855 2243 1898 cultumqued

1305 1906 1510 1951 legitimum
1525 1905 1631 1951 ipsius
1649 1931 1657 1939 .
1673 1904 1876 1941 infecunda
1898 1917 1985 1941 vero
2013 1907 2243 1941 continentur

1305 1956 1413 1991 verba
1426 1954 1648 2002 disponentia
1661 1981 1673 1997 ,
1701 1957 1734 1991 8:
1762 1955 1963 1992 ordinanda
1992 1955 2169 1991 hominem
2183 1957 2247 1992 in.‚

1302 2017 1508 2054 proximum
1528 2031 1536 2040 .

1393 2058 1584 2104 Quantum
1611 2056 1653 2091 ad
1679 2058 1849 2099 tertium,
1872 2066 2009 2093 certum
2025 2056 2102 2097 est,
2129 2056 2250 2104 Moysi

1293 2106 1406 2150 legem
1438 2106 1627 2153 compleffi
1658 2117 1834 2154 praecepta
1857 2105 2144 2147 caeremonialia,
2170 2118 2252 2152 quae

1299 2155 1463 2191 israelitae
1482 2159 1699 2192 tenebantur
1730 2156 1870 2194 servare
1890 2168 1934 2192 ex
1955 2156 2165 2203 praescripto
2180 2154 2253 2202 jus·

1295 2205 1409 2253 suque
1427 2207 1552 2241 divino
1568 2232 1576 2241 .
1596 2207 1704 2242 Unde
1720 2210 1870 2244 Denter.
1888 2219 1924 2250 4.
1936 2206 2107 2243 scribitur
2123 2206 2254 2242 Decem

1297 2258 1409 2292 verba
1436 2269 1511 2304 quae
1531 2257 1668 2308 scripsit
1684 2260 1722 2293 in
1746 2258 1876 2294 tabulis
1901 2256 2074 2306 lapideis,
2096 2257 2258 2306 mihsque

1299 2307 1491 2343 mandavit
1505 2309 1542 2342 in
1562 2306 1620 2341 illo
1633 2316 1785 2353 tempore
1803 2334 1814 2349 ,
1843 2319 1885 2344 ut
1901 2307 2057 2344 docerem
2079 2319 2139 2344 vos
2155 2319 2257 2345 caere·

1300 2360 1429 2393 manias
1447 2382 1460 2396 .
1471 2356 1670 2404 &judicia
1686 2383 1696 2398 ‚
1711 2369 1788 2404 quae
1799 2357 1922 2403 facere
1938 2359 2112 2394 deberetis
2129 2383 2141 2394 .

1408 2408 1460 2443 Ex
1489 2408 1623 2454 quibus
1649 2407 1810 2448 constat,
1834 2409 1925 2443 ultra
1948 2419 2124 2454 praecepta
2142 2421 2258 2446 mora-

1301 2461 1347 2499 lia
1361 2488 1371 2503 ,
1399 2472 1479 2508 quae
1495 2459 1572 2493 sunt
1587 2458 1709 2493 decem
1728 2459 1835 2494 verba
1856 2459 1943 2504 legis
1959 2457 2085 2504 scripta
2100 2459 2134 2493 in
2150 2461 2259 2495 tabu-

1303 2513 1346 2549 lis
1371 2509 1518 2557 lapideis
1535 2535 1546 2550 ,
1571 2501 1638 2544 eise
1658 2509 1741 2544 data
1773 2521 1921 2556 quoquc
1949 2518 2124 2555 praecepta
2148 2521 2258 2545 caere·

1302 2562 1467 2599 monialia
1495 2585 1507 2604 ‚
1535 2560 1567 2595 8(
1598 2558 1780 2606 judicialia
1811 2584 1819 2594 .
1849 2560 1954 2595 Unde
1977 2568 2052 2607 cap.
2073 2558 2108 2593 6.
2140 2558 2257 2596 subdit

1302 2610 1448 2661 Moyses
1468 2623 1477 2646 τ
1508 2610 1597 2646 Haec
1608 2609 1700 2656 sunt
1719 2619 1893 2659 praecepta
1912 2637 1922 2653 ‚
1953 2608 1997 2647 &
2018 2612 2228 2645 caeremoniae
2242 2636 2256 2652 ,

1299 2673 1408 2710 atque
1425 2661 1561 2703 iudicia
1581 2687 1589 2696 .
1833 2666 1835 2668 '

1400 2713 1507 2749 Circa
1523 2713 1690 2756 quintum
1715 2710 1813 2756 quod
1840 2713 2015 2758 quaeritur
2032 2739 2042 2750 ,
2072 2711 2140 2748 An
2159 2711 2258 2747 ultra

1297 2762 1468 2813 praedii-Ja
1495 2765 1564 2797 tria
1580 2772 1713 2808 genera
1727 2770 1970 2810 preceptorum
1988 2789 1998 2804 ,
2009 2761 2080 2809 fine
2101 2761 2255 2809 aliqua„

1304 2814 1373 2850 alia
1391 2818 1428 2849 in
1443 2813 1518 2858 lege
1533 2814 1649 2848 veteri
1665 2811 1831 2847 mandata
1847 2840 1856 2848 .
1872 2813 2012 2851 Alensis
2023 2822 2092 2848 art.
2105 2824 2114 2846 ι
2128 2842 2130 2844 .
2145 2817 2204 2848 cit.
2222 2813 2256 2853 §.

1308 2864 1430 2900 Tertio
1440 2865 1609 2910 queritur
1625 2887 1634 2897 .
1660 2863 1789 2898 Scribit
1807 2875 1815 2898 ε
1840 2865 1999 2900 intentio
2012 2863 2172 2899 mandati
2188 2864 2256 2899 du-

1302 2915 1385 2963 plex
1403 2914 1451 2950 est
1467 2939 1475 2947 .
1502 2915 1645 2950 Dicitur
1663 2913 1753 2948 enim
1773 2913 1978 2950 mandatum
1992 2915 2230 2949 communiter
2243 2939 2255 2954 ‚

1302 2978 1374 3013 qua
1389 2967 1594 3012 acceptione
1606 2962 1880 3008 comprehendit
1895 2964 2071 3011 quidquid
2089 2963 2253 3009 jubetur.

1300 3017 1416 3052 Aliter
1437 3016 1580 3062 proprie
1594 3041 1604 3056 ,
1625 3014 1658 3049 ἃ
1673 3013 1792 3049 stricke
1809 3040 1820 3055 ,
1846 3017 1879 3051 8<
1896 3015 1941 3051 sic
1957 3014 2161 3056 mandatum
2179 3012 2226 3048 est
2242 3039 2254 3054 ‚

1301 3066 1399 3114 quod
1416 3078 1475 3113 per
1491 3067 1598 3101 alium
1614 3061 1764 3109 jubetur
1780 3091 1790 3106 ‚
1807 3076 1882 3111 quo
1897 3065 2001 3112 pafio
2019 3063 2255 3110 comprehen-

1301 3117 1352 3152 dit
1369 3115 1555 3162 judicialia
1571 3141 1581 3156 ‚
1607 3115 1641 3149 &
1667 3116 1927 3150 caeremonialia
1943 3139 1955 3158 ‚
1981 3126 2060 3161 quae
2075 3125 2143 3149 non
2157 3112 2254 3160 juffit

1302 3167 1486 3202 Dominus
1510 3177 1573 3212 per
1605 3162 1637 3199 se
1659 3163 1775 3211 ipsum
1796 3191 1806 3205 ‚
1834 3163 1891 3209 sed
1921 3177 1980 3211 per
2001 3164 2175 3213 Moysen:
2202 3164 2255 3197 At

1305 3219 1406 3253 Deus
1422 3215 1494 3263 ipse
1507 3227 1568 3263 per
1593 3213 1624 3256 se
1640 3215 1885 3260 promulgavit
1904 3215 2048 3251 moralia
2071 3229 2082 3256 3
2110 3225 2253 3261 eaque„

1310 3269 1453 3303 nomine
1466 3275 1724 3314 praeceptorum
1744 3265 2014 3313 intelliguntur.
2032 3266 2186 3310 Reliqua
2202 3263 2256 3298 vi-

1310 3317 1425 3354 denda
1439 3317 1535 3367 apud
1550 3312 1666 3365 ipsum
1678 3341 1691 3358 ,
1707 3315 1872 3353 Alensem
1883 3341 1897 3362 ‚
1912 3319 1942 3355 8<
1960 3314 2203 3353 S.Thomam·

2047 3843 2206 3901 (ΨΕ-

2279 1609 2482 1683 ξέοᾱοτςαὶίίὶ.

2276 1797 2301 1823 3-
2319 1790 2379 1819 dist«
2402 1799 2440 1827 40
2451 1799 2482 1824 4.

2275 1827 2335 1854 dist.
2361 1837 2388 1857 ε.
2411 1839 2438 1863 q.
2450 1838 2481 1863 4.

2276 1869 2301 1896 0-
2314 1867 2354 1893 Ad
2362 1867 2481 1903 primum

2273 1905 2428 1942 principale
2437 1923 2446 1932 .

2282 2148 2336 2177 Ubi
2350 2147 2428 2185 supra
2438 2162 2448 2175 .
