2628 4027
9 671 103 703 fribus
120 672 231 703 virtuti-

9 720 52 745 ρης
63 710 231 751 ‚Theologi-

10 750 40 779 us
54 749 80 776 in
88 750 233 785 via‚tri·1-.

10 786 144 828 {recedunt
172 789 234 821 in„

9 832 90 871 patna
98 845 110 859 .

14 1689 124 1732 {prologi
134 1701 163 1732 q.
178 1701 204 1725 t.

31 2741 58 2763 ι.
69 2731 98 2763 d.
111 2739 177 2773 μς.
191 2740 220 2769 ⁴·
232 2734 257 2766 fi.

23 2772 78 2802 t-Ad
83 2773 258 2813 questionem·

29 3409 69 3439 ⁴⁴·
79 3401 108 3430 d·
130 3408 178 3437 4⁹-
197 3404 267 3444 ‘³6-

29 3448 31 3472 l
42 3442 75 3483 12·
84 3446 268 3477 argum-prm-

30 3479 31 3482 ’
38 3482 93 3517 'crp-

32 3765 34 3768 ψ
49 3745 75 3774 S.
86 3746 205 3776 'rhum
217 3746 279 3774 sen-

49 3786 134 3813 tentia
143 3786 185 3815 bic
200 3784 279 3823 inso-

51 3821 150 3851 tutione
159 3842 169 3852 .

735 196 902 245 Tomus
914 193 1400 266 III.Parz·.J.Qaesti0
1430 194 1510 244 ‘IV-
1538 194 1641 243 Art.
1672 197 1752 244 JV.

363 273 424 312 Ad
436 270 592 321 primum
603 266 640 302 In
652 266 858 314 oppositum
871 266 1059 303 dicendum
1073 266 1207 314 spesta·

264 334 304 361 re
319 325 445 370 utique
458 320 499 355 ad
511 317 691 355 effentiam
704 317 938 352 beatitudinis
963 326 1002 351 ut
1017 315 1204 363 objectum

264 373 469 410 beatificum
482 370 518 404 in
533 368 590 404 sua
605 364 786 415 praestntia
803 369 899 402 clare
916 367 1101 402 intueatur
1113 392 1124 407 ‚
1153 379 1208 403 at-

264 435 336 469 que
351 433 389 457 ut
406 418 553 468 praesens
568 429 705 453 ametur
727 442 737 452 .
764 417 831 453 Sed
850 417 872 453 si
890 417 968 451 talis
987 416 1075 451 visio
1099 417 1132 452 &
1145 417 1209 453 de-

265 472 410 510 leaatio
423 483 483 518 pet
497 468 630 505 instans
647 467 896 515 perdurarent,
909 468 943 502 8<
960 465 1088 502 deinde
1101 469 1208 504 amit·

265 531 428 558 tere-ntur
442 545 454 563 ‚
475 519 593 555 adhuc
608 530 670 565 per
685 518 754 553 tale
771 517 905 553 instans
921 519 1002 564 quis
1016 516 1105 552 foret
1135 519 1210 565 pie-

264 571 399 608 nissime
413 573 541 606 beatus
563 568 687 615 3quod
699 579 786 612 ergo
803 568 936 615 semper
951 576 1207 610 teneatur,n0n

265 620 316 658 est
329 620 373 657 de
387 622 524 655 ratione
543 618 684 654 formali
699 618 808 664 iplius
827 643 837 653 .

366 671 426 709 Ad
444 669 638 706 secundum
654 669 884 704 concedimus
899 695 910 709 ,
937 668 1053 703 tribus
1067 670 1210 704 virtuti-

269 723 336 758 bus
361 720 576 766 theologicis
602 720 635 753 in
650 719 707 752 via
723 717 996 755 succederetres
1019 719 1212 764 perfeetio-

267 783 330 810 nes
344 773 379 808 in
393 769 617 807 beatitudine
629 794 640 810 ,
667 767 727 804 seu
742 767 809 805 fint
824 769 969 805 habitus
981 795 993 810 ,
1016 767 1076 805 seu
1096 770 1211 806 aetus:

267 834 340 860 non
356 832 524 868 oportere
549 829 668 854 tamen
687 831 727 854 ea
754 819 976 856 succedentia
1003 817 1212 866 speEtaread

265 873 445 910 effentiam
475 869 739 912 beatitudinis,
767 868 999 916 intelligendo
1022 871 1217 907 beatitudi—

267 935 348 961 nem
365 921 434 959 effe
454 920 627 958 summam
639 918 894 966 perfetfftionem
925 929 1060 956 naturae
1078 922 1219 958 beattfi-

265 973 395 1011 cabilis
408 999 418 1015 ‚
449 984 527 1009 eam
542 969 675 1006 summe
685 968 751 1006 suo
765 968 916 1016 objefko
941 971 1218 1018 perfefi’tiflimed

265 1023 548 1074 conjungentem
561 1046 572 1057 .
845 1040 849 1046 -

422 1120 934 1162 ARTICULUS
988 1122 1056 1160 lv.

390 1226 527 1264 Utrum
547 1223 592 1258 ad
617 1221 877 1259 beatitudinem
894 1223 1100 1270 requiratur

529 1273 707 1311 reattudo
721 1274 922 1309 voluntatis
935 1298 946 1309 .

395 1376 530 1414 Doflor
539 1388 576 1423 4.
587 1375 624 1412 d.
637 1387 702 1423 49.
713 1387 748 1423 q.
762 1376 799 1412 6.
813 1380 852 1416 „0”-
871 1372 967 1412 Dico
986 1386 1074 1421 ergo
1088 1400 1101 1411 .

425 1430 482 1468 V.
495 1428 566 1466 Sed
579 1438 664 1463 tunc
677 1453 688 1468 ,
699 1429 737 1461 in
759 1427 912 1475 onrt.
927 1425 1062 1462 ibidem

495 1489 528 1527 q.
546 1489 578 1524 5.
593 1490 629 1513 n.
648 1489 704 1513 12.
721 1477 760 1514 S.
773 1477 919 1512 Thomas
940 1488 1011 1514 με.

632 1541 667 1576 q.
684 1546 721 1575 4·
735 1536 804 1564 art.
816 1539 854 1574 4·

395 1628 518 1663 idemi-
529 1623 570 1660 ad
590 1624 854 1660 beatitudinem
866 1626 964 1660 haud
981 1627 1114 1673 requiri
1130 1626 1228 1665 reni.

406 1677 494 1714 tudo
506 1676 704 1710 voluntatis
718 1698 727 1708 .
751 1676 891 1710 Etenim
905 1676 1084 1711 rei-“titudo
1096 1679 1228 1712 volun-

274 1731 360 1768 tatis
387 1724 573 1764 necessaria
587 1722 636 1759 est
656 1724 784 1757 viatori
800 1748 811 1762 ‚
838 1736 876 1760 ut
892 1726 1046 1761 medium
1074 1726 1228 1773 praefini.

275 1791 354 1817 tum
369 1791 387 1813 a
405 1777 527 1812 divina
556 1774 751 1809 voluntate
764 1772 1007 1819 consequendi
1034 1777 1227 1809 beatitudi-

275 1841 357 1869 nem
380 1853 389 1863 .
422 1824 501 1875 lpse
513 1825 605 1861 enim
619 1823 725 1859 nobis
740 1823 936 1861 revelavit,
968 1834 1007 1858 ac
1020 1821 1229 1871 praescripfit

276 1892 359 1930 quae
383 1876 565 1925 agenda&
587 1886 659 1910 non
689 1872 827 1919 agenda
852 1874 959 1910 effent
977 1899 985 1913 ,
1013 1873 1054 1908 ad
1088 1872 1157 1907 hoc
1189 1883 1230 1908 ut

276 1940 409 1969 aterna
423 1928 535 1963 salute
548 1924 775 1974 potiremur3
801 1925 894 1970 Ergo
910 1922 1018 1969 ipsam
1046 1923 1231 1959 salutem

280 1981 420 2028 adeptis
436 1977 589 2025 amplius
601 1987 671 2011 non
691 1974 739 2011 est
756 1975 945 2011 necessaria
963 1973 1140 2010 refkitudo
1169 1986 1231 2009 vo-

278 2032 431 2070 luntatis
451 2041 462 2065 :
492 2026 680 2074 Siquidem
697 2054 707 2067 ,
721 2037 803 2061 cum
820 2025 900 2062 finis
913 2035 1056 2061 tenetur
1073 2052 1084 2067 ,
1102 2024 1233 2062 cessant

279 2090 508 2130 quaecunque
539 2078 582 2114 ad
598 2075 679 2122 ejus
693 2075 981 2124 afl‘equutionem
1011 2075 1232 2112 ordinaban-

279 2145 340 2170 tur
354 2159 367 2172 ,
394 2131 497 2167 sicuti
510 2128 615 2167 cessat
631 2139 753 2165 motus
764 2155 776 2171 ‚
790 2139 829 2164 ut
842 2128 887 2164 ad
900 2128 1092 2164 terminum
1107 2139 1238 2175 perve-

277 2184 379 2221 nitur
391 2205 402 2218 .

384 2234 569 2276 Praeterea,
580 2233 698 2282 quaest.
709 2231 861 2279 praeced.
879 2240 950 2268 art.
969 2231 1003 2268 8.
1020 2231 1154 2268 dietum
1167 2230 1232 2273 est,

281 2283 540 2322 beatitudinem
563 2286 784 2321 extenfivam
800 2297 844 2321 ex
860 2295 964 2328 aequo
991 2282 1180 2318 consistere
1196 2283 1232 2317 in

281 2333 580 2372 aetuintellestus
593 2361 602 2374 ,
627 2336 658 2371 Sc
679 2338 713 2373 in
727 2333 809 2369 astu
825 2335 1025 2370 voluntatis
1037 2360 1047 2370 .
1062 2335 1163 2369 Prius
1184 2332 1234 2368 est

284 2397 404 2422 autem
417 2408 429 2428 ,
452 2386 675 2422 intelleEIum
691 2385 825 2422 intueri
837 2385 993 2420 divinam
1007 2383 1234 2424 essentiam-3,

282 2448 392 2484 quam
409 2436 631 2472 voluntatem
645 2437 792 2473 eandem
810 2435 961 2479 diligere
980 2447 993 2472 ε
1016 2436 1049 2471 in
1066 2446 1108 2470 eo
1124 2434 1235 2479 igitur

283 2487 395 2537 priori
409 2487 567 2534 potentia
581 2488 795 2524 intellec-tiva
811 2486 859 2523 est
876 2486 977 2521 beata
991 2512 1002 2528 ,
1032 2486 1092 2521 seu
1104 2486 1236 2519 volun-

284 2548 342 2575 tas
356 2536 480 2583 diligat
497 2537 671 2574 summum
691 2540 825 2575 bonum
844 2547 990 2585 propter
1008 2535 1041 2572 se
1054 2562 1065 2578 ‚
1089 2547 1170 2582 quae
1185 2533 1234 2569 est

286 2589 417 2624 volitio
431 2587 524 2623 τεξὶα
537 2614 548 2630 ,
575 2587 635 2624 seu
651 2601 743 2626 amet
756 2589 867 2635 gratia
884 2587 934 2622 sui
952 2612 965 2630 ‚
986 2586 1086 2634 quod
1098 2586 1146 2622 est
1160 2585 1235 2621 vel-

287 2639 322 2676 le
335 2638 631 2684 concupiscentiae
645 2667 656 2682 ‚
686 2639 977 2677 &inordinatum
991 2663 1000 2672 .

392 2689 563 2724 Praeterea
581 2714 590 2729 ,
618 2691 721 2732 Stat,
750 2688 969 2724 intellectum
994 2685 1237 2735 perfefflffime

290 2740 458 2789 operari,
486 2738 521 2773 ἃ
542 2738 761 2776 voluntatem
790 2738 856 2774 esse
887 2739 1073 2783 obliquam
1100 2750 1109 2773 ε
1137 2737 1238 2784 atqui

290 2787 533 2840 perfefflffima
562 2791 727 2836 operatio
752 2789 954 2825 intell-estus
970 2789 1018 2826 est
1042 2785 1238 2832 ejusdem„

289 2839 480 2878 beatitudo
502 2851 513 2879 ;
543 2840 638 2886 Ergo
652 2840 696 2875 ad
710 2839 966 2877 beatitudinem
985 2851 1055 2875 non
1084 2838 1239 2885 requiri-

289 2903 347 2929 tur
360 2889 537 2927 reffitudo
554 2891 748 2927 voluntatis
774 2917 783 2927 .
813 2890 983 2927 Probatio
998 2887 1144 2934 majoris
1161 2912 1173 2931 ‚
1187 2885 1237 2922 se-

291 2941 450 2980 cundum
467 2939 712 2985 Augustinum
728 2969 740 2985 ,
756 2954 791 2987 4.
806 2941 849 2976 de
869 2940 1002 2977 Trinit.
1014 2947 1089 2985 cap.
1111 2949 1166 2984 ις.
1186 2938 1238 2972 lo-

293 3003 407 3041 quens
425 2991 469 3026 de
487 2989 714 3037 Philosophis
729 2991 941 3028 infidelibus
955 3017 965 3033 ‚
985 2989 1172 3028 Nonnulli
1186 2999 1240 3022 eo-

294 3055 376 3082 rum
392 3068 403 3084 ,
427 3041 570 3088 inquit,
593 3049 789 3089 potuerunt
813 3045 923 3077 aciem
954 3045 1080 3077 mentis
1106 3041 1239 3075 ultra..

295 3105 429 3130 omnem
445 3099 646 3127 creaturam
659 3093 919 3139 transmittere,
934 3091 977 3131 (ἐν’
988 3093 1099 3128 lucem
1115 3092 1241 3125 incom-

300 3140 480 3180 mutabilis
496 3145 664 3178 veritatis
681 3143 991 3190 quantulacunque
1006 3155 1051 3179 ex
1060 3150 1164 3187 parte
1189 3148 1240 3174 at„

298 3198 460 3242 tingere3
489 3195 583 3237 Ergo
598 3191 617 3229 si
631 3195 827 3240 obliquitas
841 3195 1036 3229 voluntatis
1050 3203 1118 3226 non
1132 3192 1175 3225 im
1184 3202 1243 3236 pe-

297 3246 349 3281 dit
377 3243 594 3280 intellesturn
621 3245 771 3279 viat-oris
801 3246 899 3279 exire
930 3243 962 3276 in
993 3241 1243 3290 operationem

299 3294 491 3345 persei-iam
504 3321 514 3336 ‚
539 3294 655 3341 qualis
669 3295 716 3331 est
729 3295 891 3338 cognitio
905 3288 1065 3329 veritatis
1079 3319 1088 3331 ‚
1117 3301 1181 3326 nec
1194 3290 1245 3325 ef-

300 3346 408 3384 ficere
423 3344 587 3391 poterit,
608 3347 696 3390 quin
713 3346 795 3380 talis
812 3345 970 3389 porentia
986 3345 1022 3379 fit
1043 3345 1144 3378 beata
1161 3365 1170 3374 -

402 3397 543 3432 Contra
560 3422 570 3437 ,
598 3392 772 3431 Charitas
783 3393 854 3438 lala
868 3393 915 3440 est
933 3422 941 3436 ,
954 3404 1029 3440 quae
1041 3391 1179 3428 dlv-'dit
1194 3392 1248 3425 2⁹71·

304 3444 458 3491 terfilios
472 3446 572 3492 regni
588 3444 632 3485 &¹
642 3447 865 3492 perditionis,
879 3445 994 3491 inquit
1009 3442 1250 3488 Augustinus,

311 3511 367 3545 ις.
383 3496 425 3532 de
445 3495 577 3532 Trinit.
589 3505 664 3544 cap.
680 3509 714 3541 9.
732 3499 826 3541 Ergo
842 3495 1048 3543 impossibile
1066 3492 1114 3529 cst
1131 3519 1142 3534 ‚
1168 3492 1251 3527 bea-

307 3561 384 3586 tum
403 3548 557 3592 aliquem
571 3544 653 3587 effe,
672 3548 703 3582 8<
723 3545 921 3594 praeseferre
936 3546 1160 3579 voluntatem
1180 3553 1252 3577 non

311 3599 440 3635 rectam
455 3595 648 3632 secundum
662 3596 804 3643 justitia:
816 3595 1038 3633 affeffionem
1050 3619 1063 3636 ‚
1077 3605 1157 3641 quae
1173 3592 1256 3628 cha-

313 3649 415 3684 ritate
427 3646 614 3693 perficitur
630 3673 639 3682 .

416 3696 631 3742 Respondco
646 3724 658 3741 ,
685 3696 928 3747 Qorundam
945 3695 991 3731 est
1003 3695 1062 3729 hic
1077 3695 1158 3731 talis
1176 3692 1259 3739 opi-

316 3750 377 3786 nio
403 3758 415 3779 2
438 3747 644 3784 Voluntatis
661 3748 839 3783 reetitudo
852 3748 894 3782 ad
915 3744 1174 3782 beatitudinem
1207 3755 1261 3779 re-

318 3800 484 3847 quiratur
500 3799 792 3834 antecedenter&
811 3798 1095 3832 concomitanter
1114 3818 1124 3830 .
1148 3793 1264 3829 Ante-

322 3849 489 3935 cedenqt’er
504 3847 648 3933 qqiltjem
661 3872 674 3893 ‚
697 3848 785 3896 quia
798 3846 978 3884 testitudo
995 3845 1190 3882 voluntatis
1215 3843 1265 3880 est

457 3905 522 3933 om.
598 3922 607 3933 .

1278 276 1426 313 propter
1442 262 1602 298 debitum
1616 264 1777 300 ordinem
1794 264 1836 299 ad
1851 264 1954 301 finem
1968 266 2132 303 ultimum
2148 281 2160 309 3
2177 279 2220 302 eo

1279 315 1390 360 igitur
1404 314 1561 355 sublate,
1574 325 1680 349 nemo
1694 312 1806 360 potest
1820 314 1863 348 ad
1874 313 2128 353 beatitudinem
2143 328 2218 363 per.

1277 365 1401 400 venire
1424 388 1433 398 .
1461 364 1758 399 Concomitanter
1787 375 1900 405 vem,
1920 368 2006 410 quia
2031 365 2219 403 beatitudo

1277 412 1434 449 consistit
1449 414 1482 448 in
1493 413 1626 449 vifione
1641 413 1770 449 divinae
1785 412 1938 449 effentiae
1953 441 1962 455 ‚
1990 428 2069 462 quae
2082 416 2130 453 est
2143 413 2217 459 ipsa

1278 463 1424 500 effentia
1442 464 1613 499 bonitatis
1632 476 1644 503 ;
1672 465 1705 501 8<
1721 465 1769 499 ita
1783 465 1950 499 voluntas
1964 467 2116 502 videntis
2148 463 2222 503 Dei

1279 514 1460 550 essentiam
1476 525 1520 549 ex
1533 513 1730 548 necestitate
1745 524 1836 549 amat
1852 515 2027 560 quicquid
2040 529 2132 552 amat
2154 516 2220 551 sub

1279 564 1403 599 ordine
1419 564 1461 597 ad
1482 566 1597 599 Deum
1620 577 1628 599 :
1661 564 1760 599 sicuti
1779 565 1945 600 voluntas
1972 577 2042 600 non
2069 565 2223 600 videntis

1281 614 1351 652 Dei
1379 612 1559 649 efl'entiam
1573 626 1617 649 ex
1631 613 1832 650 necestitate
1852 625 1943 651 amat
1956 614 2019 650 sub
2040 615 2224 651 communi

1280 667 1420 700 ratione
1433 664 1545 706 boni,
1574 676 1682 711 quam
1697 666 1824 700 novit.

1382 718 1462 751 Nos
1475 714 1627 750 dicimus
1641 741 1652 756 ‚
1676 717 1831 762 primum
1849 716 2046 750 membrum
2061 713 2127 750 effe
2142 726 2227 750 con·
2263 732 2290 752 x.
2303 723 2331 753 d.
2348 730 2373 750 r.
2385 734 2412 760 q.
2430 732 2454 752 ι.
2469 726 2494 755 6.

1279 764 1582 812 cedendum‚quia
1595 763 1700 809 juxta
1715 765 1960 811 Augustinum
1976 767 2099 812 83.qq.
2113 777 2148 812 q.
2169 775 2228 806 30.
2261 764 2304 791 De
2314 761 2419 800 primo.

1282 817 1436 852 Summa
1447 814 1658 863 perverfitas
1677 815 1724 863 est
1738 818 1775 850 in
1780 815 1938 860 fruendo
1949 816 2092 851 utendis
2109 840 2118 850 .
2134 813 2228 850 Vera

1282 878 1367 912 ergo
1383 866 1511 902 fruitio
1524 864 1698 911 nusquam
1713 865 1780 900 effe
1797 866 1910 910 potest
1924 893 1934 908 ,
1962 867 2019 901 nisi
2034 866 2074 901 {it
2085 865 2230 900 ordina-

1286 928 1321 953 ta
1339 941 1352 958 ‚
1373 928 1410 951 ut
1424 916 1558 952 scilicet
1575 915 1763 951 ordinetur
1779 913 1973 951 secundum
1995 914 2228 951 circumstan,

1286 968 1355 1003 tias
1372 967 1538 1006 debitas;
1562 970 1705 1013 oportet
1721 967 2070 1011 etg0‚voluntatem
2090 966 2233 1013 potitu-

1287 1030 1362 1053 ram
1382 1018 1611 1053 beatitudinis
1625 1042 1636 1059 ‚
1663 1027 1702 1052 ut
1720 1016 1862 1051 fruatur
1877 1028 1921 1051 eo
1934 1043 1944 1056 ,
1960 1016 2060 1062 quod
2076 1016 2124 1052 est
2139 1015 2233 1050 sum·

1290 1081 1348 1104 me
1359 1093 1369 1109 ‚
1398 1079 1438 1103 ac
1454 1067 1660 1113 supremum
1679 1066 1870 1114 appetibile
1881 1092 1893 1107 ,
1909 1068 2044 1102 caeteris
2057 1078 2142 1102 veto
2155 1075 2236 1099 uta-

1289 1119 1397 1154 turin
1412 1117 1537 1153 ordine
1554 1117 1597 1152 ad
1611 1115 1695 1152 illud
1707 1143 1717 1159 ,
1739 1127 1781 1152 eo
1796 1115 1946 1154 modo&
1966 1118 2105 1153 ratione
2118 1143 2129 1159 ,
2160 1124 2231 1161 qua

1279 1168 1402 1205 ‘edixit
1417 1166 1484 1204 effe
1502 1168 1650 1204 volenda
1669 1194 1681 1204 .

1392 1221 1441 1256 At
1458 1217 1651 1254 secundum
1678 1220 1878 1255 membrum
1906 1229 1978 1253 non
2000 1217 2237 1257 admittimus,

1292 1281 1411 1317 neque
1434 1270 1554 1315 quoad
1578 1268 1829 1318 hypothesim,
1851 1280 1968 1315 neque
1990 1268 2112 1314 quoad
2128 1267 2238 1301 ratio-

1293 1333 1374 1356 nem
1398 1345 1407 1355 .
1440 1320 1640 1367 thuidem
1662 1319 1824 1366 qu.est.3.
1842 1327 1915 1354 art.
1931 1332 1968 1365 4.
1987 1319 2056 1354 late
2078 1316 2241 1363 disputa-

1292 1372 1412 1406 vimus
1424 1370 1467 1406 de
1484 1371 1555 1413 illa,
1569 1370 1795 1406 ostendentes
1814 1369 2068 1405 beatitudinem
2084 1368 2242 1403 statuen-

1295 1421 1375 1457 dam
1392 1419 1458 1458 esse
1470 1422 1505 1456 in
1518 1421 1602 1456 αξὶυ
1619 1421 1832 1463 volumus,
1846 1433 1917 1456 non
1934 1417 2137 1455 intelleRus
2150 1445 2160 1460 ‚
2177 1417 2240 1452 etfi

1296 1472 1326 1507 is
1353 1472 1478 1507 ordine
1508 1471 1749 1517 generationis
1776 1484 1835 1518 per
1861 1472 1960 1518 prius
1973 1470 2127 1515 attingat
2140 1467 2246 1514 obje-

1296 1522 1395 1558 &um
1410 1522 1613 1560 beatificum
1642 1547 1653 1558 .
1679 1522 1792 1569 Quod
1806 1533 1891 1556 vero
1905 1521 2074 1555 voluntas
2090 1532 2135 1556 ex
2151 1531 2192 1553 eo
2206 1519 2245 1554 {it

1297 1575 1582 1609 concomitanter
1599 1572 1692 1608 reeta
1707 1599 1718 1614 ,
1747 1571 1847 1619 quod
1863 1584 1907 1607 ex
1939 1570 2136 1606 necestitate
2159 1571 2247 1605 velit

1299 1623 1474 1670 quicquid
1489 1634 1580 1659 amat
1593 1623 1658 1657 sub
1669 1623 1792 1660 ordine
1806 1622 1848 1657 ad
1869 1624 2169 1669 Detrni,putamus
2182 1619 2249 1655 effe

1299 1671 1426 1708 falsum
1446 1698 1454 1706 .
1470 1673 1537 1709 Sed
1552 1672 1641 1707 infra
1659 1674 1776 1718 quaest.
1795 1684 1850 1706 10.
1865 1680 1936 1707 art.
1961 1683 1989 1705 1.
2008 1672 2043 1705 id
2060 1671 2247 1716 quaefitum

1299 1722 1349 1758 est
1363 1721 1640 1769 expendendum
1669 1747 1678 1756 .
1709 1722 1805 1756 Cum
1821 1723 1913 1755 enim
1926 1720 2046 1755 eadem
2062 1722 2101 1756 fit
2123 1731 2248 1768 poten·

1301 1774 1352 1806 tia
1366 1796 1378 1813 ‚
1398 1783 1479 1816 quae
1494 1771 1655 1806 versatur
1668 1773 1759 1805 circa
1779 1771 1882 1806 finem
1903 1797 1912 1811 ,
1926 1781 2034 1817 atque
2049 1784 2101 1811 ea,
2114 1782 2194 1817 qua:
2207 1770 2248 1804 ad

1301 1818 1410 1854 finem
1421 1819 1633 1854 ordinantur
1652 1845 1662 1859 ,
1688 1819 1752 1854 sub
1763 1820 1887 1855 eadem
1904 1822 2043 1855 ratione
2069 1822 2250 1867 modoque

1302 1868 1470 1905 tendendi
1489 1895 1500 1910 ,
1523 1880 1706 1915 utrunque
1728 1868 1877 1916 aspiciat
1904 1880 2051 1917 oportet
2070 1885 2078 1906 t
2101 1871 2251 1905 Constat

1302 1931 1421 1956 autem
1437 1921 1547 1956 libere
1558 1922 1708 1955 omnino
1718 1921 1863 1955 tendere
1877 1920 1910 1953 in
1926 1932 1979 1961 ea,
1992 1931 2072 1965 quae
2089 1922 2130 1955 ad
2147 1920 2252 1956 finem

1302 1972 1541 2010 ordinantur3
1571 1972 1663 2015 Ergo
1678 1971 1710 2006 8<
1728 1972 1835 2005 libere
1850 1971 1981 2016 pariter
1994 1970 2123 2014 diliget
2139 1970 2252 2015 ipsum

1303 2022 1409 2059 finem
1425 2025 1517 2059 clare
1531 2020 1646 2056 visum
1673 2047 1680 2055 .
1711 2020 1824 2069 Quod
1839 2032 1925 2055 vero
1940 2022 1966 2056 is
1979 2020 2018 2056 {it
2035 2018 2175 2057 bonitas
2193 2034 2253 2068 pet

1304 2073 1484 2111 essentiam
1499 2100 1509 2115 ‚
1537 2070 1717 2118 ejusmodi
1734 2083 1803 2106 non
1817 2070 1896 2106 sunt
1909 2082 2138 2120 quaecunque
2151 2072 2194 2106 ad
2211 2074 2254 2108 il·

1302 2126 1377 2162 lum
1388 2125 1601 2159 ordinantur
1616 2149 1624 2162 ‚
1646 2133 1691 2157 ex
1705 2134 1747 2157 eo
1760 2121 1856 2157 aliud
1875 2124 2019 2169 proprie
2048 2123 2170 2158 inferri
2193 2134 2255 2159 ne-

1305 2177 1383 2223 quit
1400 2201 1409 2215 ‚
1424 2175 1483 2211 nisi
1499 2174 1721 2209 voluntatem
1739 2184 1807 2208 non
1823 2171 1918 2220 posse
1931 2171 2043 2219 ipsum
2058 2173 2151 2208 nolle
2167 2199 2176 2214 ‚
2192 2184 2255 2209 aut

1304 2225 1414 2262 odisse
1432 2239 1443 2267 ;
1467 2236 1636 2260 caeterum
1651 2249 1662 2264 ‚
1678 2224 1701 2259 si
1717 2224 1750 2258 in
1768 2224 1964 2259 voluntatis
1982 2223 2157 2270 potestate
2173 2221 2254 2259 sunt

1303 2277 1404 2313 afflus
1430 2277 1640 2311 inferiorum
1669 2275 1910 2321 potentiarum
1928 2273 1989 2316 fic,
2001 2286 2041 2310 ut
2057 2285 2165 2323 queat
2193 2284 2256 2310 eos

1305 2327 1517 2375 suspendere
1532 2327 1576 2361 ab
1604 2325 1742 2361 aeribus
1761 2326 1936 2372 propriis;
1969 2325 2100 2360 nedum
2124 2325 2254 2361 enim..

1305 2377 1462 2420 efficere,
1486 2379 1518 2413 8<
1543 2378 1716 2422 imperare
1744 2374 1855 2421 potest
1872 2402 1881 2416 ,
1910 2385 1949 2409 ut
1975 2376 2103 2410 oculus
2133 2374 2252 2410 videat

1304 2428 1376 2464 hoc
1393 2454 1404 2469 ,
1427 2440 1488 2463 aut
1507 2427 1600 2463 aliud
1619 2425 1803 2471 objee‘stum
1824 2452 1832 2465 ,
1857 2424 1912 2459 sed
1925 2426 2029 2460 etiam
2044 2425 2171 2472 jubere
2186 2452 2197 2467 ,
2212 2435 2251 2460 ut

1306 2477 1468 2515 absolute
1486 2490 1557 2513 non
1573 2477 1689 2511 videat
1706 2489 1717 2516 ;
1747 2476 1860 2510 multo
1872 2474 2146 2522 magisidipsum
2165 2486 2254 2523 proe-

1307 2529 1395 2566 stare
1408 2529 1541 2577 poterit
1561 2529 1592 2564 Β(
1611 2526 1858 2574 repraesentare
1880 2526 1914 2560 in
1930 2525 2066 2561 aetibus
2094 2525 2162 2559 suis
2190 2535 2256 2558 vo-

1307 2579 1516 2622 lendohoc,
1541 2589 1601 2614 aut
1635 2577 1880 2616 contrarium,
1904 2586 1966 2611 aut
1991 2576 2137 2611 omnino
2166 2574 2253 2610 nihil

1306 2631 1490 2670 volend03
1516 2629 1576 2665 etsi
1601 2639 1686 2675 ergo
1701 2627 1827 2673 probet
1847 2627 1962 2669 ratio,
1985 2637 2054 2661 non
2068 2624 2162 2673 poli‘e
2187 2636 2253 2660 vo-

1308 2683 1486 2717 luntatem
1504 2681 1597 2716 nolle
1610 2681 1743 2715 bonum
1761 2689 1822 2723 per
1833 2675 2013 2711 essentiam
2030 2703 2041 2719 ‚
2054 2687 2123 2711 non
2140 2675 2255 2711 osten-

1307 2733 1358 2768 dit
1371 2742 1487 2768 tamen
1504 2757 1514 2772 ‚
1542 2741 1612 2765 non
1632 2726 1725 2776 posse
1739 2739 1809 2763 non
1826 2726 2015 2762 velleillud
2027 2754 2035 2763 .

1410 2783 1571 2818 Dicimus
1587 2790 1670 2825 ergo
1683 2805 1692 2819 ‚
1720 2780 1894 2812 rationem
1909 2803 1918 2817 ,
1932 2778 2044 2813 curin
2060 2775 2257 2814 beatitudi-

1308 2846 1352 2870 ne
1368 2833 1572 2878 requiratur
1583 2827 1762 2865 reftitudo
1778 2829 1973 2863 voluntatis
1989 2854 1998 2868 ,
2020 2828 2086 2863 effe
2099 2852 2111 2871 ‚
2142 2828 2255 2874 quia)

1309 2883 1382 2932 ipsa
1401 2880 1588 2919 beatitudo
1605 2906 1615 2921 ,
1638 2881 1692 2915 vel
1706 2877 1830 2914 fruitio
1848 2904 1856 2918 ,
1885 2877 1982 2914 aliud
2007 2890 2076 2913 non
2093 2878 2141 2914 est
2155 2905 2164 2919 ,
2193 2878 2253 2912 nili

1311 2934 1455 2969 dileffio
1469 2932 1633 2967 amicitiae
1653 2956 1662 2971 ,
1687 2941 1757 2964 non
1773 2939 1860 2964 vcro
1873 2940 1970 2963 amor
1998 2928 2256 2975 concupiscen-

1310 2987 1381 3020 tiae.
1394 2986 1559 3021 Exeunte
1575 2991 1662 3025 ergo
1676 2982 1709 3015 in
1728 2980 1846 3015 atfium
1865 2980 2051 3013 voluntate
2063 2977 2255 3014 secundum

1309 3031 1690 3079 affefilionemjustitiae
1708 3056 1719 3072 ,
1745 3027 1936 3066 necessario
1961 3029 2008 3064 est
2026 3028 2142 3071 reeta,
2170 3029 2256 3074 quia

1311 3097 1352 3122 ut
1365 3085 1480 3131 diligit
1494 3082 1671 3118 summum
1688 3083 1821 3116 bonum
1838 3090 1979 3127 propter
1997 3078 2027 3114 l'e
2044 3077 2157 3126 ipsum
2174 3105 2183 3118 ‚
2207 3081 2254 3113 ita

1311 3146 1403 3173 amet
1422 3144 1564 3181 oportet
1588 3143 1713 3167 caetera
1736 3132 1856 3166 omnia
1883 3131 1917 3164 in
1939 3129 2062 3164 ordine
2086 3129 2130 3163 ad
2155 3130 2257 3164 illud.

1313 3186 1460 3232 Proprie
1472 3197 1559 3230 ergo
1571 3181 1804 3229 loquend0,in
1817 3179 2038 3216 beatitudine
2056 3192 2124 3215 non
2139 3182 2258 3225 requi-

1313 3239 1404 3275 ritur
1417 3233 1595 3271 refititudo
1607 3233 1804 3268 voluntatis
1819 3257 1828 3273 ‚
1844 3229 1898 3265 sed
1917 3228 1988 3275 ipsa
2009 3230 2195 3265 beatitudo
2209 3230 2256 3265 est

1316 3287 1498 3326 refikiffima
1517 3285 1684 3320 voluntas
1701 3281 1905 3326 eorum,qui
1923 3281 2108 3315 intuentur
2128 3283 2257 3315 Deum.

1421 3335 1610 3372 Undenam
1628 3345 1712 3379 crgo
1729 3332 1776 3368 est
1791 3331 1889 3378 quoti
1904 3332 1997 3366 beati
2013 3331 2089 3366 sunt
2123 3331 2256 3376 impec-

1319 3388 1452 3425 cabiles
1473 3387 1537 3422 281
1551 3385 1642 3420 enim
1657 3385 1765 3418 libere
1784 3382 1817 3416 3<
1838 3381 2087 3426 contingenter
2103 3379 2256 3425 diligunt

1321 3438 1434 3487 ipsum
1450 3439 1582 3472 bonum
1601 3446 1662 3481 per
1678 3432 1853 3468 essentiam
1870 3458 1878 3471 ,
1902 3431 1934 3466 8<
1952 3433 2085 3478 reliqua
2113 3429 2258 3465 subinde

1322 3500 1403 3537 quae
1415 3487 1457 3522 ad
1473 3485 1560 3521 illud
1571 3484 1783 3519 ordinantur
1801 3496 1811 3523 ;
1838 3482 1931 3527 Ergo
1948 3481 2075 3517 cessare
2090 3490 2259 3525 poterunt

1324 3554 1343 3576 a
1357 3538 1548 3578 fruitione,
1579 3545 1637 3569 aut
1653 3545 1748 3568 certe
1763 3544 1842 3580 quae
1859 3531 1936 3566 sunt
1950 3532 1992 3566 ad
2023 3530 2135 3576 ipsum
2158 3532 2259 3565 aliter

1328 3591 1416 3626 velle
1428 3600 1467 3623 ac
1479 3586 1542 3621 lint
1560 3583 1710 3619 volenda
1731 3610 1741 3626 ,
1769 3581 1876 3629 cujus
1891 3582 2107 3617 contrarium
2132 3581 2260 3616 <lilertc

1327 3639 1481 3677 traditur
1492 3637 1538 3672 ab
1551 3633 1756 3681 Augustino
1773 3660 1782 3675 ‚
1806 3644 1837 3678 3.
1865 3633 1924 3669 lib.
1940 3641 2055 3666 contra
2087 3633 2265 3669 Maximi-

1329 3701 1414 3728 num
1442 3714 1454 3730 ,
1498 3694 1571 3733 cap.
1596 3695 1650 3729 13.
1681 3683 1854 3719 scribente
1874 3709 1884 3723 ,
1908 3684 2102 3727 cuicunque
2131 3690 2266 3718 natm-,e

1324 3737 1514 3791 praestatur
1526 3743 1566 3771 ut
1575 3743 1720 3781 peccare
1734 3747 1799 3770 non
1808 3732 1903 3780 poffit
1917 3757 1926 3772 ,
1949 3744 2013 3767 non
2029 3730 2076 3776 est
2089 3732 2150 3767 hoc
2159 3740 2272 3766 natu-

1333 3790 1525 3838 rapropria
1543 3812 1555 3828 ,
1578 3782 1642 3832 sed
1659 3783 1860 3830 Deigratia
1875 3783 1917 3816 ab
1933 3783 2050 3828 aliqua
2084 3785 2194 3826 igitur
2223 3783 2272 3815 cis

1334 3838 1548 3878 intrinsecus
1563 3835 1758 3921 ἱῃΙκὲι-εηω
1774 3833 1853 3868 sunt
1870 3832 2119 3880 impeccabiles
2144 3858 2149 3864 .
2183 3831 2277 3865 Rur-

1692 3892 1712 3916 2
2150 3878 2205 3915 sus
2223 3905 2231 3918 .

2283 1630 2309 1651 1.
2323 1622 2352 1652 d.
2367 1630 2393 1650 ι.
2406 1629 2434 1658 q·
2445 1628 2475 1655 4·

2281 1689 2421 1719 Voluntas
2435 1700 2513 1720 crea-

2279 1737 2307 1756 ta
2319 1739 2333 1757 a
2347 1729 2399 1757 line
2409 1731 2515 1760 clare.)

2283 1767 2340 1796 viso
2371 1768 2517 1796 necestita-

2281 1813 2328 1833 tur
2345 1808 2439 1844 quoad
2455 1807 2516 1843 spe·

2284 1844 2497 1875 cilicationcm..

2285 1883 2359 1912 :stus
2384 1904 2393 1917 ‚
2426 1893 2517 1913 uon—1

2287 1924 2379 1957 quoad
2415 1933 2521 1953 exerci-

2287 1959 2360 1989 tium
2370 1981 2379 1990 .

2307 2770 2519 2810 4.d.49.q.5.
