2628 4011
113 351 181 385 Qua
194 348 314 376 >ratione

116 396 161 416 tot
185 385 314 416 Scientiae

112 434 184 463 quot
202 422 317 453 scibilia.

112 464 319 501 Hoepraeterea

113 501 320 534 docetooeor,

113 549 144 569 ι.
155 541 184 566 d.
198 547 252 576 3.q.
265 542 321 571 που

114 577 322 614 ..Aasecundum

113 616 144 643 in
158 615 302 653 oppqlitum
311 633 320 641 .

115 655 188 688 φάς
197 657 283 680 6.art.
293 662 322 681 2.

114 691 174 720 Pro
188 691 229 718 his
253 699 321 718 exa-

115 730 184 757 Citus
220 728 321 757 intelli-

114 766 213 806 gendis
227 768 254 794 vi
265 771 323 796 ien.

114 810 165 833 dus
198 806 322 835 Mastrius

112 843 232 872 §consta
273 845 321 877 tit.

114 881 215 921 disput.

109 1723 178 1758 Qus
208 1721 318 1750 ratione

110 1759 218 1789 habitus
231 1760 318 1788 scien-

111 1799 184 1826 tialis
197 1807 265 1824 unus
287 1794 319 1832 sit

109 1838 139 1866 8(
150 1836 256 1867 dicatus
273 1853 282 1864 .

121 3205 189 3232 Ηκ
237 3198 326 3225 minut

121 3237 326 3280 placente-iic·

122 3290 187 3308 tlt-to
204 3288 228 3305 tn
252 3278 329 3302 Com-

122 3326 207 3345 men!-
215 3315 327 3356 [ΠΑζῘςη-

121 3357 155 3383 ri]
170 3354 285 3383 arn-[ult
301 3367 310 3377 0

120 3395 170 3422 §cd
209 3387 326 3417 vidend-2

121 3429 334 3463 exsolirioxlag.

122 3469 242 3499 chhcti
284 3467 332 3493 lo».

122 3509 170 3536 ci:-
216 3506 330 3543 Prologi

122 3547 190 3577 sent.

422 173 442 205 1
455 160 486 204 6
494 168 520 199 2
957 153 1138 200 summae

346 222 509 270 respectu
525 220 703 268 complexi
715 220 921 264 speculandi
934 248 944 263 ‚
971 232 1026 257 tot
1039 222 1120 258 sunt
1134 222 1281 258 habitus

347 274 548 311 scientiales
561 272 675 318 specie
691 271 846 309 distinffi
858 297 869 312 ‚
890 283 979 322 quot
993 271 1071 314 sunt
1084 272 1282 310 conclusio÷

351 336 413 361 nes
425 324 572 360 diversae
583 321 876 359 demonstrabiles
889 326 908 357 .’
918 322 1122 357 Declaratio
1137 335 1147 354 ε
1163 323 1283 363 Scien-

354 379 402 412 tia
418 374 624 410 esthabitus
637 374 843 420 cognitivus
868 372 1104 415 conclusionis
1133 372 1284 408 demon-

357 427 540 463 strationis
555 435 597 462 ex
612 423 825 462 diffinitione
837 421 1042 470 ipsiusscire
1057 448 1070 465 ‚
1105 433 1133 463 ι,
1150 421 1283 459 Poste-r.

357 489 431 513 tex.
447 487 540 512 corn.
558 485 781 520 5.ergoquot
795 473 874 515 sunt
886 471 1131 515 conclusiones
1144 471 1286 508 demon.

361 527 515 563 strabiles
531 537 586 562 tot
601 523 681 560 sunt
698 524 863 560 scientiae.
877 521 1144 567 Consequentia
1157 523 1286 568 proba·

358 589 440 613 tur:
456 577 638 623 Siquidem
651 575 796 612 habitus
810 572 1039 616 distinguitur
1052 583 1112 619 per
1128 570 1286 617 objeEht,

360 629 392 663 8(
415 627 562 664 subinde
579 625 731 660 seientiae
744 623 1011 669 distinguuntur
1025 632 1086 668 per
1103 620 1287 659 scibilia-v:

362 678 437 713 ἶπες
452 677 582 714 scibilia
596 675 676 710 sunt
707 673 956 709 conclusiones
981 670 1290 710 demonstrabiles,

363 729 501 764 Deinde
515 755 526 771 ,
556 725 703 763 habitus
716 721 940 758 innotescunt
955 732 1017 766 per
1031 719 1151 756 aetus:
1173 721 1290 766 respe-

361 779 419 814 eiu
437 777 654 814 diversarum
668 773 936 810 conclusionum
954 769 1032 804 sunt
1048 769 1172 813 diversi
1189 771 1291 812 afflus

363 828 495 865 sciendi
513 827 649 875 specie3
678 835 764 869 crgo
778 824 809 858 8<
825 821 972 856 habitus
988 819 1139 862 diversi:
1175 822 1292 864 miror

361 881 648 927 probatur;Nam
665 874 713 910 illi
729 872 857 909 sciendi
870 870 970 913 afius
984 870 1108 904 diversi
1124 869 1202 907 sunt
1219 885 1291 912 non

359 941 502 965 tantum
519 941 563 963 nu
574 938 691 967 mero,
718 925 800 970 quia
819 923 864 957 sic
892 920 1163 964 distinguuntur
1191 922 1292 960 ae'lus

359 978 492 1016 sciendi
506 980 596 1012 circa
616 973 760 1011 eandem
779 971 1041 1013 conclusionem
1058 971 1194 1008 eliciti:
1221 972 1292 1009 dif-

358 1028 510 1066 ferentia
523 1025 638 1073 major
650 1023 845 1068 differentia
862 1022 1034 1057 numerali
1051 1020 1100 1055 est
1127 1021 1292 1059 differen-

357 1081 405 1115 tia
426 1076 585 1118 specifica
602 1105 613 1115 .
628 1074 766 1111 Rursus
786 1102 797 1118 ,
820 1072 954 1119 aliquid
971 1082 1032 1117 per
1059 1071 1199 1109 causam
1230 1086 1292 1109 co.

355 1128 528 1175 gnoscere
542 1154 552 1169 ,
568 1127 618 1171 cst
630 1125 742 1173 ipsun:
762 1125 863 1165 scire,
883 1121 1055 1168 1.P‹>ster.
1071 1131 1146 1159 tex.
1160 1134 1194 1168 ς.
1209 1136 1290 1161 cum

355 1191 442 1225 ergo
458 1179 524 1213 alia
555 1175 806 1219 demonstratio
835 1172 873 1209 fit
888 1183 952 1219 per
977 1184 1084 1217 quam
1114 1173 1292 1218 ejusmodi

352 1228 532 1265 conclusio
543 1226 823 1271 cognoscitur&
838 1223 903 1258 alia
916 1222 1181 1268 quainnotescit
1193 1225 1292 1260 aliud

355 1280 476 1315 scibile
490 1306 500 1320 ,
533 1278 702 1314 videntur
729 1275 843 1323 specie
871 1273 1011 1309 differre
1037 1271 1090 1312 hae
1124 1273 1290 1313 scientiae.

353 1329 558 1379 Qodlibet
583 1327 696 1372 igitur
725 1325 953 1371 complexum
981 1322 1089 1367 habet
1126 1324 1289 1363 habivum

351 1380 540 1426 proprium
558 1405 567 1421 ‚
584 1380 624 1415 Et
642 1376 788 1422 quidem
803 1376 823 1411 si
840 1373 1059 1421 principium
1078 1373 1127 1410 est
1151 1376 1290 1415 intelle·

353 1429 433 1465 &us
452 1455 461 1470 ,
474 1429 597 1463 babitu
610 1427 799 1471 attingitur
813 1452 822 1466 ‚
837 1424 1142 1471 quemadmodum
1154 1427 1188 1461 &
1201 1437 1290 1462 con-

353 1479 466 1514 clusio
483 1490 542 1523 per
560 1477 710 1514 scientiae
722 1475 886 1511 habitum
904 1500 914 1516 ,
939 1475 1002 1521 qui
1015 1474 1212 1511 formaliter
1236 1477 1290 1512 in-

353 1528 464 1564 clinat
482 1525 702 1570 intelleCjium
718 1525 760 1561 ad
775 1524 1160 1571 speculationemillius
1186 1525 1289 1561 scibi-

354 1578 399 1613 lis
416 1604 427 1619 ‚
459 1579 572 1614 veluti
587 1577 757 1611 naturalis
771 1574 964 1619 similitudo
977 1572 1115 1620 exejus
1131 1576 1289 1613 confide-

351 1626 692 1671 rationederelifta9
1058 1627 1061 1629 ’

453 1677 657 1712 Secundum
675 1673 810 1709 diff’tum
834 1686 846 1712 t
869 1671 1073 1719 Loquendo
1087 1673 1132 1710 de
1145 1674 1290 1720 habitu,

352 1727 418 1773 qui
431 1727 634 1762 virtualiter
647 1725 794 1761 inclinat
811 1724 852 1758 ad
879 1724 1156 1771 speculationem
1185 1725 1290 1761 scibi-

351 1779 436 1814 lium
455 1803 466 1818 ,
492 1777 553 1820 etsi
572 1775 769 1820 formaliter
781 1773 993 1808 determinet
1007 1774 1224 1811 intellezstum
1244 1777 1288 1814 ad

351 1826 646 1863 considerandum
660 1824 695 1859 id
711 1850 723 1866 ,
749 1825 784 1858 in
798 1834 874 1870 quo
890 1823 954 1857 alia
976 1822 1107 1858 scibilia
1123 1825 1286 1862 virtuali9

350 1888 406 1914 ter
432 1877 686 1915 continentur,
711 1875 741 1912 is
765 1873 910 1915 babitus
933 1883 1026 1907 unus
1047 1874 1096 1908 est
1127 1873 1287 1919 respectu

348 1926 549 1963 multorum
579 1923 849 1970 complexorum
877 1921 1052 1967 scibilium
1069 1949 1082 1965 ,
1108 1925 1288 1971 unicaque

349 1975 496 2013 scientia
508 1988 546 2011 ea
563 1973 683 2019 omnia
693 1971 947 2020 complestens.
964 1971 1285 2012 Declaratio:Nam

347 2026 595 2070 conclusiones
613 2027 647 2061 in
662 2024 844 2071 principiis
874 2022 1075 2066 virtualiter
1099 2027 1286 2061 comiten-

348 2088 431 2117 tur;
454 2077 629 2123 principia
643 2085 730 2109 vero
747 2074 944 2115 virtualiter
962 2072 1039 2116 sunt
1057 2075 1090 2109 in
1108 2073 1285 2121 subjssfim

347 2127 532 2175 Siquidem
550 2124 747 2171 subjefitum
761 2125 965 2164 virtualiter
982 2123 1132 2165 includit
1161 2126 1286 2173 praedi.

348 2189 468 2213 catum
487 2179 520 2212 in
534 2176 717 2223 principiis
734 2175 854 2220 primis
872 2187 883 2215 3
906 2174 1013 2221 idque
1029 2176 1083 2211 vel
1100 2176 1286 2214 essentiali-

349 2237 404 2264 ter
421 2228 442 2263 si
460 2229 658 2275 pertineant
675 2223 717 2264 ad
731 2225 884 2271 primum
900 2225 1042 2267 modum
1067 2225 1209 2261 dicendi
1222 2239 1284 2272 per

348 2277 384 2314 se
399 2306 408 2320 ,
423 2280 478 2314 vel
495 2278 698 2312 virtualiter
713 2301 722 2315 ,
737 2275 759 2315 si
772 2273 813 2308 ad
833 2273 1022 2310 secundum
1040 2273 1193 2324 speeiem
1208 2288 1284 2311 mo-

347 2329 464 2369 dum;
489 2327 648 2373 igiturin
665 2324 825 2371 subjeao
853 2325 1042 2371 complexo
1067 2326 1285 2372 quiditative

348 2381 500 2426 cognito
517 2403 529 2421 ,
555 2376 759 2413 virtualiter
774 2375 1004 2410 continentur
1019 2377 1190 2423 principia
1206 2403 1217 2418 ‚
1248 2379 1283 2414 &

347 2428 595 2466 conclusiones
624 2427 667 2462 de
695 2426 758 2461 tali
773 2422 936 2470 subjeao
949 2451 957 2465 ‚
987 2437 1025 2459 ae
1039 2436 1113 2460 tota
1135 2427 1284 2474 proinde

349 2480 476 2515 notitia
490 2490 592 2523 ,quae
609 2476 739 2523 deipso
754 2472 916 2520 subjeeto
934 2476 1067 2519 nataest
1085 2476 1206 2516 haberi
1224 2504 1234 2519 ‚
1248 2479 1282 2515 8(

347 2540 514 2578 praeterea
526 2529 633 2563 etiam
651 2526 779 2562 notitia
793 2550 804 2571 ‚
834 2536 915 2571 quae
929 2537 1008 2560 nata
1021 2525 1068 2561 est
1100 2525 1223 2571 habefi
1242 2527 1285 2564 de

347 2580 429 2615 aliis
445 2591 503 2626 per
518 2580 689 2613 rationem
708 2576 788 2622 ejus
805 2600 815 2616 ,
842 2576 910 2611 sive
924 2575 987 2610 sint
1001 2575 1166 2612 inferiora
1195 2589 1281 2614 con-

348 2641 445 2665 tenta
461 2628 524 2664 sub
537 2627 640 2675 ipso;
668 2627 740 2662 sive
755 2624 818 2670 sint
832 2625 900 2661 alia
913 2627 1083 2662 attributa
1098 2626 1140 2661 ad
1155 2628 1284 2675 ipsum,

348 2691 521 2725 tanquam
541 2678 584 2713 ad
614 2679 793 2725 ptimum3
821 2688 907 2722 ergo
938 2676 1084 2718 babitus
1109 2679 1285 2715 inclinans

351 2729 549 2766 formaliter
567 2728 609 2763 ad
628 2726 879 2775 speculandum
908 2730 979 2763 tale
1006 2726 1205 2773 subjesstum
1236 2727 1287 2765 se·

354 2781 514 2816 cundum
542 2779 713 2813 rationem
730 2777 985 2823 quiditativam
1006 2805 1015 2818 ,
1045 2780 1189 2822 inclinat
1217 2781 1286 2815 vir-

353 2831 497 2866 tualiter
509 2829 549 2862 ad
562 2829 680 2863 omnia
694 2828 881 2874 complexa
898 2827 941 2863 ad
955 2828 1068 2875 ipsum
1095 2831 1217 2877 aliquo
1240 2843 1286 2866 ex

352 2880 531 2928 praedietis
559 2877 673 2912 modis
699 2879 930 2923 pertinentia.
957 2880 1025 2916 Sed
1040 2882 1208 2926 primo&
1225 2892 1287 2928 per

354 2930 388 2967 se
400 2931 441 2965 ad
454 2928 698 2976 cognoscenda
709 2927 751 2962 de
765 2926 840 2974 ipso
852 2927 1095 2976 subjcfi'tmper
1107 2932 1139 2966 st·
1151 2943 1288 2974 autem,

354 2981 412 3017 sed
431 2992 499 3015 non
517 2979 629 3025 primo
645 2979 686 3013 ad
702 2978 766 3012 alii
792 2976 1004 3024 speculanda
1026 2993 1086 3026 per
1111 2983 1286 3017 rationem

354 3031 435 3076 ejus
451 3057 461 3071 ,
488 3040 596 3077 atque
609 3029 656 3063 ita
673 3026 834 3074 respcftu
849 3031 1008 3075 omnium
1022 3029 1167 3067 istorum
1193 3044 1287 3068 unus

354 3082 402 3118 est
415 3082 560 3117 habitus
577 3079 740 3114 virtualis
755 3103 763 3113 .

455 3131 512 3166 Ad
528 3141 754 3175 argumenta.
773 3128 830 3165 Ad
845 3128 999 3175 primum
1018 3130 1213 3179 respondeo
1228 3132 1287 3175 stc3

354 3181 548 3228 Proportio
574 3179 709 3227 objecti
738 3179 781 3214 ad
808 3181 1002 3225 porentiam
1027 3181 1076 3217 est
1101 3186 1289 3229 proportio

358 3233 486 3270 motivi
500 3231 540 3265 ad
559 3230 770 3272 mobilc‚vcl
785 3229 893 3274 aetivi
911 3230 953 3264 ad
969 3230 1099 3277 passum
1116 3257 1125 3267 .
1141 3231 1187 3268 A:
1207 3244 1290 3280 pro-

359 3283 480 3333 portio
493 3279 643 3325 subjecti
671 3281 712 3315 ad
731 3280 891 3316 habitum
909 3278 957 3315 est
985 3282 1070 3317 sicut
1102 3285 1290 3330 proportio

360 3330 472 3370 causa:
486 3330 528 3364 ad
545 3328 725 3374 effectum,
737 3329 1030 3377 quandocunque
1046 3343 1163 3368 autem
1181 3345 1289 3378 agens

363 3385 434 3430 agit
450 3383 483 3416 in
499 3381 631 3428 passum
647 3381 760 3427 potest
781 3380 968 3428 quodlibet
995 3393 1102 3427 agens
1129 3382 1288 3428 ejtisdem

363 3434 508 3471 rationis
521 3433 555 3466 in
584 3433 767 3478 quodlibet
796 3429 929 3478 passum
958 3429 1116 3477 ejusdem
1145 3436 1289 3471 rationis

364 3497 467 3532 agere
483 3496 493 3524 3
521 3494 608 3526 ergo
622 3483 733 3527 prima
747 3491 904 3516 extrema
921 3484 1161 3529 proportionis
1177 3485 1289 3521 activi

362 3536 406 3571 ad
429 3534 598 3582 passivum
627 3533 705 3567 sunt
732 3531 931 3566 communit
963 3532 1006 3567 ad
1034 3536 1149 3569 omnia
1180 3548 1240 3581 per
1256 3535 1289 3577 se

362 3597 524 3622 extrema
540 3585 632 3618 illius
645 3581 902 3630 proportionis.
916 3585 1008 3618 Nam
1025 3585 1113 3620 inter
1124 3586 1178 3620 illa
1192 3597 1290 3621 com·

360 3635 557 3673 munislima
571 3634 617 3669 cst
632 3632 939 3681 adaequati0‚quia
958 3635 989 3668 in
1007 3632 1227 3683 quocunque
1239 3639 1288 3674 est

359 3688 454 3725 ratio
471 3689 594 3725 unius,
628 3685 712 3720 illud
732 3681 866 3730 respicit
884 3684 1070 3728 quodlibet
1088 3688 1121 3722 in
1149 3700 1223 3735 quo
1239 3689 1289 3724 est

358 3737 452 3775 ratio
468 3739 610 3772 alterius
631 3750 641 3778 ;
666 3735 735 3772 Sed
752 3735 860 3781 prima
874 3746 1032 3773 extrema
1050 3740 1289 3786 proportionis

359 3786 472 3826 eausa:
489 3789 529 3823 nd
544 3785 707 3825 elit-ctum
724 3798 792 3822 non
807 3785 886 3821 suut
899 3790 1192 3834 communiffima,
1204 3793 1289 3838 quia

1348 2280 1445 2329 jefiio
1471 2281 1503 2316 8<

1171 151 1360 222 Joannis
1403 155 1531 200 Dum
1561 149 1679 198 Scott'

1361 222 1523 257 interilla
1538 232 1608 254 non
1626 220 1675 255 est
1692 217 2000 266 adoequatio.No'n
2013 219 2102 254 enim
2121 217 2282 266 sequitur
2291 223 2309 266 ,f
2332 238 2335 242 ,

1363 273 1384 309 si
1398 281 1586 309 commune
1601 270 1713 316 potest
1725 270 1827 312 causa
1835 283 1868 307 re
1880 271 2044 306 habitum
2057 269 2157 316 quod
2168 269 2306 314 specia-

1361 325 1392 361 le
1409 324 1537 369 pariter
1554 320 1668 368 possit,
1682 321 1716 355 8(
1734 331 1753 354 ε
1765 320 1939 357 converso
1951 345 1962 363 ,
1978 322 2060 355 Non
2076 320 2170 354 enim
2184 318 2304 363 quod-

1362 375 1446 409 libet
1464 381 1671 407 contentum
1686 370 1751 405 sub
1766 370 1826 405 illo
1843 370 2024 406 communi
2039 369 2180 416 respicit
2196 367 2305 404 habi.

1362 434 1438 459 tum
1457 423 1554 458 illum
1573 431 1611 455 ut
1625 418 1792 456 effectum
1805 419 1884 466 ejus
1897 434 1906 463 ς
1917 420 1984 458 Sed
1997 429 2133 455 tantum
2151 420 2302 465 aliquod

1361 475 1514 522 primum
1528 468 1714 515 objectum
1731 473 1980 507 contentivum
1996 495 2006 511 ,
2018 470 2118 516 quod
2133 470 2302 505 virtuali-

1361 535 1416 559 ter
1434 524 1594 558 continet
1610 521 1729 555 omnia
1745 547 1757 561 ‚
1779 520 1823 555 ad
1836 533 1917 567 qnae
1943 521 2089 561 habitus
2106 520 2139 557 se
2170 531 2300 555 exten-

1362 575 1437 609 dit.
1450 576 1539 609 Non
1558 583 1642 615 ergo
1656 570 1752 613 aliud
1770 569 1815 606 eit
1847 571 2023 619 assumpta
2052 570 2300 620 propositione

1363 634 1456 659 reete
1469 622 1590 657 inferri
1606 619 1719 667 potest
1731 647 1741 662 ,
1764 633 1872 668 quam
1889 621 1988 669 quod
2000 621 2107 657 docet
2131 620 2293 670 secunda

1361 671 1525 717 conclasto
1539 698 1549 714 ‚
1577 682 1645 706 non
1659 681 1745 707 vero
1769 673 1867 718 quod
1889 672 1946 716 illa
1966 671 2110 721 simplex
2135 673 2294 719 qualitas

1361 722 1568 769 usqueadeo
1583 721 1622 756 sit
1640 733 1734 756 unus
1759 721 1904 764 habitus
1921 749 1930 763 ‚
1959 733 2000 759 ut
2014 721 2163 759 alterurn
2193 734 2295 762 non..

1361 774 1527 810 admittat
1544 798 1556 814 ,
1577 771 1662 818 quia
1677 784 1737 818 per
1753 771 1865 819 ipsum
1881 772 1960 808 sciri
1975 784 2043 807 non
2059 772 2201 819 possunt
2220 772 2295 813 for-

1361 825 1500 860 maliter
1514 824 1571 858 illa
1585 823 1705 858 omnia
1721 848 1734 865 ,
1747 822 1789 858 ad
1804 835 1883 871 quae
1894 821 2140 869 cognoscenda
2155 823 2296 866 virtua-

1362 875 1445 918 liter
1463 875 1609 909 inclinat
1625 897 1638 908 .
1818 876 1820 878 '

1458 923 1518 962 Ad
1538 924 1729 961 secundum
1745 921 1942 973 respondeo
1956 935 2002 958 ex
2027 921 2132 958 dietis
2160 948 2170 958 .
2195 920 2294 964 Nam

1358 973 1504 1016 habitus
1517 974 1565 1010 est
1586 974 1692 1012 forma
1710 977 1856 1023 simplex
1870 1000 1881 1014 ‚
1910 973 2056 1020 ipsaque
2067 985 2137 1009 non
2162 974 2295 1013 consti·

1357 1027 1477 1065 tuitur
1491 1038 1536 1061 ex
1553 1026 1716 1072 pluribus
1735 1054 1745 1068 ‚
1759 1027 1818 1062 nisi
1838 1024 1942 1071 plura
1957 1024 2029 1059 haec
2043 1025 2292 1069 intelligantur

1356 1075 1489 1124 gradus
1503 1075 1771 1124 perfeftionales
1783 1075 2129 1122 ejus-Veruntamen
2143 1075 2294 1122 loquen.

1356 1127 1404 1167 do
1417 1125 1460 1160 de
1476 1127 1601 1162 babitu
1621 1140 1681 1177 per
1699 1127 1731 1170 se
1758 1129 1792 1164 8(
1807 1127 1921 1173 primo
1952 1124 2161 1172 respiciente
2189 1125 2295 1172 obje-

1357 1177 1455 1214 &um
1473 1178 1508 1213 in
1524 1189 1600 1225 quo
1614 1180 1715 1226 plura
1728 1176 1860 1220 scibilia
1877 1176 2079 1210 virtualiter
2105 1178 2294 1213 continen-

1356 1238 1416 1265 tur
1431 1254 1440 1269 ,
1464 1228 1505 1262 ad
1518 1241 1557 1265 ea
1573 1229 1607 1264 in
1622 1227 1734 1276 specie
1747 1226 1994 1275 cognoscenda
2007 1227 2202 1262 formaliter
2217 1240 2289 1264 non

1356 1278 1503 1321 inclinat
1516 1306 1527 1322 ,
1554 1279 1612 1327 used
1629 1280 1831 1314 vtrtualitcr
1848 1288 1913 1324 pro
1928 1278 2065 1319 ratione
2087 1278 2291 1318 nimirum.-

1356 1330 1463 1377 primi
1475 1329 1611 1376 objeeti
1624 1329 1846 1366 habitus.Ad
1858 1328 2101 1372 cognitionem
2116 1339 2203 1374 ergo
2217 1328 2293 1364 fot-

1355 1380 1480 1424 malem
1496 1392 1619 1416 eorum
1636 1381 1869 1429 requiruntur
1887 1379 1944 1413 alii
1966 1375 2090 1419 aetus,
2119 1381 2182 1424 qui
2208 1379 2291 1415 sunt

1353 1431 1586 1481 peculiarium
1615 1430 1807 1467 habituum
1828 1429 2024 1475 generativi
2041 1454 2051 1469 ,
2077 1429 2142 1474 qui
2167 1440 2292 1465 omnes

1354 1483 1588 1517 determinant
1604 1482 1824 1517 intellefftum
1838 1480 1872 1514 ἃ
1899 1479 2068 1514 inclinant
2097 1478 2292 1516 formaliter

1355 1531 1398 1568 ad
1412 1542 1451 1565 ea
1465 1531 1599 1567 scibilia
1612 1531 1786 1566 noscenda
1800 1556 1811 1570 ,
1840 1528 1885 1562 ad
1900 1540 1978 1574 quae
2005 1540 2066 1574 per
2091 1527 2294 1566 habitum-2

1354 1579 1489 1626 objeeti
1504 1582 1608 1625 primi
1621 1591 1758 1615 tantum
1773 1580 1978 1614 virtualiter
1991 1577 2229 1621 inclinabatur
2245 1605 2255 1619 ,

1455 1629 1516 1666 Ad
1531 1631 1675 1665 tertium
1690 1630 1863 1670 dicimus,
1889 1628 2083 1663 multorum
2101 1629 2295 1666 habituum

1355 1679 1469 1727 specie
1480 1677 1721 1715 differentium
1738 1679 1805 1715 effe
1822 1678 1917 1726 posse
1931 1677 2078 1721 aliquod
2106 1678 2294 1726 objectum

1355 1742 1549 1766 commune
1563 1755 1572 1769 ‚
1600 1729 1686 1765 sicut
1698 1732 1742 1764 ab
1756 1727 1908 1774 objeflis
1922 1737 2046 1762 eorum
2063 1728 2217 1765 abstrahi
2230 1744 2296 1777 po-

1353 1780 1418 1816 test
1429 1777 1613 1823 objeaum
1628 1790 1821 1814 commune
1838 1805 1846 1814 .
1860 1779 1915 1813 Ac
1927 1776 1989 1811 tali
2004 1778 2108 1824 pafio
2121 1779 2155 1814 in
2182 1781 2295 1816 scien-

1353 1830 1414 1866 tiis
1425 1828 1614 1873 aslignatur
1629 1828 1812 1874 objectum
1827 1836 2016 1863 commune
2029 1854 2040 1870 ‚
2067 1841 2084 1862 a
2102 1841 2177 1873 quo
2191 1842 2293 1869 nom,

1353 1879 1402 1915 est
1420 1878 1563 1914 habitus
1577 1889 1670 1914 unus
1685 1878 1876 1916 secundum
1893 1876 2056 1925 speciem,
2073 1878 2131 1915 sed
2148 1891 2290 1921 tantum

1354 1928 1548 1973 secundum
1562 1940 1675 1974 genus
1692 1955 1701 1966 .

1450 1979 1511 2014 Ad
1541 1981 1694 2026 primum
1721 1981 1756 2015 in
1796 1977 1999 2026 oppositum
2041 1978 2291 2029 respondeturz

1354 2029 1532 2069 Sueceffio
1550 2031 1582 2064 in
1595 2031 1824 2076 generatione
1840 2031 1984 2064 babitus
2008 2039 2078 2065 non
2112 2032 2291 2076 contingit

1352 2091 1395 2116 ex
1409 2093 1451 2115 eo
1465 2079 1564 2126 quod
1580 2092 1655 2126 pars
1668 2079 1744 2126 ejus
1765 2091 1957 2125 generetur
1973 2078 2048 2125 post
2064 2092 2216 2128 partem,
2232 2082 2291 2120 sed

1355 2132 1468 2175 magis
1488 2131 1570 2177 quia
1586 2129 1784 2176 subjeetum
1811 2142 1880 2165 non
1909 2129 2024 2164 statim
2052 2132 2290 2179 consequitur

1350 2180 1619 2228 dispositionem
1636 2182 1799 2224 sirmam,
1831 2182 1862 2216 3<
1879 2180 2020 2216 difficile
2035 2182 2201 2217 mobilem
2223 2209 2232 2222 ‚
2251 2182 2287 2217 ἐξ

1351 2241 1395 2265 ex
1407 2242 1450 2266 eo
1464 2230 1563 2277 quod
1593 2233 1706 2279 primo
1721 2230 1924 2280 imperfcfle
1942 2230 2063 2279 incipit
2078 2231 2141 2278 ‘ff’
2155 2233 2188 2267 in
2206 2231 2294 2268 sub-

1544 2294 1565 2329 p
1590 2283 1714 2319 ulatim
1769 2280 1953 2330 perficitur
1978 2294 1986 2318 ε
2019 2282 2121 2321 Sicut
2147 2282 2290 2318 etiarn-2

1351 2332 1398 2367 est
1413 2331 1455 2366 de
1485 2331 1564 2367 aliis
1575 2334 1809 2379 qualitatibus
1835 2361 1848 2374 ,
1875 2331 2013 2367 Contra
2028 2358 2038 2374 ,
2057 2330 2157 2379 supra
2175 2343 2210 2379 q.
2228 2342 2289 2377 5¹¹.

1351 2391 1422 2417 art.
1442 2391 1474 2426 3.
1490 2381 1623 2418 dietum
1639 2383 1701 2425 est,
1715 2395 1758 2418 ex
1774 2385 1879 2419 unico
1892 2382 1974 2418 atqu
1991 2382 2134 2418 rationis
2151 2384 2291 2418 causari

1351 2430 1447 2480 posse
1465 2433 1500 2466 in
1520 2433 1702 2469 intellefiiu
1719 2433 1882 2471 habitum
1899 2430 2051 2469 scientiae
2066 2458 2077 2474 ‚
2101 2434 2206 2468 etiam
2225 2433 2290 2469 in...

1352 2482 1523 2518 sententia
1544 2484 1590 2517 ita
1608 2483 1920 2531 respondentium:
1948 2493 2034 2518 tunc
2048 2495 2135 2529 ergo
2147 2483 2290 2530 pollibi-

1353 2532 1609 2569 lisintelleftus
1623 2534 1736 2569 statim
1763 2531 1997 2580 consequitur
2023 2531 2290 2581 dispositionem

1351 2583 1488 2620 firmam
1502 2583 1535 2618 81
1552 2583 1692 2620 difficile
1708 2584 1872 2619 mobilem
1889 2608 1899 2617 .
1913 2582 1950 2616 bi
1963 2583 2071 2627 igitur
2086 2585 2113 2619 is
2142 2584 2290 2620 habitus

1352 2634 1402 2670 est
1420 2633 1502 2668 talis
1519 2658 1527 2673 ‚
1552 2645 1592 2669 ut
1610 2636 1705 2670 nulla
1718 2634 1900 2680 {ibiqueat
1928 2630 2004 2666 fieri
2035 2633 2173 2670 additio
2186 2661 2196 2677 ,
2225 2647 2289 2673 cur

1353 2696 1424 2721 non
1443 2684 1589 2718 inclinat
1606 2684 1649 2718 ad
1665 2684 1795 2719 scibilia
1811 2681 1986 2717 noscenda
2004 2709 2014 2724 ‚
2041 2696 2120 2730 quae
2150 2685 2289 2724 stante,

1353 2735 1506 2770 scienti-„e
1521 2736 1646 2770 babitu
1661 2735 1775 2770 adhuc
1789 2733 2019 2780 ignorantur?
2034 2735 2100 2772 Sed
2119 2748 2187 2771 non
2203 2737 2290 2774 libet·

1359 2796 1518 2833 repetere
1533 2784 1627 2821 dieta
1641 2811 1651 2827 ‚
1671 2798 1752 2821 cum
1767 2794 1994 2830 argueremus
2024 2798 2149 2821 contra
2182 2789 2289 2825 talem

1351 2837 1555 2883 opinionem
1582 2861 1591 2871 .
1619 2836 1821 2875 Secundam
1853 2833 1992 2869 causam
2005 2861 2016 2875 ‚
2032 2847 2113 2883 qua:
2127 2841 2290 2883 tangitur

1354 2885 1543 2933 rejecimus
1572 2884 1673 2934 supra
1684 2887 1800 2934 quaell.
1820 2895 1880 2930 52.
1895 2893 1965 2920 art.
1989 2896 2025 2922 t.-

1453 2936 1511 2974 Ad
1529 2936 1724 2973 secundum
1744 2935 1956 2984 respondent
1969 2934 2011 2970 fic
2041 2947 2052 2971 =
2080 2938 2156 2985 Qi
2171 2939 2204 2973 in
2226 2940 2288 2975 ali·

1353 3000 1424 3034 qua
1455 2986 1595 3022 scientia
1619 2989 1772 3032 acquirit
1816 2997 1878 3032 per
1919 2984 2103 3021 demonstr.
2119 2990 2290 3027 tionem..

1354 3039 1533 3075 scientiam
1551 3039 1657 3074 unius
1669 3037 1905 3074 conclusionis
1920 3061 1931 3077 ‚
1945 3034 2049 3070 habet
2065 3038 2209 3081 quidem
2225 3041 2291 3075 ha-

1353 3092 1471 3127 bitum
1486 3089 1541 3124 sed
1561 3089 1863 3137 imperfeftetcum
1880 3097 1966 3121 vero
1977 3090 2129 3134 acquirit
2147 3102 2206 3136 per
2225 3092 2290 3127 ali.

1355 3152 1462 3188 quam
1479 3140 1817 3176 demonstrationem
1845 3136 2025 3172 scientiam
2047 3140 2289 3176 conclusionis

1354 3191 1500 3226 alterius
1515 3217 1525 3231 ‚
1552 3202 1622 3225 non
1637 3201 1873 3235 aggeneratur
1889 3189 1921 3221 in
1939 3198 1981 3221 eo
2010 3188 2098 3222 alius
2127 3190 2288 3233 habitus,

1356 3241 1413 3277 sed
1430 3241 1573 3276 babitus
1586 3242 1650 3287 qui
1663 3241 1759 3287 prius
1773 3241 1882 3275 inerat
1901 3235 1937 3270 fit
1953 3238 2289 3286 perfeetionutpote

1355 3292 1396 3326 ad
1409 3293 1510 3337 plura
1525 3290 1555 3326 se
1569 3289 1600 3325 se
1613 3291 1807 3326 extenders
1822 3316 1833 3331 ‚
1853 3301 1895 3323 co
1913 3287 2010 3333 quod
2041 3291 2289 3327 conclusiones

1355 3345 1388 3379 8(
1401 3340 1718 3377 demonstrationes
1731 3341 1834 3375 unius
1848 3338 1998 3374 scientiae
2009 3339 2180 3376 orilinatae
2194 3341 2289 3383 sunt,

1355 3395 1388 3429 8(
1407 3404 1475 3428 una
1490 3391 1677 3428 derivatur
1690 3404 1731 3427 ex
1745 3390 1813 3425 alia
1842 3414 1850 3424 .
1879 3391 1980 3424 H-.nc
1999 3387 2293 3433 responsionem„

1354 3443 1554 3490 improbant
1577 3441 1719 3477 induSla
1743 3451 1947 3487 argumenta
1989 3449 2111 3475 contra
2143 3443 2290 3491 opinio-

1357 3506 1436 3531 nem
1454 3520 1465 3536 ,
1497 3504 1535 3531 ut
1549 3493 1636 3529 nihil
1657 3493 1693 3529 sit
1708 3493 1798 3529 ultra
1816 3488 2016 3526 addendum
2034 3513 2043 3525 .

2111 3849 2255 3899 QUAE-
