2628 4011
59 832 140 862 Alius
151 832 258 863 babitus

58 872 260 941 33‘222’3233‘:

62 957 108 978 ms
117 967 127 980 ι

782 143 944 188 :somus
960 140 1175 192 IILParc.
1191 144 1250 190 II.
1267 143 1458 216 Qaestio
1476 146 1796 196 LIV.Art.IV.

296 209 737 247 naturalesfimilitudines
751 207 910 244 similiter
936 209 1140 247 differentes
1166 214 1228 246 im.

295 263 456 305 primunt
472 262 667 306 potentum
689 270 777 298 ergo
789 258 914 293 ubiest
930 260 1051 295 eadem
1065 261 1228 299 causaest

82 337 88 345 .
131 339 136 344 .
188 335 194 342 .
292 313 387 351 idem
402 308 982 355 effeetus.‹Qpropter'videtur
999 311 1069 345 sine
1094 312 1231 349 ratione

23 375 25 380 ’
59 335 260 406 Ιὸιῖ-ιὶῗιῗιῗῃέιῗιῐέ
293 364 454 402 dietum,
474 359 588 407 quosd
616 372 647 394 m
670 360 814 394 habitus
842 370 980 396 tantum
1008 363 1228 407 generariex

22 416 25 437 ι’
60 416 210 483 glexhidgm
221 414 260 445 est
294 415 434 450 gaibus
446 410 697 452 uniformibus,
711 408 884 456 quosdam
900 422 986 446 vero
1001 423 1043 446 ex
1057 409 1230 451 differtui,

82 464 96 482 e
146 465 160 483 a
182 462 224 484 itu

61 493 180 524 morali.

295 469 364 504 bus
380 491 390 500 .
406 461 584 506 Alioquin
601 463 684 507 quis
699 461 829 506 poterit
844 463 982 508 opinari
999 472 1068 495 non
1082 460 1149 497 esse
1165 465 1229 501 nisi

293 528 400 554 unam
413 514 586 550 virtutem
601 512 785 552 moralem,
799 523 880 559 qui:
892 513 1010 559 genita
1024 511 1063 547 sit
1077 523 1121 547 ex
1135 526 1228 559 quo-

291 576 434 614 cunque
449 563 530 598 astu
548 563 730 598 moraliter
744 562 842 596 bono
857 588 865 602 ‚
894 562 928 597 &
945 563 1074 597 exinde
1086 568 1226 609 augeri,

288 630 361 655 non
375 614 482 651 rnodo
494 626 556 658 per
572 613 700 648 similes
714 612 815 647 aestus
832 637 844 654 ‚
875 611 930 647 sed
945 614 1050 648 etiam
1065 626 1125 660 per
1155 616 1224 650 dif-

286 669 419 704 formes
435 692 445 707 ‚
472 662 780 711 quemadmodum
796 664 982 710 opinantes
998 663 1152 702 asserunt
1179 666 1223 704 de

285 719 412 755 habitu
425 716 580 751 seientiae
594 741 603 750 .

385 768 540 806 Deinde,
555 765 692 800 Verum
711 764 925 810 inquantum
939 764 1086 802 evidens
1098 777 1223 803 mrum

285 817 333 855 est
345 817 492 854 causare
507 816 674 851 habitum
691 817 726 850 in
753 815 934 850 intelleeiu
963 818 1223 859 cognitivum-³

285 867 365 915 ejus
377 868 540 915 objesti3
567 868 629 901 alia
647 877 764 901 autem
781 865 830 900 est
844 867 935 900 ratio
947 866 1133 902 evidentiae
1161 880 1222 902 ve-

286 921 403 956 ritatis
419 922 453 954 in
470 919 647 964 principio
659 918 692 953 3<
708 916 956 951 conclusione:
975 917 1222 964 principium-³

285 972 377 1007 enim
390 970 439 1007 est
454 980 578 1007 verum
599 979 745 1014 propter
762 965 794 1002 se
810 979 853 1002 ex
866 967 1024 1002 terminis
1042 980 1052 1008 3
1073 968 1222 1003 cunclu-

285 1022 337 1057 sio
352 1033 439 1057 vero
454 1020 502 1056 est
516 1019 663 1055 evidens
674 1029 820 1066 propter
837 1016 933 1052 aliud
947 1043 958 1058 ‚
988 1029 1033 1053 ex
1051 1029 1126 1064 quo
1150 1017 1223 1063 ipsa

287 1071 439 1108 insertur
453 1070 636 1107 conclusio
651 1082 663 1110 ς
688 1079 776 1112 ergo
791 1069 902 1103 aliurn
916 1078 1024 1113 atque
1041 1070 1146 1103 alium
1161 1068 1224 1102 ha.

287 1123 404 1159 bitum
419 1119 704 1166 cognoscitivum
719 1118 909 1153 causantin
936 1118 1117 1155 intellec-'itu
1148 1118 1225 1154 haec

286 1173 363 1209 duo
389 1161 538 1209 alterius
561 1172 592 1206 8<
612 1171 756 1205 alterius
772 1168 920 1204 rationis
936 1167 1081 1213 objefta
1101 1195 1109 1204 .
1128 1169 1226 1206 Rur-

287 1223 346 1260 sus
363 1252 371 1265 ‚
397 1235 479 1258 cum
497 1222 680 1258 intelle5iu
691 1221 950 1267 principiorum
965 1220 1225 1265 aliquorum,&

288 1275 436 1310 scientia
453 1273 652 1320 aliquarum
668 1271 935 1306 conclusionum
954 1271 987 1304 in
1013 1271 1224 1307 Geometria

289 1324 357 1361 stat
373 1324 576 1370 ignorantia
589 1319 745 1366 alicujus
760 1320 999 1356 conclusionis
1029 1320 1225 1365 eiusdem..

290 1376 471 1414 scientiam
497 1386 568 1410 non
581 1384 722 1407 tantum
738 1371 940 1414 ignorantia
953 1374 1154 1417 negationis
1167 1371 1223 1407 sed

289 1427 398 1463 etiam
413 1423 649 1471 dispositionis
662 1434 722 1470 per
739 1421 990 1469 falsigraphum
1017 1432 1224 1468 generata->2

289 1475 498 1516 imposiibile
511 1474 560 1511 est
575 1486 692 1509 autern
710 1472 871 1517 respe&u
895 1471 1050 1517 ejusdem
1068 1476 1225 1521 comple-

291 1529 328 1563 xi
344 1526 445 1561 simul
457 1527 491 1560 in
509 1525 631 1560 eodem
647 1523 830 1559 inteliefitu
848 1522 935 1558 stare
949 1523 1093 1559 habitus
1109 1536 1225 1571 oppo-

292 1577 378 1612 sitos
398 1588 409 1615 3
439 1587 524 1619 ergo
539 1572 702 1621 respeGm
718 1571 956 1608 conclusionis
969 1575 1138 1618 ignoratae
1153 1587 1225 1612 non

294 1626 447 1662 hebetur
463 1625 608 1659 habitus
624 1625 685 1670 qui
704 1621 741 1656 lit
757 1621 898 1658 scientia
911 1622 989 1669 ejus
1003 1649 1013 1660 .

394 1674 665 1713 Confirmatur,
693 1671 790 1707 Cum
821 1672 1016 1710 addiscitur
1043 1676 1225 1713 conclusio

293 1730 456 1772 ignorata
471 1751 482 1766 ,
501 1724 646 1759 habitus
664 1723 880 1767 praec-edenti
893 1725 1077 1770 oppositus
1090 1728 1227 1763 induci·

294 1788 354 1814 tur
372 1788 382 1816 ;
408 1787 492 1821 ergo
503 1774 642 1809 habitui
659 1771 827 1809 scientiali
841 1771 914 1816 jam
932 1776 1167 1819 praeexistenti
1185 1777 1226 1814 fit

292 1826 429 1864 additio
457 1826 604 1861 alterius
627 1823 774 1859 habitus
800 1821 962 1868 respefiu
990 1823 1225 1864 conclusionis

290 1877 392 1927 prius
404 1876 558 1920 opinatae
574 1876 606 1912 81
622 1885 849 1922 nequaquam
866 1872 972 1910 scitae.
986 1874 1228 1916 Rursus,con..

293 1927 461 1964 traditstio
482 1926 631 1962 omnino
656 1924 827 1967 videtur,
860 1937 969 1961 unum
999 1931 1226 1974 eundemque

291 1978 456 2014 habitum
474 1975 538 2013 esse
551 1974 712 2023 respefhi
729 1974 865 2022 objefli
882 1976 1043 2023 disignati
1060 2004 1070 2019 ‚
1085 1989 1124 2013 ut
1141 1989 1228 2013 con-

290 2029 460 2064 clusionis
475 2029 646 2072 ignoratae
659 2051 672 2069 ‚
701 2028 735 2063 8<
751 2038 870 2062 tamen
887 2027 1083 2073 potentiam
1100 2027 1228 2066 habitu

288 2080 472 2129 praeditam
486 2079 622 2114 nullum
640 2077 785 2125 prorsus
799 2077 929 2114 habere
956 2078 1049 2125 posse
1075 2079 1229 2116 aestum-2

287 2143 334 2166 ne
362 2128 597 2175 imperfeffisii
607 2139 701 2164 mum
733 2129 879 2176 quidem
907 2130 1000 2165 circa
1029 2131 1100 2166 tale
1124 2128 1229 2176 obje-

286 2180 383 2216 etum
397 2206 406 2215 .
425 2179 481 2216 Est
498 2190 615 2215 autem
631 2178 780 2216 evidens
803 2178 961 2226 respeeiu
989 2180 1228 2218 conclusionis

286 2233 460 2276 ignoratae
478 2229 697 2266 intellefiium
725 2229 765 2264 de
796 2230 1052 2272 praeexistentis
1081 2233 1228 2270 habitus

286 2283 423 2318 virtute
436 2281 470 2317 in
485 2282 621 2316 nullum
641 2280 741 2316 exire
755 2279 976 2318 noffeaehim
995 2281 1139 2323 sciendi,
1154 2283 1228 2319 imo

287 2342 352 2368 nec
363 2331 534 2375 opinandi
553 2359 561 2372 ,
586 2343 668 2366 cum
682 2329 829 2367 firmiter
844 2335 892 2366 ob
907 2344 1138 2379 apparentem
1166 2334 1228 2370 de-

285 2382 493 2418 dufflonem
506 2393 624 2419 teneat
635 2383 946 2429 oppositum3ergo
959 2382 1104 2419 habitus
1118 2382 1229 2420 scien-

286 2433 343 2468 tiae
360 2433 585 2479 praeexistens
614 2434 710 2468 nulla
731 2433 867 2469 ratione
895 2432 962 2470 esse
989 2433 1100 2481 potest
1134 2434 1226 2471 idem

286 2496 438 2520 numero
456 2496 537 2520 cum
555 2484 680 2519 habitu
698 2494 813 2534 nuper
828 2485 1003 2532 acquisito
1027 2485 1226 2521 conclusio-

287 2535 344 2571 nis
357 2536 442 2571 olim
461 2537 632 2582 ignorata:
649 2561 659 2570 .

388 2587 582 2631 Amplius,
613 2597 659 2621 ex
684 2584 809 2621 habitu
840 2584 978 2621 intenso
1002 2587 1086 2634 quis
1111 2585 1225 2635 perfe-

287 2634 380 2671 aius
413 2636 556 2671 tendere
584 2633 698 2681 potest
724 2637 815 2671 cii-ca
845 2637 1092 2684 quodcunque
1122 2639 1228 2683 obje-

286 2686 385 2721 &um
399 2709 410 2727 ‚
441 2685 548 2731 cujus
565 2685 613 2720 est
630 2713 639 2727 ,
652 2696 760 2731 quam
777 2697 821 2720 ex
840 2685 978 2721 remifl‘o
998 2700 1008 2719 ι
1027 2699 1111 2733 ergo
1128 2688 1150 2723 si
1166 2687 1227 2722 ad-

289 2735 460 2772 discendo
474 2746 586 2770 novas
598 2735 1058 2772 conclusionesimeuditur
1081 2738 1227 2774 habitus

289 2788 388 2834 prior
406 2815 413 2825 ,
428 2788 558 2833 poterit
571 2787 696 2822 habitu
713 2785 881 2831 praeditus
897 2787 1090 2835 perfefflius
1104 2786 1227 2835 specu-

289 2838 354 2874 lari
366 2837 557 2884 quodlibet
576 2865 584 2878 ,
612 2836 769 2884 respefiu
785 2836 892 2883 cujus
907 2841 1051 2883 ponitur
1064 2839 1228 2882 habitus,

292 2899 334 2923 ac
352 2889 412 2923 sibi
431 2889 574 2924 licuerit
593 2888 691 2933 prius
718 2914 727 2922 .
761 2889 841 2923 Hoc
859 2899 977 2924 autem
1009 2887 1075 2925 esse
1093 2891 1227 2937 plant,

290 2938 417 2975 falsum
431 2965 441 2980 ,
471 2938 696 2975 declaratur:
714 2941 806 2975 Nam
824 2939 979 2985 possibile
992 2939 1068 2983 est,
1086 2953 1123 2976 ut
1140 2941 1226 2977 dum

289 2990 373 3038 quis
389 2989 538 3025 attendit
554 3000 656 3026 novis
676 2987 897 3024 addiscendis
924 2990 1227 3033 conclusionibus,

289 3039 362 3087 jam
379 3039 544 3074 scitatum
561 3067 570 3081 ‚
589 3042 642 3075 vel
659 3036 865 3084 alicujuset
887 3041 936 3076 eis
955 3067 965 3083 ‚
981 3042 1226 3085 obliviscatur,

289 3101 351 3126 aut
369 3100 465 3126 certe
480 3092 596 3125 minus
610 3089 763 3135 perfe&e
779 3088 863 3124 sciat
879 3117 889 3133 ,
921 3102 960 3126 ac
977 3103 1082 3126 antea
1096 3120 1104 3133 ,
1116 3104 1225 3138 quarn

289 3140 448 3188 primum
466 3140 568 3176 scitas
583 3141 829 3175 conclusiones
843 3141 1090 3177 considerasset
1105 3168 1113 3176 .
1144 3146 1226 3179 Hoc

290 3189 363 3238 ipsa
382 3191 598 3236 experientia
615 3191 720 3225 docet
748 3204 757 3226 t
789 3194 883 3227 Nam
901 3190 1084 3228 addiscens
1102 3191 1227 3228 sccun-

290 3241 377 3276 dum
391 3242 522 3277 librum
536 3241 750 3276 Geometriae
763 3268 772 3282 ‚
799 3241 944 3288 negligit
959 3243 1098 3279 interim
1113 3242 1226 3278 consi-

287 3291 411 3327 derare
428 3292 528 3338 primi
542 3291 876 3327 libriconclusioties
890 3315 899 3330 ,
924 3291 1045 3327 saltem
1071 3294 1225 3341 aliquas,

291 3353 446 3390 quarum
460 3353 528 3376 non
544 3340 592 3376 est
606 3353 693 3376 tunc
708 3341 990 3389 usus.Ntmquid
1003 3344 1062 3378 tali
1078 3345 1110 3379 in
1128 3344 1224 3387 casu,

291 3404 373 3429 cum
387 3391 471 3438 quis
485 3391 694 3427 addidicetit
714 3391 908 3427 secundum
925 3418 935 3433 ,
960 3392 1149 3435 perfeetius
1163 3407 1227 3441 po·

290 3443 376 3479 terit
391 3440 562 3486 speculari
585 3443 784 3488 quamlibet
814 3441 1076 3479 conclusionem
1105 3446 1224 3492 primi,

289 3504 400 3540 quam
415 3494 514 3538 ptius
530 3516 542 3534 ‚
571 3491 719 3540 quando
732 3492 900 3537 ignorans
915 3491 1106 3529 secundum
1122 3521 1131 3536 ,
1159 3494 1228 3529 fre-

289 3551 445 3589 quenter
458 3542 700 3577 conclusiones
727 3541 830 3587 primi
846 3542 926 3578 libri
953 3541 1227 3587 speculabitur?

393 3591 640 3627 Confirmatur
668 3605 676 3627 :
710 3591 896 3637 Siquidem
911 3593 1013 3628 aliter
1039 3595 1226 3639 opinantes

291 3639 449 3677 asserunt
463 3669 475 3688 ‚
503 3642 683 3690 duplicem
700 3642 768 3677 esse
784 3642 928 3677 modum
942 3644 1095 3687 augendi
1128 3644 1227 3680 h.2bi-

291 3701 393 3734 tum,
413 3704 539 3737 ntmpe
553 3704 612 3738 per
626 3692 725 3727 aftus
743 3693 868 3728 similes
894 3693 926 3727 St
944 3705 1005 3740 per
1030 3692 1226 3731 difformes.

293 3742 392 3778 Cum
410 3754 472 3787 per
494 3742 618 3778 similes
643 3741 792 3783 crescit,
817 3741 943 3787 ajunt,
974 3743 1008 3777 id
1037 3743 1229 3790 perfeftius

302 3791 381 3827 sciri
409 3793 515 3837 cujus
541 3792 824 3833 fontini-afim,
851 3803 960 3838 quam
988 3793 1082 3828 aliud
1100 3820 1112 3837 ‚
1134 3796 1227 3831 circa

409 3843 507 3879 Tum.
523 3841 591 3879 Ill.

2083 170 2102 202 1
2115 165 2170 203 61

1311 213 1410 257 quod
1424 224 1477 248 tot
1495 213 1595 248 aftus
1609 226 1680 249 non
1693 217 1905 261 eliciuntur3
1919 231 2004 266 ergo
2016 221 2162 259 habitus
2175 225 2245 260 res-

1309 263 1443 309 piciens
1457 263 1661 309 srequenter
1674 265 1743 305 hoc
1757 265 1979 313 speculatum
1993 297 2002 312 ,
2030 285 2185 317 augetur
2205 275 2245 310 si-

1310 324 1355 347 ne
1367 325 1560 360 augmento
1578 314 1720 350 habitus
1735 316 1952 362 respicientis
1967 321 2058 356 illud
2072 336 2148 358 raro
2164 322 2242 367 spe·

1308 364 1467 399 cularum
1484 390 1493 405 ,
1519 366 1618 410 quod
1631 365 1923 414 estimposiibile‚
1951 373 2115 415 ponendo
2142 374 2239 411 hunc

1309 413 1473 450 habitum
1491 414 1558 450 esse
1575 426 1679 453 unam
1695 417 1918 464 eandemque
1933 420 2120 468 simplicem
2151 437 2241 473 qua-

1307 463 1443 500 litatem
1459 490 1468 499 .

1407 516 1617 559 Postremo,
1647 517 1685 553 ln
1713 529 1934 566 quacunque
1959 522 2132 566 qualitate
2161 524 2241 561 sunt

1302 564 1433 608 gradus
1444 565 1649 604 differentes
1664 567 1858 604 secundum
1874 572 1984 615 magis
1995 572 2029 606 &
2045 574 2242 616 minus,ha-

1304 615 1428 650 benres
1443 619 1570 663 utique
1586 619 1746 654 ordinem
1764 619 1978 656 essentialem
1991 620 2035 656 fic
2052 648 2063 663 ,
2088 635 2124 657 ut
2146 638 2237 661 unus

1303 666 1463 701 includat
1490 670 1640 704 alterum
1663 669 1868 706 virtualiter
1903 673 2017 719 usque
2053 673 2095 706 ad
2118 673 2240 721 supre-

1305 728 1426 759 mum,
1450 729 1490 752 ut
1506 730 1602 762 patet
1631 719 1666 754 in
1692 720 1881 761 albedine3
1907 723 1940 758 8<
1971 722 2132 768 alioquin
2155 725 2240 762 nihil

1303 777 1415 802 unum
1431 768 1648 805 conflaretur
1664 782 1708 805 ex
1721 773 1889 807 omnibus
1905 773 1972 809 illis
1984 798 1993 808 .
2008 773 2079 808 Sed
2093 775 2127 809 in
2140 776 2243 811 habi-

1305 827 1345 851 tu
1362 816 1516 854 scientiae
1529 818 1633 865 juxta
1646 819 1739 855 hanc
1751 822 1959 868 positionem
1977 850 1988 865 ‚
2008 835 2076 858 non
2095 825 2144 861 est
2159 826 2241 863 dare

1305 867 1393 902 tales
1411 869 1543 913 gradus
1554 870 1735 907 ordinatos
1752 872 1910 918 respeftu
1923 872 2147 911 diversorum
2176 875 2243 912 sci-

1307 917 1462 958 bilium;
1491 932 1577 964 ergo
1602 933 1682 968 quae
1704 922 1842 957 diversa
1880 923 2074 971 respiciunt
2109 926 2243 964 scibilia

1305 967 1372 1003 esse
1385 981 1455 1004 non
1471 969 1611 1014 possunt
1628 970 1784 1017 ejusdem
1805 972 1950 1010 habitus
1962 974 2096 1020 gradus
2124 991 2132 1013 :
2163 977 2245 1015 Sint

1302 1030 1390 1063 ergo
1406 1030 1549 1065 oportet
1567 1021 1712 1059 habitus
1725 1021 2117 1062 differentes.Pi-obatio
2132 1028 2247 1064 mino-

1305 1068 1612 1117 ris:Complures
1629 1072 1710 1109 sunt
1736 1074 1983 1111 conclusiones
2007 1077 2244 1123 Geomerriae,

1303 1130 1459 1166 quarum
1487 1123 1655 1159 utralibet
1683 1123 1797 1171 potest
1827 1124 2070 1163 indiff-renrer
2113 1128 2247 1167 addisci

1302 1179 1384 1204 ante
1416 1172 1517 1208 aliam
1537 1185 1546 1211 ;
1576 1185 1662 1218 ergo
1685 1173 1818 1221 gradus
1848 1174 2073 1222 respicientes
2104 1191 2244 1217 unam„

1306 1221 1448 1256 illarum
1462 1233 1531 1257 non
1547 1222 1654 1260 habet
1673 1236 1732 1271 per
1750 1223 1781 1260 se
1796 1225 1959 1262 ordinem
1976 1226 2017 1261 ad
2036 1228 2133 1265 illum
2149 1255 2159 1270 ,
2179 1232 2246 1277 qui

1307 1270 1448 1316 respicit
1463 1273 1566 1308 aliam
1597 1300 1605 1309 .
1636 1274 1852 1322 Respondeo
1880 1289 1891 1313 ς
1920 1278 2053 1322 gradus
2070 1281 2104 1313 in
2118 1278 2246 1316 habitu

1306 1321 1329 1356 h
1343 1323 1439 1356 ibent
1451 1323 1613 1360 ordinem
1628 1352 1638 1367 ‚
1665 1324 1739 1361 esto
1751 1337 1819 1361 non
1839 1326 1877 1361 sit
1893 1327 1983 1362 ordo
1999 1327 2244 1375 objeEtorum.

1304 1373 1445 1408 Contra
1471 1385 1481 1408 :
1509 1376 1639 1411 Omnis
1663 1376 1794 1421 gradus
1817 1377 1963 1414 habitus
1977 1378 2116 1426 respicit
2128 1381 2247 1425 quod·

1306 1423 1392 1459 libet
1406 1424 1694 1462 contentums'ub
1707 1428 1822 1472 primo
1847 1426 2012 1475 subjeeto
2037 1429 2117 1476 ejus
2144 1431 2247 1467 habi-

1307 1484 1366 1509 tus
1381 1498 1393 1515 ,
1420 1475 1503 1510 licet
1521 1488 1580 1519 per
1597 1476 1717 1513 aftum
1734 1479 1849 1522 magis
1867 1480 1899 1514 8<
1917 1481 2034 1515 minus
2052 1480 2245 1519 intensum:

1310 1525 1348 1560 ln
1362 1523 1441 1560 casu
1457 1526 1669 1574 quicunque
1684 1527 1817 1574 gradus
1838 1529 1980 1575 praecise
2005 1542 2075 1566 non
2105 1529 2248 1580 respicit

1306 1575 1554 1622 quodcunque
1571 1577 1756 1624 objeetum
1771 1578 1965 1616 secundum
1983 1579 2103 1617 aftum
2120 1595 2248 1631 quem-

1307 1637 1454 1674 cunque
1471 1651 1482 1662 ο

1406 1678 1445 1713 Si
1458 1677 1599 1716 dicatur
1612 1679 1677 1716 sict
1695 1679 1844 1717 Gradus
1859 1680 2002 1718 infimus
2015 1693 2085 1717 non
2100 1681 2246 1730 respicit

1306 1727 1461 1773 quodlib
1482 1739 1496 1763 t
1509 1727 1573 1764 sub
1589 1734 1704 1777 primo
1718 1729 1864 1776 objeao
1881 1759 1892 1774 ‚
1921 1731 1978 1768 sed
1997 1733 2084 1768 illud
2101 1744 2246 1770 tanturn

1306 1778 1401 1813 circa
1414 1779 1512 1824 quod
1525 1778 1591 1814 esse
1606 1779 1720 1826 potest
1748 1779 2043 1826 imperfefiFsiima
2065 1784 2246 1829 operatio.

1309 1828 1523 1862 Exemplum
1536 1828 1579 1863 de
1595 1830 1745 1865 minimo
1756 1831 1872 1866 calore
1887 1830 2046 1877 respeftu
2065 1833 2172 1881 stupae
2185 1861 2194 1869 .

1407 1876 1546 1912 Contra
1567 1891 1578 1919 ;
1599 1879 1732 1915 Saltem
1773 1890 2099 1928 quantumcunque
2142 1884 2249 1919 detur

1308 1928 1492 1963 minimum
1508 1927 1628 1964 scibile
1645 1956 1655 1971 ,
1684 1930 1719 1964 in
1735 1930 1823 1966 illud
1842 1931 1956 1978 potest
1972 1935 2090 1969 omnis
2114 1933 2249 1979 gradus

1308 1978 1472 2023 superior
1501 2005 1513 2021 ,
1558 1978 1614 2015 sed
1646 1991 1717 2015 non
1741 1994 1760 2018 e
1782 1982 1958 2018 converso
1989 2009 1998 2019 .
2029 1984 2112 2020 Hoc
2139 1984 2248 2019 etiam

1308 2039 1523 2074 argumento
1553 2031 1729 2077 probatur
1774 2033 1905 2068 multas
1935 2032 2002 2070 esse
2028 2034 2250 2080 prudentias:

1308 2092 1388 2116 narn
1400 2081 1581 2126 contingit
1593 2081 1723 2117 habere
1736 2085 1907 2119 rationem
1925 2084 2053 2120 restam
2068 2085 2160 2121 circa
2175 2097 2250 2120 ma·

1307 2133 1433 2167 teriam
1448 2134 1690 2178 temperantiae
1703 2159 1713 2174 ‚
1729 2134 1760 2169 8<
1776 2144 1844 2168 non
1860 2135 1954 2170 circa
1977 2137 2160 2171 materiam
2178 2135 2251 2171 for-

1308 2181 1475 2218 titudinis
1492 2207 1504 2223 ‚
1532 2183 1562 2219 St
1576 2195 1595 2218 e
1608 2183 1782 2219 converso
1798 2209 1806 2218 .
1821 2184 1889 2220 Sed
1902 2184 1943 2220 de
1960 2186 2015 2222 his
2030 2185 2131 2233 infra
2149 2213 2157 2221 .

1404 2231 1605 2279 Hucusque
1634 2232 1800 2270 indueras
1826 2236 1984 2273 rationes
2027 2238 2108 2273 licet
2136 2235 2250 2286 posset

1306 2283 1390 2328 quis
1404 2283 1548 2319 eludere
1562 2283 1817 2330 distinguendo
1831 2285 1873 2322 de
1890 2285 2019 2322 habitu
2034 2314 2044 2329 ‚
2077 2300 2114 2323 ut
2145 2287 2194 2324 est
2213 2290 2247 2324 in

1305 2332 1367 2366 tali
1388 2334 1420 2367 8<
1435 2334 1495 2368 tali
1511 2334 1626 2380 gradu
1641 2361 1651 2376 ,
1684 2337 1713 2371 &
1731 2335 1987 2373 considerando
2003 2339 2037 2373 in
2060 2341 2119 2375 tali
2134 2338 2247 2385 gradu

1308 2393 1384 2418 non
1396 2381 1462 2418 esse
1474 2384 1618 2421 habitus
1631 2386 1714 2421 talis
1726 2386 1880 2432 objeai,
1898 2387 1954 2423 sed
1968 2384 2053 2424 utin
2068 2391 2248 2436 alio;quas

1310 2433 1492 2470 evasioues
1507 2435 1721 2483 perscrutari
1754 2438 1940 2475 brevitatis
1951 2441 2065 2485 gratia
2096 2446 2245 2480 omitto;

2298 505 2408 535 Gradus
2427 506 2478 535 lia-

2280 542 2354 572 bitiis
2367 555 2422 573 non
2435 546 2479 573 stit

2280 582 2353 609 inter
2366 583 2391 611 se
2405 583 2479 611 ordi.

2279 621 2336 648 nati
2362 623 2386 649 in
2408 631 2478 650 con·

2280 660 2362 688 traria
2376 660 2479 699 pofitio

2279 705 2314 725 sse
2326 715 2337 726 ι

2322 2295 2485 2326 Eastamen
2514 2327 2518 2329 ,

2285 2336 2426 2362 evafione<
2440 2345 2486 2363 ac.

2283 2380 2379 2401 curare
2400 2373 2485 2402 refel-

2284 2409 2318 2438 lit
2353 2411 2483 2442 Mestrius

2283 2449 2406 2478 Scorista
2439 2451 2485 2480 di-

1311 2495 1382 2520 non
1401 2485 1541 2522 videtur
1561 2497 1680 2522 tamen
1697 2487 1882 2533 quomodo
1902 2488 1944 2523 ad
1958 2490 2096 2537 aliquas
2128 2490 2245 2526 saltem
2275 2485 2409 2532 [ΡΨ-32·
2423 2499 2484 2518 ¹’⁷-³

1310 2536 1449 2571 illarum
1465 2537 1724 2572 rationabiliter
1739 2537 1941 2585 responderi
1952 2552 2062 2586 queat
2081 2567 2088 2576 .
2108 2543 2244 2577 Etenim

1309 2596 1494 2632 oporteret
1523 2586 1787 2633 respondentem
1813 2600 1943 2635 negare
1989 2592 2249 2637 propositiones

1312 2636 1531 2672 universales
1557 2639 1651 2673 circa
1692 2640 1874 2674 materiam
1904 2640 1947 2676 de
1973 2642 2160 2678 habitibus
2202 2643 2248 2678 ab

1309 2690 1478 2723 omnibus
1492 2688 1677 2730 admissas,
1702 2690 1874 2736 ultroque
1902 2691 2082 2728 concessas
2108 2695 2142 2729 in
2169 2693 2247 2728 aliis

1307 2738 1521 2779 habitibus3
1547 2750 1638 2786 quas
1657 2737 1735 2776 sane
1749 2739 1916 2785 negando
1932 2768 1942 2783 ‚
1971 2755 2036 2778 nec
2063 2743 2247 2780 instantias

1309 2789 1343 2824 in
1361 2789 1517 2824 medium
1546 2790 1762 2836 proferendo
1778 2817 1790 2833 ,
1821 2790 1883 2827 nisi
1899 2791 1932 2827 in
1946 2792 2027 2828 casu
2042 2817 2055 2836 ‚
2079 2795 2180 2840 plane
2196 2793 2247 2830 est

1307 2839 1602 2876 irrationabiliter
1614 2841 1817 2888 protervire
1832 2868 1844 2884 ,
1866 2854 1911 2877 ex
1938 2843 1971 2880 8.
1994 2843 2147 2892 Topicor.
2167 2846 2248 2881 Ali·

1309 2902 1363 2926 ter
1379 2893 1471 2926 enim
1488 2891 1667 2927 videretur
1678 2890 1773 2939 posse
1792 2894 1910 2940 negari
1926 2896 2014 2930 tales
2029 2897 2247 2933 universales

1307 2942 1343 2976 in
1361 2941 1437 2976 aliis
1466 2941 1676 2984 habitibus,
1705 2953 1767 2977 nec
1796 2941 2009 2991 superessent
2042 2947 2247 2994 principia„

1308 2992 1379 3026 ulla
1392 2991 1566 3038 probandi
1584 2991 1848 3028 distinftionem
1862 3007 2168 3044 quorumcunque
2184 2998 2248 3033 lia·

1307 3043 1450 3077 bituum
1466 3068 1476 3084 ‚
1505 3053 1545 3077 ut
1559 3044 1694 3079 taftum
1709 3044 1777 3079 fuit
1791 3045 1828 3081 in
1841 3045 2112 3083 confirmatione
2127 3050 2247 3096 primae

1310 3104 1460 3128 rationis
1474 3117 1483 3126 .

1406 3142 1518 3190 «Qud
1532 3143 1727 3179 adducitur
1757 3157 1819 3190 pro
1846 3145 2121 3183 confirmatione
2151 3149 2246 3185 illius

1305 3193 1510 3237 opinionis,
1551 3195 1766 3241 principium
1799 3198 1912 3241 magis
1941 3196 2109 3241 cognosci
2136 3211 2244 3246 quam

1305 3243 1488 3278 conclusio
1504 3255 1547 3279 ex
1565 3256 1608 3280 eo
1623 3243 1816 3280 deducitur
1832 3272 1840 3281 .
1864 3246 1899 3281 ld
1918 3246 1939 3281 si
1956 3259 2079 3282 verum
2099 3249 2146 3284 est
2174 3263 2244 3285 non

1304 3293 1512 3335 concludit,
1536 3294 1775 3330 conclusionis
1792 3295 1955 3331 habitum
1972 3309 2041 3333 non
2055 3297 2121 3334 esse
2134 3301 2244 3335 alium

1306 3345 1352 3379 ab
1369 3345 1429 3378 illo
1455 3355 1464 3377 t
1494 3357 1575 3379 narn
1595 3345 1673 3380 licet
1691 3345 1727 3379 sit
1757 3347 1847 3382 alius
1879 3346 2025 3383 habitus
2042 3374 2052 3389 ‚
2078 3361 2115 3384 iit
2141 3350 2244 3385 docet

1307 3392 1521 3430 Aristoteles
1549 3395 1584 3431 6.
1598 3395 1710 3432 Ecbic.
1727 3406 1802 3440 cap.
1838 3407 1869 3442 3.
1885 3407 2045 3434 attamen
2080 3402 2245 3446 principii

1306 3443 1452 3480 habitus
1465 3446 1664 3481 intenditur
1678 3457 1823 3493 propter
1840 3446 2120 3493 speculationem
2148 3452 2242 3492 prin-

1307 3494 1392 3541 cipii
1408 3496 1442 3529 in
1459 3494 1606 3542 se‚qua⁵.
1620 3496 1708 3531 forte
1722 3507 1808 3532 tunc
1823 3498 1872 3534 est
1888 3499 2055 3535 intensior
2067 3513 2179 3546 quum
2194 3513 2240 3535 ex

1307 3545 1369 3579 illo
1385 3547 1566 3581 conclusio
1583 3545 1771 3581 deducitur
1784 3573 1794 3589 ,
1814 3558 1922 3594 quam
1940 3549 2088 3596 quando
2111 3551 2145 3584 in
2179 3550 2242 3587 se..

1306 3593 1551 3632 consideratur
1569 3596 1636 3631 sine
1651 3597 1776 3632 ordine
1794 3599 1835 3633 ad
1858 3601 2104 3647 quodcunque
2133 3600 2242 3637 aliud.

1414 3645 1482 3680 Pro
1497 3646 1632 3693 quaesiti
1648 3645 1821 3684 solutione
1834 3651 1906 3685 esto
1924 3652 2079 3697 primurn
2093 3650 2242 3687 dietum:

1309 3695 1508 3740 Loquendo
1523 3697 1564 3732 de
1581 3695 1707 3732 habitu
1720 3724 1731 3740 ,
1759 3711 1937 3745 quatenus
1948 3701 1996 3736 est
2025 3702 2179 3747 qualitas
2193 3705 2244 3737 in-

1308 3745 1465 3781 telleetui
1480 3746 1590 3783 indita
1608 3759 1643 3783 e»
1667 3747 1848 3794 frequenti
1863 3750 2146 3788 consideratione
2160 3781 2170 3795 ,
2192 3753 2244 3787 iel

1311 3798 1418 3832 unica
1443 3795 1598 3847 perse-’fta
1617 3797 1810 3836 formaiitct
1835 3802 2244 3838 inclinansintcllefium

1514 3849 1553 3884 lX
2084 3851 2195 3901 respe-

2283 2528 2391 2564 Logica
2414 2538 2441 2565 q.
2454 2536 2482 2557 ι,

2281 2573 2341 2595 θη.
2354 2574 2382 2594 2..
