2592 4011
877 129 1034 178 Tamus
1065 133 1145 183 III.
1176 135 1367 183 Secunda
1383 138 1624 188 Secunde:

264 192 361 236 Mag.
375 193 444 228 loe.
458 196 519 230 eit.
535 206 612 241 cap.
625 194 908 244 Mzaecfaperesl
917 201 1060 241 videre3
1078 215 1201 238 exem-

261 242 320 287 plo
335 242 491 281 D1vidis
504 271 515 287 ‚
536 244 813 292 sanatorumque
825 249 925 284 dinis
939 277 949 291 ,
972 251 1091 293 docet,
1107 251 1199 297 ejus,

259 293 357 328 modi
376 293 573 339 juramenta
590 307 660 329 non
674 294 739 331 effe
753 297 920 334 servanda
936 313 947 340 ;
965 298 1201 348 &quificjtſs

260 351 319 377 rat
337 371 346 385 ,
377 345 495 390 inquit
512 371 522 386 ‚
552 345 779 382 vehementer
800 358 921 397 peccat
942 363 954 389 ;
981 362 1058 387 cum
1081 361 1200 388 autem

259 403 377 429 mutat
392 421 403 437 ,
433 393 622 440 benefacit
636 421 645 430 .
669 396 748 446 Q&
757 409 875 435 autem
891 411 955 435 non
977 411 1094 437 mutat
1112 428 1122 442 ,
1133 402 1201 438 dn·

257 443 405 491 plima·
410 455 531 494 peccat
547 458 559 486 ;
575 447 619 488 ά·
633 452 718 494 qma
730 449 868 498 insul-'le
874 449 1021 497 juravit
1035 479 1048 496 ‚
1061 453 1104 491 Φ·
1116 455 1201 500 quia

253 494 350 542 facit
363 498 451 543 quod
464 509 529 533 non
541 496 644 533 debet
653 525 664 535 .

369 547 425 583 Ad
438 546 629 583 secundum
647 552 834 600 respondet
850 554 950 600 Mag.
977 556 1064 591 Non
1085 554 1202 589 omnis

264 595 435 645 quijurat
447 599 545 645 quod
565 598 686 638 falsum
700 603 765 647 est,
777 614 821 639 ex
837 615 912 650 quo
924 603 1021 649 jurat
1033 602 1203 650 perjurus

264 646 313 685 est
327 672 337 685 .
359 646 538 692 ficutiste,
558 649 689 697 dequo
706 656 846 700 agitur:
875 654 947 690 Sed
963 665 1009 689 ex
1034 664 1108 700 quo
1119 666 1204 702 pro-

262 695 413 746 poiitum
440 711 554 738 mutat
582 727 590 741 ‚
616 704 674 738 vel
697 706 892 741 terminum
916 703 1203 752 transgreditur,

262 750 414 785 mutatio
426 752 504 787 talis
520 752 560 787 fit
575 752 774 800 perjurium
789 764 888 790 reatu
903 778 911 787 .
937 754 989 788 lta
1011 756 1069 789 ille
1083 778 1094 788 .

364 800 422 836 Ad
434 803 582 838 tertium
600 804 834 850 respondetur
848 803 980 839 ibidem
994 831 1006 846 ‚
1027 802 1203 849 itajuran.

261 860 332 887 tem
356 853 558 888 obnoxium
576 853 644 889 effe
656 866 829 896 peccat03
850 852 929 899 ejus
944 855 1081 901 quippe
1106 867 1202 891 mens

262 913 319 937 rea
337 901 384 938 est
399 929 410 944 ,
436 902 520 937 dum
538 899 844 948 jurarem-assumit
858 930 866 944 ,
888 904 987 949 quod
1016 903 1200 950 perspicue

263 963 390 987 verum
417 965 487 988 non
518 953 748 1002 deprehendit
776 982 787 992 .
820 958 873 991 De
896 966 971 1002 quo
995 952 1203 1001 juramento

263 1011 337 1038 art.
337 1001 511 1052 sequenti
522 1028 531 1038 .

429 1105 921 1143 ARTICVLVS
973 1106 1040 1141 lll.

261 1205 399 1243 Vtrum
422 1218 528 1242 omne
552 1204 754 1253 perjurium
777 1205 814 1243 fit
829 1215 1016 1255 peccatum
1035 1207 1206 1244 mortale0

52 3582 235 3624 deruplex

35 3620 71 3650 est
82 3631 234 3659 pet-turnum

35 3660 208 3698 pronull'erifi
224 3685 235 3696 .

348 1306 478 1343 Dor-tor
493 1317 528 1353 3.
541 1306 620 1354 dist.
641 1320 693 1354 ³9·
712 1319 746 1354 q.
757 1321 816 1346 un.
839 1310 880 1345 S.
899 1308 1018 1345 Thom.
1033 1319 1068 1343 2.
1086 1319 1120 1344 ε.

603 1371 635 1406 q.
657 1358 715 1405 96.
735 1370 804 1396 art.
831 1372 864 1406 3.

376 1457 499 1496 Idetur
515 1469 584 1493 non
598 1470 704 1493 omne
722 1457 917 1504 perjurium
934 1459 1001 1495 effe
1018 1471 1202 1505 peccatum

389 1509 539 1544 mortale
558 1534 567 1542 .
579 1509 766 1557 Siquidem
784 1510 989 1552 graviusest
1002 1509 1125 1555 jurare
1141 1520 1201 1553 pet

260 1559 378 1593 Duum
409 1582 422 1598 ,
441 1570 550 1603 quam
573 1571 634 1595 ner·
666 1560 897 1602 evangelium
930 1586 939 1600 ‚
969 1559 1054 1594 ficut
1077 1570 1199 1606 patet.

259 1610 434 1646 Matthaei
458 1620 518 1656 23.
547 1609 671 1654 Maius
705 1608 752 1643 est
778 1607 893 1653 jurare
916 1621 977 1656 per
1004 1612 1200 1655 templum,

257 1672 368 1704 quam
384 1672 443 1694 ner
456 1671 601 1700 aurum;
615 1658 731 1706 majus
747 1658 793 1693 est
807 1661 895 1694 enim
912 1662 1083 1703 templum
1100 1659 1201 1708 quod

259 1710 458 1746 sanffificar
476 1722 601 1745 autum
616 1738 626 1753 ,
641 1721 747 1758 quam
765 1721 890 1744 aurum
906 1736 914 1750 ‚
927 1712 1026 1755 quod
1042 1723 1100 1756 per
1112 1722 1203 1746 tem-

258 1763 358 1809 plum
389 1759 654 1801 sanfiiificatur3
682 1759 793 1803 igitur
823 1759 844 1794 fi
863 1759 1060 1806 perjurium
1089 1761 1201 1807 quod.

260 1824 405 1857 cunque
418 1811 457 1846 sit
471 1813 619 1847 mortale
632 1809 995 1856 peccatum‚pejetare
1006 1820 1070 1858 per
1079 1813 1200 1847 ‘Deum

259 1864 324 1899 erit
337 1862 532 1897 maximum
562 1871 745 1902 peccatum
769 1862 942 1899 mortale3
963 1874 1049 1906 ergo
1074 1864 1201 1904 vulga-

264 1924 319 1949 res
331 1911 490 1956 persona:
511 1939 520 1954 ‚
549 1923 614 1957 pro
631 1911 743 1945 nihilo
758 1909 928 1946 habentes
944 1924 1018 1946 tota
1037 1911 1201 1947 dieiura-

260 1976 296 2000 re
312 1976 373 2007 per
387 1963 520 2003 Deum,
544 1964 648 1997 etiam
665 1959 787 1996 falsvm
800 1960 978 1996 afferendo
990 1963 1097 1997 toties
1108 1972 1201 1997 mor·

259 2014 375 2049 taliter
399 2024 587 2057 peccarent
604 2039 611 2049 ,
634 2011 779 2057 quotie-s
797 2012 842 2045 ita
863 2013 1020 2048 iurarent
1038 2039 1050 2054 ,
1074 2013 1110 2048 id
1138 2024 1202 2047 au-

259 2073 331 2100 tem
344 2063 473 2098 durum
489 2073 529 2096 ac
540 2060 679 2096 difficile
690 2060 835 2096 videtur
850 2087 860 2096 .

364 2115 537 2148 Praeterea
550 2138 561 2154 ,
573 2114 659 2148 Non
675 2123 782 2145 omne
799 2112 1040 2147 iuramentum
1059 2111 1204 2157 promis-

262 2161 395 2199 sorium
410 2161 772 2205 obligatneceffarim
797 2162 909 2207 igitur
933 2174 998 2197 nec
1022 2162 1069 2196 ibi
1086 2163 1204 2209 petiu-

260 2215 354 2250 rium
366 2212 412 2249 est
432 2223 619 2253 neccarum
638 2212 805 2246 mortale.
834 2211 1061 2248 Antecedens
1075 2215 1205 2257 proba-

261 2275 323 2299 tur
340 2290 349 2301 ‚
373 2263 490 2305 primo
503 2263 544 2297 de
557 2263 758 2296 iuramento
772 2261 899 2296 coacio
911 2287 922 2302 ‚
951 2269 1057 2298 extra
1070 2262 1205 2308 dejure

255 2313 416 2362 jurando
429 2321 505 2359 cap.
523 2315 681 2348 Verum.
707 2310 761 2346 De
785 2313 986 2348 iuramento
1003 2323 1123 2347 autem
1139 2311 1205 2345 ‹lo-

261 2362 338 2400 loso
355 2389 366 2404 ,
391 2362 539 2399 evidens
556 2361 605 2399 est
623 2389 632 2401 ,
658 2363 830 2397 iurantem
847 2373 917 2398 non
947 2362 1127 2398 Intendere
1139 2360 1204 2398 sm

262 2414 425 2459 obligare
441 2444 451 2451 .
482 2413 651 2460 Amplius
666 2412 709 2447 de
726 2422 882 2459 utroque
908 2414 976 2449 hoc
1007 2414 1206 2448 iuramento

261 2466 440 2512 probatur
454 2477 515 2509 per
529 2464 637 2501 (imile
651 2463 693 2499 de
708 2462 952 2499 Matrimonio:
972 2465 1106 2500 Etenim
1122 2475 1207 2499 con-

262 2512 384 2553 sensus
398 2514 547 2552 coaetus
563 2542 572 2557 ,
598 2515 628 2549 8<
643 2512 786 2549 dolosus
801 2525 870 2549 non
881 2517 1018 2561 obligat
1033 2515 1205 2560 aliquem,

261 2576 326 2602 aut
341 2567 497 2613 aliquam
519 2566 562 2602 ad
589 2564 859 2601 Matrimonium
898 2564 1177 2601 contrahendum
1195 2591 1202 2600 .

260 2617 318 2652 De
334 2617 536 2653 iuramento
551 2618 584 2652 in
600 2625 706 2652 cauto
719 2615 912 2663 probatur:
940 2617 1037 2662 Quia
1051 2616 1072 2651 fi
1087 2617 1206 2651 iurans

260 2668 411 2715 impleat
428 2667 514 2703 illud
534 2695 543 2709 ,
570 2667 609 2703 fit
628 2668 658 2702 ei
671 2666 703 2701 in
719 2667 858 2702 exitum
875 2668 1030 2714 peiorem
1049 2666 1204 2709 3malum

261 2717 310 2754 est
327 2718 438 2763 igitur
454 2719 523 2754 tale
535 2719 774 2753 iuramentum
793 2716 983 2764 adimplere
995 2744 1002 2752 .

366 2768 539 2804 Praeterea
559 2794 569 2810 ,
595 2766 849 2802 Communiter
864 2769 1074 2803 conceditur
1089 2795 1099 2810 ‚
1127 2768 1205 2803 uni·

260 2828 343 2852 cum
359 2818 556 2864 periurium
570 2817 648 2852 leve
660 2842 671 2858 ,
686 2827 754 2851 non
772 2816 838 2853 effe
853 2820 1003 2853 mortale
1017 2829 1204 2865 peccatum

259 2880 347 2915 ergo
365 2880 433 2904 non
448 2880 552 2905 omne
568 2866 712 2915 prorsus
730 2869 926 2914 periurium
953 2868 1001 2904 est
1027 2870 1205 2904 mortale.»

258 2930 447 2966 peccatum
461 2943 471 2954 .
492 2919 544 2955 lta
560 2920 689 2963 pariter
701 2929 772 2952 non
792 2918 931 2954 videtur
948 2929 1094 2964 peccare
1110 2930 1204 2954 mor-

260 2969 378 3004 taliter
395 2969 514 3005 iurans
528 2969 631 3015 super
647 2968 796 3013 aliquo,
820 2970 918 3015 quod
932 2981 1032 3016 putat
1056 2968 1123 3005 effe
1141 2982 1206 3004 ve-

260 3030 338 3055 rum
359 3045 369 3060 ‚
395 3019 475 3055 licet
490 3032 559 3056 non
576 3019 613 3055 stt
629 3044 639 3055 .
660 3018 727 3058 Sed
756 3020 809 3055 ille
834 3019 940 3054 habet
968 3021 1174 3066 opinionem
1191 3047 1203 3067 ,

260 3066 446 3104 assentiens
461 3081 578 3106 tamen
597 3070 708 3115 magis
723 3070 770 3105 illi
785 3072 876 3116 parti
892 3095 903 3110 ‚
920 3082 985 3116 pro
999 3082 1071 3115 qua
1087 3072 1177 3105 iurat
1192 3100 1200 3109 ,

361 3119 499 3155 Contra
518 3145 528 3160 ,
557 3119 667 3156 Exodi
685 3131 742 3154 20.
776 3120 868 3156 Non
891 3123 1037 3166 accipies
1049 3132 1202 3160 nomem,

259 3169 344 3206 Dei
357 3172 412 3203 tui
426 3171 464 3204 in
473 3183 606 3207 vanum
620 3197 627 3204 .
660 3171 821 3205 Peierans
837 3171 883 3205 ita
900 3172 1027 3217 accipit
1052 3170 1119 3207 Dei
1144 3184 1205 3211 no,

261 3230 342 3254 men
359 3245 368 3259 ,
387 3219 570 3256 adducens
588 3221 685 3254 illum
703 3220 736 3254 in
752 3219 876 3255 testem
899 3220 1061 3255 fallit-atis
1075 3247 1084 3261 ,
1104 3223 1201 3267 quaii

260 3268 410 3304 nesciret
428 3271 474 3305 rei
496 3272 700 3311 veritatem3
717 3282 777 3305 aut
791 3272 895 3305 vellet
909 3269 1089 3306 testificari
1104 3271 1202 3317 quod

261 3317 387 3353 falsum
404 3319 452 3354 est
471 3333 482 3361 3
507 3322 687 3363 irrogatur
706 3320 852 3363 proinde
867 3319 1206 3357 summaeMatestati

261 3367 390 3403 divinat
403 3370 625 3405 irreverentia
640 3396 650 3411 ,
666 3370 788 3413 estque
802 3372 995 3416 periurium
1022 3372 1205 3407 immedia.

262 3427 297 3453 te
313 3429 437 3453 contra
467 3430 684 3464 nra-„ceptum
715 3420 799 3454 illud
831 3422 950 3467 prima:
981 3424 1141 3463 tabulz;
1165 3435 1205 3458 ac

261 3479 450 3515 propterea
464 3469 484 3503 fi
502 3482 546 3505 ex
559 3470 816 3505 deliberatione
841 3472 1025 3514 eliciatur,
1050 3472 1098 3507 est
1112 3484 1206 3509 mor-

263 3519 333 3554 tale
350 3530 539 3562 peccatum
553 3546 562 3554 .

364 3568 579 3616 Respondco
595 3569 798 3611 dicendum,
811 3571 1007 3607 Periurium
1022 3583 1126 3608 omne
1141 3571 1209 3608 ell‘e

264 3619 415 3653 mortale
431 3631 616 3663 peccatum
632 3645 641 3654 .
663 3619 719 3657 Ad
735 3622 837 3656 cuius
849 3622 1080 3661 evidentiam,
1097 3623 1209 3659 scien-

264 3669 349 3703 dum
367 3670 561 3717 periurium
579 3669 858 3717 promiil'orium‚
870 3674 924 3708 vel
939 3673 1209 3718 obligatorium,

261 3718 330 3756 effe
346 3718 440 3807 pJffe
455 3719 706 3806 qlnlaldrnplex,
731 3721 863 3758 scilicet
876 3723 1039 3761 dolosum
1054 3751 1065 3767 ,
1077 3725 1111 3762 in
1123 3737 1210 3762 cau-

398 3782 462 3805 om.
538 3794 547 3804 ι

2050 165 2137 209 515

1274 214 1352 240 tum
1368 231 1381 247 ‚
1409 207 1570 243 coaeum
1584 235 1597 250 ,
1612 210 1645 246 8<
1660 222 1781 247 carens
1794 214 1959 251 omnibus
1976 216 2029 252 his
2043 223 2220 259 conditio-

1279 255 1385 291 nibus
1403 281 1412 290 .

1380 305 1552 341 Dolosum
1571 309 1767 354 periurium
1794 312 1841 347 est
1864 326 1976 360 quum
2008 319 2128 356 iurans
2149 324 2217 358 ali-

1276 356 1364 402 quid
1380 357 1446 392 esi'e
1463 355 1592 392 fastum
1605 384 1615 400 ,
1640 358 1716 405 ipso
1732 361 1765 395 in
1779 362 1857 397 aftu
1873 366 2034 409 iurandi,
2065 370 2214 407 intsndit

1274 406 1505 453 oppositum,
1533 409 1655 444 nolens
1671 410 1702 445 se
1730 412 1889 457 obligare
1916 416 1957 449 ad
1980 418 2065 452 illud
2081 446 2091 460 ‚
2115 422 2215 467 qnod

1277 455 1442 492 iuratur.
1464 457 1499 492 Is
1518 469 1603 502 ergo
1630 461 1662 494 in
1675 462 1734 495 tali
1760 461 1839 497 astu
1863 463 2001 500 iurandi
2018 473 2209 507 mortaliter

1276 517 1400 551 peccat
1412 533 1423 548 ‚
1436 508 1519 553 quia
1536 507 1679 545 adducit
1695 514 1809 547 Deum
1826 513 1860 546 in
1879 514 1998 550 testem
2016 517 2069 552 sui
2083 532 2213 567 propo-

1276 554 1332 590 siti
1358 556 1401 591 de
1424 560 1548 603 aliquo
1575 559 1776 607 implendO,
1796 573 1877 598 cum
1910 573 2023 601 tamen
2056 568 2213 607 intendat

1274 608 1492 642 contrarium
1506 609 1583 642 eius
1602 635 1612 650 ,
1632 611 1730 656 quod
1748 613 1951 658 promittit.
1966 616 2211 657 Veruntamen

1274 654 1419 702 peraffto
1443 658 1643 694 iuramento
1670 687 1682 702 ‚
1721 673 1790 696 non
1818 673 1975 699 remanet
2002 668 2182 715 obligatus
2198 684 2209 712 3

1273 716 1352 740 nam
1366 706 1399 741 in
1413 708 1564 753 privatis
1575 710 1878 749 transaffionibus
1895 715 2016 752 nullus
2031 719 2213 764 obligatur

1274 753 1307 791 se
1319 757 1480 802 obligare
1492 770 1562 793 non
1575 760 1762 797 intendens
1779 788 1787 797 .
1802 760 1881 800 Nec
1895 775 2076 813 propterea
2092 768 2213 806 dicen-

1274 806 1342 841 dus
1355 806 1402 842 est
1417 809 1444 843 is
1457 820 1502 842 ex
1521 808 1585 844 suo
1601 822 1750 855 peccato
1761 814 1988 850 commodum
2009 829 2188 865 reportare
2200 850 2211 864 ‚

1273 867 1317 891 eo
1332 858 1429 903 quod
1441 859 1622 903 obligatus
1638 874 1834 899 remaneret
1848 889 1859 904 ‚
1892 865 1950 901 nist
1967 866 2085 904 dolose
2103 869 2214 905 iuras-

1274 905 1324 941 set
1338 932 1347 940 .
1373 910 1468 944 Nam
1482 910 1619 944 nullum
1638 911 1686 946 est
1703 913 1931 949 commodum
1945 917 2144 954 obnoxium
2162 917 2215 955 el*-

1273 954 1306 990 se
1319 968 1466 1003 peccato
1483 961 1650 1002 mortali,
1663 962 1760 1008 quod
1777 973 1959 1010 peccatum
1973 968 2099 1014 utique
2113 970 2212 1006 abes-

1274 1004 1322 1040 set
1340 1033 1351 1047 ,
1372 1008 1432 1043 nifi
1446 1019 1506 1053 per
1527 1009 1650 1044 dolum
1678 1012 1991 1055 malttmiuraffe13
2015 1028 2100 1054 tunc
2131 1022 2211 1065 qui.

1272 1055 1354 1091 dem
1373 1068 1552 1094 teneretur
1565 1060 1710 1107 implere
1723 1062 1960 1099 iuramentum
1976 1093 1986 1107 ‚
2012 1066 2046 1102 8(
2059 1069 2213 1105 eiusmo-

1275 1107 1499 1153 dlobligatio
1513 1120 1650 1146 tantum
1668 1111 1785 1147 damni
1801 1125 1869 1147 non
1887 1113 2056 1152 intulisset
2073 1131 2212 1165 ‚quan-

1273 1167 1350 1192 tum
1366 1159 1541 1203 praesefert
1559 1161 1708 1198 mortale
1727 1173 1911 1210 peccatum
1927 1192 1938 1208 ‚
1963 1167 2060 1213 quod
2087 1170 2212 1207 incidit

1273 1219 1320 1243 ex
1336 1207 1462 1244 doloso
1476 1210 1696 1249 iuramento.

1364 1258 1617 1306 Juramentum
1636 1262 1818 1299 incautum
1835 1265 1946 1312 potest
1958 1266 2024 1304 eli‘e
2045 1269 2179 1316 duplex
2197 1285 2208 1312 3

1272 1309 1326 1345 vel
1340 1312 1423 1356 quia
1438 1309 1555 1345 transit
1572 1310 1672 1359 super
1684 1314 1867 1350 materiam
1880 1319 2026 1353 omnino
2038 1320 2209 1365 illicitam,

1271 1373 1311 1398 ut
1326 1373 1406 1396 cum
1421 1362 1504 1407 quis
1530 1362 1619 1396 iurat
1636 1361 1667 1397 se
1679 1363 1881 1400 occisurum
1896 1393 1908 1409 ,
1939 1380 2005 1402 aut
2033 1369 2209 1406 adultera·

1270 1424 1416 1452 turumg
1444 1411 1477 1446 ἃ
1490 1412 1561 1446 tale
1579 1412 1814 1449 iuramentum
1844 1428 1914 1452 non
1929 1419 2068 1463 obligat
2089 1422 2210 1457 iuran-

1268 1475 1338 1498 tem
1353 1462 1395 1496 ad
1408 1462 1648 1507 impletionem
1661 1465 1737 1499 eius
1755 1489 1766 1505 ‚
1791 1465 1922 1502 adeout
1936 1469 2009 1512 post
2033 1471 2210 1508 iuramen-

1268 1525 1344 1548 tum
1361 1512 1483 1547 debeat
1500 1513 1603 1548 illum
1621 1513 1740 1549 aetum
1755 1519 1912 1561 exequi.
1940 1519 2078 1555 Tamen
2093 1533 2209 1567 quan-

1269 1564 1317 1598 do
1330 1563 1461 1597 iuravit
1478 1589 1489 1604 ‚
1512 1563 1595 1597 licet
1611 1576 1681 1598 non
1694 1563 1864 1600 habuerit
1888 1568 2124 1607 intentionem
2139 1574 2206 1608 im·

1269 1611 1385 1660 plendi
1401 1612 1499 1659 quod
1518 1612 1550 1648 se
1568 1612 1744 1648 faetus-um
1762 1614 1918 1659 iuravit,
1944 1618 2061 1654 adhuc
2087 1634 2210 1669 pecca-

1268 1664 1321 1697 vit
1339 1663 1556 1705 mortaliter,
1583 1663 1764 1699 adducens
1784 1666 1944 1702 Deumin
1965 1668 2207 1709 testimonium

1268 1711 1342 1751 falfi
1361 1738 1368 1746 .
1397 1714 1431 1748 S÷
1447 1714 1550 1748 etiam
1567 1713 1693 1755 habuit
1710 1715 1813 1749 talem
1845 1717 2076 1756 intentionem
2092 1749 2102 1764 ‚
2126 1735 2206 1769 pec-

1268 1773 1362 1800 cavit
1379 1764 1576 1798 mortaliter
1591 1777 1601 1803 ;
1623 1766 1715 1799 Nam
1732 1765 1820 1800 velle
1831 1779 1977 1811 peccare
1993 1774 2205 1816 mortaliter,

1267 1815 1316 1852 est
1333 1814 1482 1848 mortale
1494 1824 1681 1860 peccatum
1699 1840 1706 1850 .
1737 1815 1768 1849 ls
1781 1816 1890 1862 igitur
1906 1818 1980 1864 ipso
2007 1821 2042 1854 in
2060 1822 2140 1857 astu
2155 1825 2203 1859 iu.

1269 1863 1368 1902 randi
1381 1862 1480 1899 omni
1494 1863 1599 1898 modo
1616 1865 1810 1901 mortaliter
1826 1879 1948 1913 peccat
1961 1895 1970 1904 .
1995 1872 2045 1908 At
2058 1872 2134 1918 post
2150 1874 2204 1909 iu-

1268 1924 1466 1953 ramentum
1483 1912 1586 1949 debet
1598 1915 1697 1950 illum
1715 1913 1832 1951 aetum
1851 1931 1920 1953 non
1939 1921 2084 1967 implere
2096 1948 2106 1964 ,
2123 1926 2209 1969 quia

1267 1978 1337 2004 non
1354 1963 1457 1999 debet
1470 1962 1598 2000 addere
1611 1976 1795 2010 peccatum
1809 1979 1955 2013 peccato
1971 1982 2066 2008 :non
2083 1974 2209 2010 enirn..

1267 2013 1500 2061 quiaiuravit
1515 2014 1634 2050 illicite
1649 2041 1662 2056 ‚
1686 2014 1724 2051 fit
1742 2016 1803 2052 fibi
1818 2018 1956 2055 licitum
1975 2047 1987 2063 ‚
2000 2023 2098 2068 quod
2111 2025 2210 2071 prius

1267 2068 1338 2104 fuit
1350 2064 1535 2100 illicitum.

1372 2116 1456 2150 Alio
1473 2115 1578 2149 modo
1594 2115 1718 2150 incidit
1735 2117 1976 2157 iuramentum
1991 2124 2023 2158 in
2039 2134 2183 2160 cautum
2200 2150 2210 2165 ‚

1268 2175 1383 2213 quum
1396 2164 1518 2199 tranfit
1533 2164 1637 2212 super
1656 2168 1836 2203 materiam
1852 2196 1862 2211 ‚
1890 2183 1971 2216 qua:
1981 2174 2023 2208 de
2039 2173 2070 2209 se
2088 2176 2213 2210 licita..

1269 2216 1319 2252 est
1334 2241 1343 2254 ‚
1364 2212 1418 2249 sed
1433 2225 1503 2249 non
1529 2215 1578 2250 est
1605 2217 1750 2251 materia
1775 2219 1963 2257 iuramenti
1987 2224 2080 2259 licita
2100 2252 2110 2267 ‚
2135 2235 2174 2260 ut
2191 2224 2214 2260 Γι

1271 2264 1401 2309 aliquis
1416 2265 1620 2300 iuramento
1636 2264 1791 2303 firmaret
1806 2268 1838 2304 se
1854 2282 1922 2305 non
1936 2274 2148 2311 intraturum
2161 2287 2217 2311 re·

1273 2316 1457 2360 Hgionem,
1471 2324 1614 2349 autnon
1630 2314 1811 2353 faaurum
1824 2321 1889 2355 alia
1905 2335 2014 2369 opera
2029 2325 2214 2372 perfeetio-

1270 2369 1324 2402 nis
1341 2392 1351 2402 .
1368 2365 1418 2399 Eo
1431 2365 1576 2400 enimin
1593 2364 1688 2400 fasto
1699 2370 1846 2413 ponitur
1857 2373 1952 2407 obex
1966 2377 2118 2411 motioni
2133 2376 2216 2424 Spi-

1272 2418 1362 2453 ritus
1375 2415 1522 2454 Sane‘ti3
1552 2427 1666 2463 quare
1682 2418 1750 2453 tale
1783 2420 2020 2458 iuramentum
2049 2425 2185 2462 servare
2202 2450 2215 2466 ,

1271 2467 1385 2514 vergit
1408 2468 1442 2502 in
1468 2468 1621 2512 peiorem
1652 2468 1788 2504 exitum
1821 2496 1831 2511 ,
1855 2484 1896 2508 ac
1920 2485 2105 2522 propterea
2136 2476 2214 2524 post

1271 2519 1386 2554 aetum
1406 2518 1620 2555 servandum
1638 2531 1706 2554 non
1719 2518 1767 2554 est
1787 2547 1794 2557 ,
1809 2522 1907 2568 quod
1923 2523 1956 2559 se
1972 2524 2143 2563 fabiorum
2158 2530 2214 2564 iu·

1271 2571 1363 2606 ravit
1376 2595 1385 2604 .
1412 2572 1593 2617 Quamvis
1607 2570 1698 2606 enim
1716 2568 1878 2608 absolute
1894 2575 1995 2611 liceat
2012 2589 2082 2612 non
2101 2576 2212 2614 facere

1270 2632 1378 2667 opera
1394 2620 1786 2668 perfeetionisminime
1803 2633 1917 2660 tamen
1937 2626 2069 2663 licitum
2083 2628 2132 2664 est
2151 2628 2212 2663 ha·

1271 2673 1355 2707 bere
1372 2672 1464 2707 velle
1477 2671 1587 2707 fixum
1606 2683 1731 2709 contra
1751 2675 1942 2710 mononem
1961 2677 2113 2722 Spiritus
2129 2680 2206 2713 San«

1270 2723 1317 2759 6ὶί
1332 2749 1339 2757 .
1357 2723 1393 2758 ln
1410 2722 1957 2769 hisigiturduobusiuramentis
1971 2726 2095 2763 doloso
2109 2730 2141 2765 3<
2160 2731 2212 2764 in-

2246 644 2436 680 ]urssnentum
2450 647 2453 661 ²

2249 682 2376 717 dolosum
2392 701 2448 720 non

2241 719 2347 762 obiigat
2359 745 2367 754 .

2253 1310 2445 1344 lui-amentum

2243 1348 2386 1377 incautum
2397 1348 2444 1378 du·

2244 1386 2313 1425 plex
2325 1405 2334 1415 .

2243 1770 2323 1800 Velle
2332 1780 2447 1808 peceare

2243 1810 2400 1840 mortaliter
2409 1812 2445 1839 est

2243 1848 2361 1877 mortale
2380 1859 2446 1887 pec-

2243 1895 2337 1916 catum
2347 1903 2358 1914 ο

2240 2627 2386 2663 Abjutanti
2401 2638 2435 2658 ο-

2238 2675 2303 2704 pera
2355 2666 2443 2705 pet-fe.

2239 2705 2336 2733 fitonis
2352 2723 2361 2738 ‚
2383 2715 2439 2733 non

2238 2742 2275 2771 est
2307 2743 2440 2772 servandfi

1270 2785 1377 2809 cauto
1394 2801 1405 2816 ,
1429 2775 1547 2809 iurans
1563 2786 1632 2808 non
1646 2785 1786 2810 tenetur
1802 2776 1946 2822 implere
1960 2778 2056 2823 quod
2075 2780 2209 2817 iuravit
2236 2785 2439 2819 juramentum.

1269 2823 1474 2873 ipsoramen
1494 2824 1529 2859 in
1547 2824 1627 2860 astu
1646 2823 1786 2860 iurandi
1810 2829 1968 2872 peccavit
1989 2831 2185 2865 mortaliter
2201 2858 2210 2866 .

1372 2873 1486 2912 Posset
1505 2875 1586 2921 poni
1603 2876 1707 2911 etiam
1724 2876 1818 2910 aliud
1834 2877 2076 2923 juramentum
2091 2880 2212 2915 incau-

1269 2937 1345 2963 tum
1367 2953 1376 2968 ,
1401 2937 1442 2959 ur
1457 2937 1571 2970 quum
1585 2925 1820 2973 aliquisjurat
1848 2928 1879 2962 ie
1911 2928 2085 2964 fat‘Iurum
2111 2931 2212 2976 quod

1269 2989 1338 3012 non
1357 2974 1471 3013 notest
1490 2976 1603 3011 facere
1620 3002 1627 3014 ,
1656 2978 1734 3013 licet
1748 2978 1893 3023 quando
1908 2977 2005 3024 jurat
2022 3005 2031 3019 ‚
2062 2991 2164 3025 putet
2181 2981 2213 3017 se

1269 3027 1365 3070 posse
1382 3026 1468 3060 illud
1485 3026 1600 3063 facere
1614 3052 1623 3061 .
1639 3030 1691 3063 De
1707 3027 1775 3062 hoc
1791 3040 1918 3071 genere
1935 3028 2128 3073 juramenti
2159 3043 2212 3065 ta-

1269 3079 1365 3115 &um
1383 3075 1429 3112 est
1448 3078 1597 3113 articulo
1614 3077 1825 3119 praecedenti
1853 3080 1889 3114 in
1904 3079 2052 3125 secundo
2080 3082 2211 3126 princi-

1264 3128 1342 3177 pa'i
1355 3158 1365 3164 ,
1381 3130 1474 3163 Nam
1492 3127 1688 3163 dummodo
1701 3129 1922 3174 propolitum
1938 3141 2006 3164 non
2025 3135 2210 3173 mutet,vel

1269 3179 1460 3213 terminum
1487 3178 1674 3220 prefixum
1704 3178 1981 3221 transgrediatur
2008 3206 2019 3221 ‚
2060 3194 2130 3217 non
2160 3183 2207 3218 est

1269 3229 1425 3275 periurio
1441 3228 1644 3264 obnoxius.
1665 3228 1769 3264 Vnde
1783 3229 1803 3264 fi
1822 3227 1947 3274 jurans
1961 3230 1993 3263 in
2013 3229 2135 3267 futuro
2149 3235 2211 3267 im—

1267 3280 1364 3326 plere
1387 3289 1494 3324 queat
1521 3279 1620 3324 quod
1638 3277 1871 3322 iureiurando
1886 3281 2064 3326 promisit,
2090 3285 2215 3331 utique

1269 3329 1571 3375 implerercnetur
1588 3355 1596 3369 ,
1621 3329 1643 3365 fi
1661 3341 1729 3364 non
1754 3329 1851 3373 nollit
1866 3357 1873 3367 .
1898 3330 2112 3368 evcusatur.

1377 3380 1428 3413 De
1447 3378 1523 3421 jura
1533 3391 1651 3413 mento
1666 3379 1791 3414 coneto
1807 3380 1991 3417 coaetione
2010 3410 2018 3422 ,
2045 3395 2125 3429 quae
2151 3397 2215 3430 po-

1270 3428 1338 3464 test
1352 3428 1520 3464 caderein
1538 3429 1733 3466 costantem
1750 3432 1867 3466 virum
1882 3457 1892 3472 ‚
1923 3430 2001 3468 sunt
2013 3434 2210 3481 opiniones.

1272 3481 1399 3525 Quare
1412 3505 1420 3513 .

1363 3527 1616 3573 juramentum
1634 3531 1895 3574 promissorium
1911 3542 2035 3570 carens
2050 3534 2103 3569 bis
2127 3546 2211 3568 con-

1273 3577 1472 3615 ditionibus
1492 3608 1501 3622 ‚
1527 3581 1610 3614 dolo
1625 3579 1657 3614 in
1673 3583 1812 3617 cautela
1831 3609 1840 3623 ,
1863 3586 1893 3619 3<
1908 3583 2107 3627 coactione,
2123 3587 2211 3621 obli-

1275 3639 1332 3673 gat
1345 3627 1525 3672 jurantem
1545 3629 1584 3664 ad
1603 3642 1672 3665 non
1686 3631 1881 3667 habandam
1897 3635 2089 3680 aliquando
2102 3650 2199 3683 opno

1275 3678 1374 3713 sitam
1397 3682 1619 3715 voluntatem
1636 3683 1666 3716 ci
1680 3709 1689 3724 ‚
1711 3684 1808 3730 quod
1823 3682 2028 3729 juramento
2043 3690 2212 3735 promisit:

1275 3728 1555 3765 &licetdifferat
1571 3732 1714 3781 implere
1731 3735 1816 3772 illud
1839 3737 1887 3771 ob
1913 3737 2217 3783 circumstantias,

1383 3782 1547 3817 Tttz

2034 3790 2167 3824 ratione

2240 3121 2311 3149 vid·
2363 3130 2442 3150 extra

2238 3160 2272 3188 de
2282 3161 2441 3196 jurejura’.

2238 3199 2270 3226 do
2282 3217 2293 3226 .

2241 3416 2359 3447 Pontius
2412 3420 2443 3449 1⁶7:

2238 3458 2341 3483 Comm.
2376 3457 2439 3495 sup-

2240 3494 2309 3531 plet,
2322 3505 2381 3532 qus:
2396 3497 2440 3525 hic

2243 3533 2350 3561 nostor
2363 3544 2440 3572 qux-

2240 3570 2324 3599 renda
2374 3572 2442 3601 reli·

2241 3612 2360 3645 qtnt.De
2374 3621 2442 3640 coa-

2241 3648 2334 3677 (Mone
2359 3650 2442 3678 volst—

2242 3688 2305 3715 tatir
2337 3689 2441 3717 Videtis

2239 3733 2296 3768 Fls-‘-
2311 3735 2340 3762 4.
2354 3737 2380 3764 q·
2402 3735 2441 3760 ,fo

2246 3774 2276 3790 m
2305 3766 2385 3793 Addit
2407 3767 2445 3794 ιι(

2250 3810 2315 3841 3-p.
