2628 4011
744 134 901 182 ‘somus
918 129 1001 182 HI.
1022 135 1149 182 Part.
1166 136 1224 182 Il.
1241 134 1433 206 Qaestio
1452 136 1618 185 LXIII.
1632 141 1737 188 Art.
1763 140 1823 187 Il.
2106 163 2168 195 20
2179 150 2210 204 3*

330 214 388 238 tus
403 207 574 245 moralis,
595 205 665 239 sive
692 204 861 248 acquisita
882 230 893 245 ,
919 216 1034 249 eaque
1061 205 1265 250 simpliciter
1437 204 1636 248 Praeterea,
1667 209 1789 250 Vitia,
1820 209 1854 244 S<
1883 209 2037 248 virtutes
2068 213 2089 248 si
2119 215 2209 248 inter
2240 212 2274 251 se

327 265 392 292 nec
407 254 455 291 est
472 269 489 291 a
504 265 627 293 natura
645 276 656 294 ,
673 264 735 288 ne:
752 263 878 300 praeter
894 265 1058 289 naturam
1079 267 1090 294 ;
1110 267 1187 289 nam
1201 253 1262 292 etsi
1333 266 1585 303 opponuntur,
1598 268 1637 293 ut
1654 269 1796 299 mutu0,
1808 259 1853 293 ab
1866 260 1982 295 anima
1997 263 2268 309 pellamurflo„
2302 268 2332 295 4·
2346 256 2495 300 dist-⁴224·

326 317 502 352 quantum
521 304 563 339 ad
577 303 760 339 radicema
777 315 904 340 natura
921 305 960 339 sit
976 330 986 345 ,
1007 304 1106 350 quod
1132 306 1262 338 attinet
1331 317 1391 340 mo
1405 317 1522 341 autem
1538 307 1624 342 vitia
1637 334 1648 349 ,
1678 311 1712 344 8<
1731 319 1875 355 peccata
1905 311 2039 347 evitare
2051 325 2119 347 non
2151 314 2266 359 porest
2299 300 2498 326 D‘mm‘m'

70 2385 136 2424 Qua
156 2387 264 2419 retrone

72 2426 188 2455 virtutes
219 2428 247 2456 di

67 2470 162 2491 eantur
171 2465 264 2495 homi-

69 2501 102 2531 ni
114 2505 264 2536 naturales.

61 3293 87 3320 ς.
96 3286 158 3317 din.
171 3293 219 3324 36·
231 3293 255 3324 fl.

59 3326 106 3353 De
114 3329 198 3358 eem‘o
205 3340 255 3359 ar.

59 3362 138 3393 riculo
149 3384 159 3394 .

325 368 445 392 autem
461 355 504 390 ad
517 353 597 400 ejus
610 351 956 391 consummationem
973 381 983 395 ‚
1009 366 1078 389 non
1093 353 1141 389 est
1164 365 1182 387 a
1201 365 1262 387 na-

324 417 404 442 tura
423 433 433 447 ,
459 404 517 442 sed
530 417 546 440 a
562 416 659 439 more
674 404 729 440 vel
746 405 1006 441 consuetudine
1021 429 1030 437 .
1052 404 1160 440 Unde
1177 402 1261 437 Phi·

320 455 495 504 losopltus
509 483 520 498 ‚
544 455 759 492 subinitium
779 467 798 491 z
829 457 1038 501 ffihicaeap.
1058 467 1088 490 ι.
1107 454 1259 503 Qeque

319 519 343 544 a
356 516 489 543 natura
502 534 514 549 ‚
542 507 659 552 inquit
676 532 686 548 ‚
712 518 824 549 neque
833 516 966 554 praeter
993 515 1160 542 naturam
1173 499 1256 550 sunt

319 559 474 595 virtuter
493 585 502 597 ,
521 556 592 602 fid
604 569 682 592 cum
709 558 828 593 idonei
843 559 892 594 ad
905 557 993 601 infin
1012 553 1257 604 suscipiendas

317 616 449 646 natura
458 606 560 649 fimus
571 635 581 650 ‚
606 607 827 656 affuetudz‘ne
837 607 1046 657 perficimur
1058 633 1067 642 .

414 658 475 695 Ad
491 671 700 705 argumenta
718 685 727 695 .
746 659 803 697 Ad
824 661 979 706 primum
996 686 1007 702 ,
1032 668 1113 692 cum
1126 654 1256 691 fficitut

311 707 399 744 illud
414 708 463 744 est
482 711 645 747 naturale
661 737 669 750 ,
696 709 794 757 quod
806 710 937 757 partim
967 708 1016 744 esi:
1030 720 1049 741 a
1074 705 1253 753 principio

312 758 528 803 intrinseco,
552 762 681 805 partim
698 762 743 797 ab
758 760 959 797 extrinseco
985 787 991 796 .
1020 756 1252 804 Respondeo,

308 809 348 844 id
360 821 484 846 verum
500 811 567 848 esse
581 813 615 848 in
628 811 754 848 eodem
772 823 899 856 genere
913 807 1149 857 principiandl
1167 829 1179 848 ‚
1211 817 1252 842 ut

309 871 393 898 cum
408 861 563 899 disimus
581 890 590 902 ,
615 862 726 898 homo
752 873 894 909 generat
922 859 1103 895 hominem
1134 857 1166 892 8<
1188 854 1250 891 sol.

309 911 522 960 Utrumque
535 915 629 950 enim
646 913 859 958 principium
875 913 910 947 in
923 909 1045 947 eodem
1058 919 1188 954 genere
1202 906 1255 941 ef-

307 961 443 998 fes-live
457 965 550 1000 caus
565 975 579 999 t
593 990 602 997 .
623 964 667 1000 Et
686 964 840 999 similiter
854 963 971 998 virtus
987 957 1036 995 est
1053 970 1070 993 a
1085 959 1253 993 volunta-

309 1023 346 1052 te
372 1022 413 1048 ut
439 1014 619 1060 principio
630 1013 749 1050 affiivo
764 1027 774 1055 ;
803 1013 859 1049 sed
871 1009 1054 1053 objeehtm
1067 1009 1249 1045 concurrit

308 1063 353 1100 ad
373 1063 491 1101 astum
508 1066 655 1102 virtutis
667 1066 702 1101 iu
714 1076 842 1112 genere
857 1060 967 1103 causae
979 1059 1113 1100 finalis3
1129 1068 1250 1094 movet

307 1114 401 1152 enim
419 1127 458 1151 ut
473 1117 608 1152 bonum
627 1118 659 1153 ἃ
674 1125 831 1151 amatum
853 1112 998 1158 ;sicque
1014 1110 1128 1146 virtus
1142 1110 1191 1147 est
1207 1111 1252 1145 ab

305 1176 464 1214 utraque
476 1166 710 1206 causa,modo
725 1176 801 1211 quo
816 1160 1065 1205 Pholosophus
1081 1161 1249 1199 declarat.

305 1216 377 1254 Sed
406 1217 553 1254 virtutis
582 1215 707 1254 infusae
718 1211 823 1251 causa
850 1211 1049 1248 extrinseca
1078 1211 1126 1247 est
1154 1210 1248 1248 solus

303 1268 408 1304 Deus
420 1293 428 1303 .

410 1316 469 1356 Ad
485 1317 680 1353 sccundum
699 1313 898 1364 respondeo
914 1340 923 1355 ‚
952 1312 1125 1348 Potentiae
1142 1323 1248 1348 natu-

307 1369 392 1405 ralis
410 1368 591 1410 duplicem
608 1367 675 1403 esse
688 1368 805 1403 assum
821 1391 832 1407 ,
860 1363 993 1398 seilicet
1012 1362 1246 1406 essentialem,

306 1419 342 1454 81
361 1418 628 1457 accidentalem.
643 1417 800 1452 Priorem
819 1413 1047 1450 concedimus
1061 1412 1125 1449 esse
1140 1425 1245 1450 natu·

306 1469 414 1504 talem
432 1495 441 1507 ,
457 1468 513 1504 sed
531 1467 703 1517 posterior
715 1494 726 1510 ‚
739 1466 855 1514 qualis
867 1463 917 1501 est
932 1464 1045 1506 virtus
1060 1490 1070 1505 ,
1081 1464 1247 1501 acciden-

305 1519 390 1555 ηὼς
405 1518 608 1614 εῧὶεῐοροιῑειῐῖῑ
625 1567 695 1602 dici
712 1567 780 1602 stc:
803 1565 982 1600 Voluntas
1000 1566 1057 1599 vel
1074 1567 1163 1601 tatio
1178 1566 1244 1604 du.

305 1619 450 1665 pliciter
467 1619 580 1662 accipi
596 1615 733 1661 potest,
761 1627 887 1661 nempe
905 1628 943 1651 ut
955 1627 1083 1651 natura
1099 1643 1107 1656 ‚
1126 1617 1244 1663 ficque

305 1670 423 1704 omnis
439 1668 521 1713 ejus
534 1665 694 1701 aausest
712 1666 885 1701 naturalis
913 1679 922 1700 :
954 1667 986 1700 8<
1005 1676 1043 1701 ut
1061 1668 1245 1710 voluntas,

304 1719 428 1765 quain
443 1716 649 1759 acceptione
662 1714 763 1753 aGtus
778 1713 858 1758 eJus
873 1714 1013 1749 dicendi
1038 1715 1115 1751 sunt
1128 1730 1246 1754 mora-

302 1770 355 1803 les
371 1793 380 1803 .
397 1767 465 1802 Vel
483 1767 594 1802 tertio
610 1791 621 1807 ‚
645 1775 771 1799 natura
792 1765 1005 1811 sumipotest
1021 1791 1030 1805 ‚
1049 1777 1240 1807 utcontra-

301 1817 570 1862 distinguitura
583 1814 772 1850 voluntate
789 1841 798 1857 ,
831 1815 886 1849 vel
905 1827 922 1849 a
939 1815 1056 1861 gratia
1086 1841 1095 1850 .
1125 1817 1243 1852 Primo

300 1866 426 1909 modo,
441 1867 509 1903 sola
528 1868 646 1902 innata
665 1866 779 1901 virtus
797 1864 842 1900 es’t
862 1867 1034 1904 naturalis
1048 1893 1056 1901 .
1073 1867 1244 1903 Secundo

302 1918 414 1953 modo
429 1944 438 1959 ‚
464 1917 581 1954 omnis
596 1915 711 1951 virtus
723 1916 890 1963 acquisita
912 1943 921 1958 ‚
934 1916 1004 1952 sive
1017 1917 1243 1957 intellefiua-

301 1969 344 2005 lis
365 1995 377 2010 ‚
403 1968 473 2004 sive
486 1966 633 2004 moralis
648 1992 659 2007 ,
689 1966 758 2001 dici
778 1966 893 2012 potest
907 1970 1079 2007 naturalis
1094 1994 1104 2003 .

404 2018 464 2056 Ad
481 2018 625 2054 tertium
640 2015 724 2051 dico
742 2017 786 2052 sic
811 2031 820 2054 :
850 2018 1008 2053 lutentio
1039 2019 1244 2057 Aristotelis

300 2081 373 2106 non
385 2069 434 2105 est
450 2068 597 2105 asserere
611 2093 621 2106 ‚
648 2063 820 2112 justitiam
837 2067 934 2105 essea
949 2079 1091 2112 natura,
1104 2068 1241 2115 justum

300 2131 390 2157 veto
402 2120 445 2156 ab
462 2116 694 2167 acquisitione
708 2144 719 2159 ,
741 2120 797 2154 vel
815 2118 1044 2160 assuetudine
1062 2121 1142 2161 gsed
1160 2124 1240 2161 vult

299 2168 475 2216 iustitiam
496 2177 701 2215 competere
717 2167 854 2205 homini
873 2170 1240 2218 naturaliter,justurn

300 2232 420 2256 autem
435 2219 706 2255 accidentaliter
719 2244 728 2254 .
748 2219 893 2257 Accidit
911 2222 1002 2257 enim
1034 2221 1242 2269 hominiju-

299 2269 390 2306 stum
408 2270 476 2307 esse
490 2298 498 2310 ,
526 2269 599 2305 five
617 2270 751 2305 bonum
764 2269 832 2307 esse
847 2300 857 2314 ‚
886 2273 945 2308 etsi
959 2272 1084 2321 suapte
1112 2285 1242 2312 natura

296 2320 337 2358 sit
349 2333 464 2366 capas
478 2319 627 2367 justitia}
641 2346 654 2362 ‚
678 2320 710 2356 81
727 2321 902 2358 bonitatis
919 2348 927 2358 .

396 2372 454 2410 Ad
470 2381 642 2419 quartum
656 2380 751 2418 patet
767 2372 943 2420 responsio
959 2384 1002 2408 ex
1017 2373 1122 2411 dietis
1137 2402 1146 2410 .
1166 2376 1242 2414 Ca.

296 2420 394 2457 stitas
406 2423 498 2458 enim
517 2423 548 2464 8<
567 2420 751 2457 humilitas
770 2422 943 2464 dicuntur
957 2422 1106 2469 justitiae
1136 2437 1241 2463 natu·

296 2472 385 2509 tales
395 2483 573 2521 quantum
587 2471 629 2507 ad
645 2471 783 2513 radices
799 2501 809 2515 ,
839 2487 910 2510 non
926 2475 1046 2521 quoad
1070 2476 1240 2513 consum-

294 2524 484 2564 mationem
499 2534 621 2559 earum
637 2537 649 2564 ς,
677 2522 769 2559 hanc
787 2526 880 2566 enim
896 2537 1077 2573 acceptam
1107 2527 1242 2565 habent

295 2585 339 2609 ex
356 2571 577 2610 assuetudine
604 2574 749 2608 affluunt
784 2575 991 2622 frequenter
1018 2577 1238 2617 elicitorum.

296 2624 404 2661 Unde
418 2635 486 2661 non
504 2623 673 2658 dicuntur
686 2625 869 2661 naturales
887 2653 895 2666 ‚
912 2627 1008 2672 quasi
1023 2627 1086 2662 sint
1102 2642 1120 2664 e
1134 2641 1239 2666 natu·

293 2685 332 2709 ra
347 2672 549 2720 simpliciter
571 2685 582 2712 ;
608 2672 662 2708 sed
679 2675 764 2720 quia
776 2674 820 2712 ad
837 2687 898 2711 eos
914 2678 1057 2714 inclinat
1091 2690 1239 2715 natuta-

293 2723 376 2759 liter
391 2723 449 2758 lex
471 2724 645 2759 naturalis
663 2736 674 2763 ς
708 2735 849 2773 propter
864 2728 964 2774 quod
979 2730 1085 2765 etiam
1107 2730 1242 2773 dicitur

292 2772 403 2812 homo
414 2772 503 2822 ipsas
518 2774 724 2811 naturaliter
741 2775 872 2813 habere
890 2803 899 2813 .

457 2873 959 2920 ARTICULUS
1015 2882 1064 2918 11.

356 2974 494 3012 Utrum
508 2977 628 3023 aliqua
643 2978 758 3014 virtus
770 2978 938 3015 causetur
950 2979 984 3015 in
1000 2982 1104 3018 nobis
1117 2996 1164 3021 ex

558 3027 783 3065 assuetudine
796 3042 945 3078 operum
958 3057 965 3065 .

331 3122 464 3161 Dofzor
474 3126 556 3165 Iocis
568 3131 605 3164 in
615 3141 726 3216 marg.
741 3131 862 3166 citatis
877 3158 885 3165 .
912 3131 953 3166 S.
973 3129 1091 3170 Thom.
1114 3145 1140 3169 ι.
1157 3145 1192 3171 z.

633 3192 669 3228 q.
717 3191 747 3227 3.
769 3189 838 3216 art.
853 3190 888 3216 ε.

410 3277 556 3315 {dentur
570 3281 723 3316 virtutes
738 3280 834 3316 haud
847 3292 911 3315 cau
920 3279 983 3315 sari
1001 3281 1094 3328 posse
1107 3282 1141 3319 in
1168 3294 1232 3318 no·

427 3329 478 3364 bis
495 3342 540 3365 cx
556 3330 777 3367 assuetudine
794 3343 947 3374 operum
965 3359 973 3367 .
991 3334 1133 3369 Etenim
1151 3334 1233 3370 Au·

287 3380 382 3426 gust-
397 3377 497 3424 ltb.4.
513 3389 585 3427 cap.
605 3391 642 3416 2.
656 3392 776 3417 contra
796 3381 988 3429 Julianum
1004 3395 1046 3418 ex
1060 3382 1232 3420 sententia

286 3429 394 3465 docet
408 3454 418 3469 ‚
431 3440 533 3464 veras
547 3431 792 3478 perseffhzsque
810 3433 960 3467 virtutes
978 3432 1092 3469 nullas
1107 3433 1174 3469 esse
1192 3434 1232 3470 st-

289 3492 331 3514 ne
343 3478 744 3517 charitate-Nullorum
759 3494 847 3517 vero
863 3495 1011 3528 operum
1027 3484 1231 3520 nostrorum

287 3531 428 3564 virtute
447 3555 457 3570 ,
475 3530 506 3564 8<
533 3528 735 3576 frequentia
754 3532 939 3578 acquirere
953 3533 1137 3580 possumus
1150 3535 1232 3570 cba-

287 3580 432 3614 ritatcm
454 3605 463 3619 ‚
487 3591 595 3624 quam
609 3581 682 3615 sola
703 3583 767 3617 Dei
787 3583 1142 3629 liberalitaslargitut
1154 3588 1234 3621 nul-

291 3629 333 3664 lis
365 3628 613 3674 recipientium
647 3628 930 3676 praecedentibus
955 3634 1118 3673 treritis;
1146 3647 1233 3681 ergo

286 3691 373 3713 cum
388 3679 459 3713 stne
477 3679 648 3715 charitate
664 3682 861 3717 virtutibus
893 3683 951 3718 sua
971 3684 1122 3729 ipsarum
1155 3697 1233 3730 per-

287 3729 399 3764 seflio
413 3740 481 3762 non
498 3730 646 3770 consum
661 3733 765 3766 nulloe
783 3733 814 3766 in
828 3734 930 3767 nobis
945 3736 1073 3779 requiri
1089 3735 1232 3780 possunt

286 3781 439 3815 virtutes
457 3805 469 3819 2
488 3780 582 3814 onasi
598 3780 641 3815 de
658 3793 809 3829 operum
827 3784 1048 3819 assuetudine
1064 3784 1230 3820 causatus.

389 3829 483 3865 Toe.
501 3828 569 3864 III.

1330 355 1401 391 sine
1418 357 1531 401 gratia
1548 358 1642 397 Dei;
1667 370 1752 405 ergo
1777 359 1995 405 necaliquas
2023 364 2176 397 virtutes
2205 377 2265 400 ac-

1328 407 1470 453 quirere
1486 433 1498 449 ,
1522 408 1557 443 &
1582 407 1726 444 causare
1740 410 1774 445 in
1791 410 1894 443 nobis
1909 409 2090 455 possumus
2111 425 2155 447 ex
2182 425 2265 453 pro-

1326 457 1489 501 priorum
1502 469 1654 504 operum
1671 457 1908 501 assuetudine,
1922 459 1977 494 sed
1994 471 2132 497 tantum
2146 463 2263 499 insunt

1324 507 1543 544 habentibus
1553 520 1598 544 ex
1612 508 1708 543 dono
1722 508 1808 546 Dei.

1428 560 1602 595 Praeterea
1620 586 1629 597 ‚
1660 558 1799 602 Aecus,
1829 559 1984 606 quisunt
1999 562 2069 597 sine
2093 564 2261 599 virtute-2

1324 607 1496 646 deficiunt
1509 619 1528 642 a
1544 609 1760 655 perfeetione
1773 610 1916 646 virtutis
1929 639 1939 653 ‚
1957 611 2055 656 jutta
2076 612 2163 647 illud
2179 611 2259 647 Phi-

1323 659 1462 702 losophi
1479 670 1512 697 2.
1530 659 1644 696 Ethic.
1661 672 1737 706 cap.
1750 673 1783 707 4.
1803 673 1869 696 nos-1
1883 661 2013 698 babens
2032 661 2257 709 justiciam,

1322 710 1386 749 etsi
1396 710 1489 754 poffit
1511 715 1653 757 operari
1658 710 1756 758 justa
1773 742 1782 752 ,
1804 723 1872 749 non
1889 721 2006 748 tamen
2029 713 2128 758 suffe
2151 745 2160 750 .
2185 712 2258 748 Sed

1321 759 1470 798 effechts
1487 762 1553 798 esse
1568 763 1690 809 nequit
1710 761 1769 798 sua
1786 762 1890 799 causa
1919 763 2111 809 perfe8fior
2132 775 2144 804 3
2170 773 2259 807 ergo

1322 813 1437 848 virtus
1449 813 1586 848 causari
1601 826 1669 849 non
1687 814 1798 859 potest
1815 813 2126 863 extis-'tibusipsam
2144 814 2259 850 virtu·

1320 871 1390 898 tem
1407 864 1713 910 praecedentibus.

1419 913 1784 957 Contra,Secundum
1802 916 2015 965 Dionysium
2029 926 2066 962 4.
2083 914 2127 951 de
2142 914 2258 949 divin.

1320 962 1437 999 Nora.
1452 964 1590 1000 Bonum
1604 964 1652 1000 est
1665 964 1842 1003 efficacius
1857 994 1866 1008 ,
1878 981 1986 1015 quam
2001 966 2147 1007 malum,
2159 965 2260 1000 Con·

1318 1013 1430 1056 tingit
1444 1025 1560 1050 autern
1578 1015 1621 1051 de
1640 1015 1863 1052 assuetudine
1883 1029 2076 1064 pravorum
2106 1026 2257 1064 opetum

1319 1062 1469 1100 vitiosos
1484 1063 1628 1103 babitus
1647 1066 1785 1102 causari
1800 1067 1843 1104 ad
1859 1068 1961 1107 aetus
1977 1067 2134 1111 eiusdem
2149 1067 2260 1101 ratio-

1319 1114 1373 1148 nis
1389 1112 1535 1152 subinde
1552 1118 1793 1157 inclinantem
1818 1129 1905 1165 ergo
1919 1119 2032 1153 multo
2047 1117 2156 1161 magis
2183 1117 2258 1152 vir-

1318 1173 1415 1200 tutes
1430 1167 1529 1211 gigni
1541 1168 1819 1204 existimandum
1834 1169 1898 1212 est,
1913 1180 2059 1217 propter
2071 1166 2172 1204 astus
2186 1167 2257 1202 vir·

1317 1216 1407 1251 tutis
1422 1215 1631 1261 frequenter
1644 1219 1784 1254 elicitos
1800 1244 1810 1253 .

1419 1265 1635 1314 Respondeo
1648 1269 1840 1304 dicendum
1858 1295 1868 1310 ,
1881 1281 1925 1306 ex
1938 1268 2160 1304 assuetudine
2169 1277 2258 1313 ope-

1317 1327 1396 1351 rum
1413 1318 1763 1365 virtutesgenerari.
1785 1321 1826 1355 Et
1841 1321 1984 1366 quidem
2009 1319 2113 1365 supra
2141 1330 2175 1366 q.
2194 1327 2256 1360 5⁶1.

1317 1376 1386 1402 art.
1408 1379 1438 1404 2.
1454 1370 1497 1404 de
1510 1370 1742 1406 habitibusin
1761 1370 1972 1411 universum>
1998 1370 2253 1416 disceptantes,

1317 1417 1537 1455 declaratum
1553 1421 1600 1456 est
1613 1421 1826 1464 ‚habituum
1842 1447 1853 1462 ,
1868 1432 2048 1470 quatenus
2064 1420 2141 1455 sunt
2154 1430 2251 1467 quae-

1318 1468 1396 1502 dam
1411 1472 1505 1505 entia
1524 1472 1557 1505 in
1571 1482 1697 1507 natura
1711 1497 1720 1510 ‚
1733 1471 1873 1507 causam
1888 1470 2252 1516 omnimodam‚atq11c

1317 1518 1542 1564 adaequatam
1560 1522 1626 1558 esse
1645 1521 1840 1568 respeaive
1864 1522 1967 1558 aetus
1980 1546 1993 1565 ,
2014 1522 2150 1569 quibus
2163 1520 2253 1561 haec,
2308 1555 2317 1565 ‚

1317 1580 1378 1603 aut
1393 1570 1451 1605 illa
1465 1571 1606 1618 objeffl
1623 1573 1852 1620 attinguntur
1865 1599 1873 1612 ‚
1888 1583 2077 1620 propterea
2088 1571 2187 1619 quod
2200 1571 2253 1606 in-

1315 1619 1509 1656 nascuntur
1525 1624 1558 1657 in
1573 1623 1676 1658 nobis
1692 1649 1702 1663 ,
1730 1624 1834 1658 etiam
1851 1622 1921 1669 ipsa
1940 1624 2123 1658 voluntate
2146 1633 2252 1667 repu-

1313 1681 1447 1716 gnante
1464 1695 1475 1713 ,
1500 1684 1581 1724 quae
1593 1685 1709 1708 tamen
1725 1672 1900 1720 potissima
1919 1672 2023 1709 causa
2049 1671 2251 1708 censenda.»

1314 1719 1397 1756 esset
1415 1747 1425 1762 ‚
1449 1722 1470 1756 si
1485 1725 1577 1759 ultra
1593 1722 1693 1758 aftns
1707 1721 1850 1758 causam
1882 1725 1983 1760 aliam
2012 1723 2071 1770 ipsi
2088 1722 2251 1764 habitus,

1312 1770 1535 1815 postularent
1551 1799 1560 1813 ,
1588 1784 1628 1808 ut
1645 1773 1752 1808 esseut
1770 1798 1779 1806 .
1798 1775 1886 1808 Hec
1901 1786 1944 1809 eo
1958 1775 2027 1808 loci
2056 1774 2161 1808 latius
2189 1773 2251 1808 de·

1311 1820 1446 1856 clarata
1459 1820 1702 1870 supponentes
1717 1849 1727 1864 ‚
1752 1823 1785 1857 8<
1802 1833 1968 1866 praeterea
1983 1834 2065 1872 que
2092 1822 2253 1869 exposita

1314 1868 1395 1904 sunt
1426 1883 1461 1918 q.
1478 1872 1615 1908 t8.art.
1633 1883 1664 1917 5.
1683 1873 1726 1908 de
1751 1873 1887 1908 ratione
1908 1873 2057 1908 virtutis
2072 1898 2083 1913 ,
2109 1884 2251 1916 nempe,

1311 1920 1409 1955 aliud
1424 1934 1494 1957 non
1509 1923 1700 1966 importate
1713 1923 1884 1959 virtutem
1899 1949 1909 1965 ‚
1930 1935 2042 1970 quam
2056 1922 2171 1963 aft'tus,
2189 1923 2253 1958 vel

1311 1969 1456 2007 habitus
1473 1973 1727 2011 accidentalem
1741 1973 1984 2011 conditionem
2002 2001 2014 2016 ‚
2035 1984 2145 2019 atque
2167 1972 2251 2008 inde

1311 2019 1389 2057 fieri
1406 2049 1417 2064 ‚
1437 2034 1477 2059 ut
1492 2023 1583 2059 idem
1602 2023 1747 2061 habitus
1764 2026 1797 2060 in
1815 2036 1943 2061 natura
1967 2024 2165 2073 acquisitus
2182 2022 2248 2059 sub

1311 2083 1461 2109 erroneo
1490 2074 1694 2112 intellthns
1724 2074 1919 2111 diShtmine
1936 2101 1948 2118 ‚
1969 2076 2098 2112 evadat
2131 2074 2249 2110 virtus

1310 2135 1371 2169 per
1382 2123 1652 2162 coexistentiam
1667 2127 1709 2163 ad
1724 2125 1950 2174 prudentiam
1966 2127 2001 2161 in
2018 2125 2144 2162 eodem
2163 2137 2250 2172 ope·

1309 2184 1411 2210 rante
1428 2202 1437 2217 ,
1462 2176 1519 2212 his
1534 2204 1542 2216 ‚
1559 2177 1727 2227 inquam,
1751 2175 1939 2223 suppositis
1958 2204 1966 2218 ‚
1980 2177 2133 2215 dicimus
2151 2203 2159 2217 ‚
2176 2175 2248 2211 vir-

1307 2233 1403 2260 tutes
1417 2226 1555 2263 causati
1571 2230 1604 2263 in
1623 2229 1727 2264 nobis
1745 2239 1788 2262 ex
1805 2226 2031 2264 assuetudine
2042 2227 2178 2274 operis,
2196 2228 2230 2261 in

1308 2273 1375 2310 star
1388 2274 1579 2315 habituum
1596 2290 1809 2314 caeterorum
1825 2305 1833 2314 .
1861 2279 1958 2314 Cum
1970 2279 2064 2314 enim
2080 2275 2181 2313 adius
2196 2289 2249 2312 re·

1308 2325 1475 2371 linquant
1488 2330 1687 2365 naturalem
1703 2328 1971 2364 similitudinem
2000 2327 2098 2364 suiin
2125 2339 2249 2376 poten-

1308 2374 1356 2410 tia
1371 2388 1432 2421 per
1447 2377 1549 2414 aetus
1566 2379 1734 2415 tendente
1749 2380 1784 2413 in
1799 2378 1984 2424 objectum
1998 2406 2008 2420 ‚
2032 2391 2077 2414 ex
2106 2382 2154 2413 eis
2172 2378 2244 2413 fre-

1309 2436 1468 2472 quenter
1483 2428 1608 2465 elicitis
1637 2429 1830 2465 similitudo
1849 2431 1960 2475 magis
1986 2428 2169 2476 magisque
2196 2429 2250 2464 in·

1307 2476 1469 2513 tenditur
1488 2491 1499 2518 ;
1525 2479 1620 2515 unde
1637 2480 1675 2517 sit
1696 2507 1705 2521 ‚
1728 2490 1768 2516 ut
1799 2480 1958 2526 potentia
1975 2480 2033 2514 tali
2062 2479 2248 2514 habilitate

1307 2526 1521 2574 perficiatur
1540 2557 1548 2572 ‚
1564 2541 1673 2581 atque
1686 2531 1878 2566 inclinetur
1891 2529 1933 2565 ad
1949 2530 2050 2565 aetus
2065 2530 2191 2567 similes
2208 2530 2249 2564 il·

1309 2578 1425 2614 lorum
1439 2605 1449 2620 ‚
1473 2591 1517 2614 ex
1547 2583 1681 2628 quibus
1697 2580 1841 2615 indueta
1855 2578 1904 2615 est
1922 2605 1931 2614 .
1958 2582 2058 2630 Qia
2075 2591 2157 2616 vero
2171 2580 2247 2616 vir-

1307 2639 1367 2664 tus
1384 2628 1431 2664 est
1443 2629 1589 2666 habitus
1608 2631 1713 2667 medii
1730 2630 1920 2671 definitus,
1933 2641 1972 2665 ut
1989 2631 2248 2666 determinatur

1306 2690 1325 2717 a
1341 2679 1435 2715 rc61a
1453 2681 1590 2717 ratione
1607 2708 1619 2724 ,
1648 2681 1729 2717 inde
1742 2681 1883 2727 genitus
1896 2681 2040 2717 habitus
2053 2681 2091 2717 fit
2117 2681 2248 2723 virtus,

1303 2731 1389 2776 quia
1405 2729 1511 2776 juxta
1527 2731 1660 2767 reetam
1673 2732 1847 2768 rationem
1861 2730 2030 2767 indufms
2042 2759 2052 2773 ‚
2075 2731 2246 2767 ree'tum„
2269 2729 2271 2731 ’

1304 2790 1427 2816 autem
1443 2782 1644 2818 intellec-'tus
1672 2782 1851 2817 dictamen
1875 2782 2065 2829 prudentia
2089 2781 2160 2823 est,
2183 2793 2246 2817 aut

1305 2831 1505 2878 prudentia:
1531 2832 1787 2874 produffivum
1808 2845 1818 2866 z
1843 2844 1886 2868 ex
1913 2831 2133 2868 assuetudine
2160 2844 2247 2877 ergo

1305 2884 1427 2927 operis
1439 2882 1550 2917 eliciti
1561 2881 1755 2918 secundum
1773 2883 1922 2918 rationis
1938 2883 2039 2919 refilae
2051 2882 2246 2926 dictamen,

1303 2933 1467 2979 gignitur
1481 2935 1594 2968 virtus
1610 2959 1621 2974 ,
1643 2933 1775 2969 adeout
1789 2931 1962 2982 conjungi
1983 2934 2179 2981 prudentiae
2193 2945 2246 2968 at-

1305 2983 1431 3019 tribuit
1445 2982 1587 3019 habitui
1603 3010 1613 3025 ‚
1637 2994 1676 3020 ut
1689 2983 1736 3020 est
1751 2982 1863 3018 forma
1879 2983 1922 3019 de
1936 2996 2061 3033 genere
2087 2984 2242 3031 qualita-

1303 3034 1350 3069 tis
1366 3060 1374 3075 ‚
1387 3033 1453 3068 esse
1464 3035 1636 3069 virtutem
1658 3060 1666 3074 ,
1689 3034 1797 3069 modo
1815 3035 1842 3069 is
1856 3033 2000 3070 habitus
2013 3048 2056 3070 ex
2073 3034 2122 3071 sui
2138 3045 2245 3068 natu·

1304 3096 1340 3120 ra
1358 3095 1463 3120 natus
1478 3085 1515 3120 sit
1529 3083 1597 3119 esse
1612 3084 1810 3129 prudentia:
1823 3085 2018 3119 conformis
2033 3110 2042 3118 .

1403 3136 1542 3172 Verum
1555 3161 1567 3177 ‚
1595 3135 1681 3181 quia
1697 3135 1845 3169 virtutis
1860 3135 2034 3182 perfef'tio
2046 3135 2077 3169 S<
2098 3136 2242 3171 benitas

1301 3184 1432 3220 nedum
1451 3185 1580 3232 pendet
1596 3197 1612 3219 a
1628 3185 1720 3219 retsta
1737 3186 1875 3219 ratione
1893 3212 1903 3227 ,
1929 3195 1968 3220 ut
1984 3186 2028 3220 ab
2056 3186 2242 3221 intrinseca

1300 3237 1538 3282 proximaque
1551 3234 1709 3270 mensura
1727 3261 1735 3274 ,
1750 3234 1806 3269 sed
1820 3236 1925 3271 etiam
1940 3248 1957 3269 a
1973 3235 2052 3270 luce
2067 3236 2241 3279 increata,

1300 3284 1408 3330 cujus
1424 3285 1588 3332 quaedam
1603 3285 1832 3331 participatio
1847 3286 1895 3321 est
1910 3287 2000 3321 ratio
2015 3285 2111 3321 reeta
2139 3289 2241 3324 intel·

1303 3334 1536 3374 leftuscreati
1558 3362 1567 3377 ‚
1597 3337 1629 3371 8<
1649 3335 1794 3381 quidem
1813 3346 1984 3383 tanquam
2004 3349 2022 3371 a
2052 3337 2242 3373 mensura„

1299 3386 1496 3422 extrinseca
1513 3388 1547 3422 8<
1576 3395 1706 3422 remota
1724 3412 1733 3427 ‚
1758 3398 1838 3431 quae
1865 3389 1969 3423 etiam
1996 3388 2052 3422 lex
2083 3399 2241 3424 aeterna„

1299 3437 1500 3483 appellatur
1513 3463 1523 3479 ‚
1547 3437 1701 3472 virtutes
1720 3437 1872 3472 animam
1885 3437 2110 3489 perficientes
2136 3449 2241 3485 penes

1298 3486 1515 3532 superiorem
1528 3489 1726 3534 portionem
1755 3486 1834 3533 ejus
1856 3515 1865 3529 ‚
1892 3502 1973 3537 quae
2005 3488 2241 3524 immediate,

1299 3535 1463 3572 subditur
1477 3539 1553 3572 Deo
1565 3537 1609 3572 de
1623 3549 1770 3583 operum
1785 3537 2007 3576 assuetudine
2022 3540 2117 3585 gigni
2132 3541 2163 3574 in
2178 3550 2242 3574 no-

1298 3586 1354 3622 bis
1373 3599 1442 3622 non
1461 3586 1602 3628 possunt
1623 3615 1632 3629 ,
1656 3587 1893 3636 quascunque
1905 3591 1998 3626 enim
2016 3592 2102 3624 tales
2118 3590 2244 3636 acqui-

1301 3638 1413 3672 rimus
1429 3637 1662 3673 conformiter
1689 3638 1732 3673 ad
1748 3639 1976 3677 intrinsecam
2008 3639 2243 3676 mensur-<ima

1300 3688 1453 3734 ipsarum
1467 3687 1709 3733 acquiruntur
1726 3715 1737 3731 ‚
1766 3691 2034 3735 perficiuntque
2064 3690 2246 3726 hominem

1299 3739 1392 3772 eirca
1409 3740 1542 3772 bonum
1559 3748 1722 3774 creatum
1740 3764 1750 3779 ,
1775 3738 1830 3775 sed
1843 3752 1922 3785 qua:
1942 3740 2154 3784 superiorem
2169 3753 2250 3788 por·

1300 3787 1435 3823 tionem
1454 3789 1579 3822 animae
1597 3787 1754 3823 afficiunt
1776 3814 1788 3830 ,
1811 3791 2061 3828 &immediate
2082 3792 2249 3825 ordinant

1524 3838 1652 3873 Ccz
2156 3840 2199 3875 ad

2297 594 2321 613 1.
2336 582 2399 612 dist.
2413 589 2489 618 17.q.

2295 633 2306 659 3
2313 626 2364 667 ..ln
2371 629 2489 665 'ar-gum·

2285 670 2406 702 prtnctp·

2289 957 2318 977 2.
2332 949 2392 977 dist.
2405 958 2486 986 ιε’-ᾳ.

2292 998 2302 1016 ¹
2311 1002 2319 1011 ·
2333 991 2357 1019 0.
2371 990 2413 1016 Ad
2427 996 2485 1015 ter·-

2290 1027 2362 1055 tr'um
2377 1025 2484 1067 primi-

2283 1066 2348 1104 palu
2361 1083 2371 1094 ·

2289 1305 2395 1336 videsis
2419 1307 2484 1335 Ma-

2288 1344 2403 1383 gistrum
2424 1347 2485 1374 Au.

2288 1385 2398 1429 reolum

2288 1422 2349 1459 dst·
2366 1434 2379 1452 ι
2387 1432 2398 1459 3
2407 1443 2415 1451 .
2429 1404 2487 1461 q-4:

2283 2147 2310 2175 3.
2325 2141 2399 2172 dist-³
2410 2149 2437 2173 τ.
2451 2145 2476 2173 ⁶.

2282 2180 2323 2206 Ad
2330 2180 2478 2214 quiesst'onb'.

2282 2218 2389 2247 Do-stor
2469 2239 2479 2249 .

2279 2259 2435 2297 Metaphq.
2449 2269 2458 2287 1
2471 2278 2480 2288 .

2298 2620 2347 2689 ς...

2350 2621 2370 2649 2

2372 2630 2472 2660 .17.q·

2359 2669 2372 2695 υ.

2378 2678 2389 2688 o

2276 3149 2319 3176 De
2332 3146 2475 3179 hisaehtm

2275 3186 2353 3218 supra
2379 3199 2405 3226 q.
2432 3200 2476 3223 ¹9·

2275 3233 2369 3261 art-4.

2277 3272 2305 3294 z.
2332 3265 2393 3295 dist.
2426 3270 2473 3295 26.

2276 3311 2362 3338 n.15.
