2456 3949
130 131 195 170 1.Vf
228 166 231 172 .

127 182 288 238 cipitur3
310 188 467 230 Etenim
490 186 578 225 licet
597 181 637 224 in
666 183 881 234 sententiis,
907 193 1024 235 atque
1048 181 1353 232 dicendimodis
1370 183 1546 223 Thomas
1581 180 1764 232 Aquinas
1779 209 1790 230 ,
1815 177 2041 232 &joannes
2068 180 2178 223 Duns
2192 182 2283 222 Sco-

124 255 182 286 tus
204 246 406 287 videantur
422 244 523 285 aliud
537 273 547 292 ,
572 244 724 285 aliudve
749 244 889 296 sentire
907 272 917 292 ‚
941 254 1079 283 revera
1094 251 1225 282 tamen
1245 251 1388 295 praeter
1403 241 1613 284 veritatem
1629 242 1752 281 nullus
1766 253 1906 280 eorum
1932 239 2069 288 docet,
2094 239 2156 281 sed
2180 251 2286 280 uter-

125 319 201 362 que
221 308 272 349 ad
298 306 497 361 Maiorem
521 304 597 344 Dei
623 304 814 344 Gloriam
839 302 1068 357 opinionem
1106 300 1212 341 suam
1266 298 1316 341 fic
1339 300 1539 351 modeste,
1579 299 1631 342 fic
1664 297 1791 340 samste
1815 328 1826 349 ,
1861 297 1912 340 {ic
1948 295 2114 349 devote,
2151 298 2201 339 fic
2223 299 2291 337 dc-

126 389 237 420 mum
247 369 362 412 solide
375 364 561 422 proponit
573 391 586 412 ‚
611 363 772 416 exponit
786 391 797 411 ,
818 364 857 403 ὃ(
877 369 1123 416 propugnat,
1145 369 1189 400 ut
1216 359 1295 400 duo
1317 360 1460 414 Angeli
1486 360 1649 412 quidem
1664 388 1676 409 ,
1704 372 1786 400 non
1811 369 1944 399 tamen
1971 355 2120 408 infimi,
2149 357 2214 399 sed
2236 356 2294 396 su-

127 432 252 492 premi
277 425 479 481 Seraphim
493 422 669 463 veredici
681 419 832 475 possint,
845 420 992 475 quippe
1008 419 1075 472 qui
1088 418 1274 460 charitate
1288 426 1422 460 mutua
1448 419 1578 473 pleni,
1614 418 1773 472 ingenio
1802 418 1885 471 pari
1923 418 2174 466 excellentes,
2208 416 2294 455 zelo

129 492 240 538 fimili
265 488 470 534 ardentes,
496 481 693 535 aequaliter
710 481 792 521 luce
820 479 883 521 sua
909 478 1120 534 legentium
1146 488 1297 518 mentes
1320 477 1534 525 illustrant,
1561 479 1601 517 ὃς
1625 476 1784 518 fervore
1811 477 2030 518 voluntates
2045 475 2294 523 succendunt,

132 559 252 598 ita-ut
276 554 570 601 quemcumque
595 540 754 581 tandem
769 539 905 593 legeris
931 551 980 579 ex
1003 538 1135 579 iisdem
1150 562 1162 586 ‚
1199 536 1358 577 habebis
1380 537 1525 577 Lestor
1551 534 1771 595 φιλαλῆθες
1796 535 1895 576 duos
1940 534 2113 589 Magnos
2160 536 2296 575 Theo-

133 626 264 670 10005‚
293 630 336 657 ae
361 615 666 667 Theologorum
690 611 922 665 Magistros,
954 609 1052 651 adde
1079 607 1276 660 Principes
1297 605 1347 646 fic
1372 606 1620 663 adinvicem
1658 607 1866 647 clamantes
1896 604 1936 646 in
1970 605 2106 646 scholis
2130 604 2200 645 suis
2218 635 2229 655 ,
2253 612 2296 645 ut

131 658 269 725 coti-am
283 679 371 719 Deo
385 672 560 728 piisfimas
573 669 756 712 resonent
766 670 806 710 in
818 682 935 712 voces
945 668 995 708 ad
1007 667 1162 708 laudem
1176 666 1252 708 Dei
1263 695 1276 722 ρ
1292 666 1331 705 &
1343 666 1458 706 totius
1472 664 1649 716 Ecclefiae
1673 664 1745 706 suae
1758 664 1892 708 sanctae
1913 665 2118 705 utilitatem
2133 692 2144 713 ,
2166 672 2207 704 ut
2216 665 2299 719 ple-

136 756 184 784 na
200 739 242 781 sit
256 736 384 785 omnis
399 743 504 775 terra
519 731 644 785 gloria
655 742 793 770 eorum
809 757 821 778 ‚
838 741 959 782 quam
972 727 1041 770 suis
1056 725 1201 778 scriptis
1212 725 1329 766 iidem
1345 719 1414 764 fibi
1446 717 1780 777 comparaverunt
1792 754 1801 764 .
1836 725 1954 765 Hane
1978 723 2132 763 laudem
2148 752 2159 772 ,
2190 724 2300 763 nullo

135 796 448 842 contradicente,
474 791 654 831 haetenus
679 787 727 828 ab
759 789 869 828 initio
894 785 1013 826 ambo
1043 783 1323 832 merebantur,
1350 796 1454 824 nunc
1476 796 1574 824 vero
1599 797 1649 823 eo
1673 783 1837 833 certius,
1861 796 1905 824 ac
1927 780 2161 822 manifestius
2177 809 2189 830 ,
2217 795 2300 835 quo

136 861 243 900 altius
270 870 312 896 ac
339 851 553 906 diligentius
579 848 795 897 alterutrius
809 846 1000 887 Dostrina
1025 843 1262 886 &sententia
1284 841 1428 895 ubique
1449 855 1471 883 a
1494 843 1708 898 Theologis
1742 841 1922 897 disputari
1958 840 2180 889 consuevit,
2216 853 2299 881 me-

137 917 290 961 thodice
316 911 384 952 sub
411 911 519 951 unius
546 907 703 948 summae
726 906 838 947 titulo
861 919 905 946 ac
930 904 1116 946 sistemate
1146 899 1320 955 dispofita
1336 900 1501 943 habetur
1515 899 1650 942 labore
1674 915 1757 941 non
1779 901 1962 949 modico,
1987 896 2190 952 studioque
2216 913 2300 939 non

139 973 325 1020 mediocri
350 969 563 1011 admodum
587 968 637 1007 R.
653 966 696 1006 P.
717 965 956 1020 Hieronymi
976 963 1024 1004 de
1037 963 1181 1004 Monte
1207 961 1372 1001 fortino
1387 989 1399 1010 ‚
1429 962 1533 1016 cujus
1552 972 1678 1015 'opera
1701 970 1910 1015 propterea
1938 966 2126 1011 tanquam
2152 959 2300 998 nedum

138 1036 258 1079 cedro
283 1031 331 1071 ad
358 1027 707 1081 incorruptionem,
721 1025 784 1066 sed
798 1038 872 1065 aere
896 1024 1014 1078 digna
1036 1022 1086 1063 ad
1109 1020 1406 1076 perpetuitatem
1421 1019 1584 1070 censeo,
1608 1034 1652 1061 ac
1665 1019 1834 1074 proinde
1859 1018 1957 1073 typis
1984 1015 2203 1072 digniffima
2223 1018 2305 1058 exi-

140 1096 275 1140 stimo,
298 1084 325 1131 fi
351 1087 535 1142 placuerit
560 1085 662 1138 cujus
689 1083 843 1126 interest
868 1085 968 1124 hanc
994 1094 1124 1122 meam
1147 1079 1394 1132 aliorumque
1410 1079 1459 1118 de
1475 1078 1735 1135 Scriptoribus
1762 1079 1989 1131 opinionem
2017 1075 2225 1130 probatam
2242 1089 2304 1116 ra-

140 1162 298 1204 tamque
338 1148 480 1187 ducere
530 1154 644 1196 atque
690 1141 760 1182 effe
792 1143 1028 1182 authoritate
1063 1137 1127 1180 sua
1159 1135 1295 1191 jubere
1321 1168 1330 1177 .
1363 1138 1419 1179 Ita
1455 1151 1531 1193 ego
1557 1167 1569 1189 ‚
1608 1137 1713 1179 salvo
1747 1137 1902 1190 semper
1939 1136 2096 1177 meliori
2136 1135 2307 1190 judicio,

140 1211 262 1257 sentio
285 1215 402 1259 atque
426 1203 623 1243 arbitror.
648 1203 794 1242 Datum
817 1202 959 1241 Romae
984 1201 1025 1240 in
1048 1195 1295 1240 Monasterio
1323 1198 1360 1237 S.
1395 1197 1606 1239 Romualdi
1646 1197 1713 1237 III.
1742 1198 1882 1236 Nonas
1908 1195 2072 1253 Augusti
2095 1207 2203 1237 auno
2224 1196 2307 1238 Re-

141 1265 350 1327 pa'rationis
399 1262 537 1304 nostrae
572 1259 760 1316 vigefimo
775 1260 918 1301 oecavo
942 1257 1056 1315 supra
1077 1253 1325 1299 millesimum
1340 1257 1379 1296 &
1404 1254 1781 1313 septingentesimum
1798 1285 1809 1296 .

429 1359 483 1402 D.
510 1363 697 1403 Romanus
724 1356 828 1412 Aug.
850 1357 893 1398 de
917 1355 1096 1399 floribus
1122 1353 1255 1396 Abbas
1292 1351 1572 1412 Camaldaletfis
1585 1384 1597 1396 .

197 1540 330 1585 USSU
357 1536 625 1580 Reverendiss.
653 1534 774 1577 Patris
800 1533 997 1575 Benedicti
1029 1533 1203 1576 Zuanelli
1220 1533 1302 1573 Sac.
1315 1530 1445 1571 Palatii
1474 1529 1685 1583 Apostolici
1710 1528 1888 1583 Magistri
1915 1531 2094 1570 Tomum
2123 1530 2306 1572 Tertium

228 1602 379 1642 Summe
412 1595 631 1649 Theologicae
650 1592 810 1651 ‘Joanm's
824 1593 938 1633 Dum
964 1591 1060 1632 Scoti
1072 1591 1121 1631 ab
1135 1590 1366 1631 Admodum
1379 1590 1479 1629 Rev.
1492 1590 1534 1628 P.
1549 1589 1804 1641 Hieronymo
1819 1588 1867 1627 de
1883 1585 2182 1628 Montefortino
2196 1602 2310 1630 com-

149 1660 311 1714 positum
337 1664 478 1694 attente
495 1653 649 1693 lustravi
666 1680 678 1700 ‚
698 1653 737 1690 &
765 1648 858 1690 ficut
888 1649 929 1689 in
956 1649 1022 1689 illo
1047 1650 1273 1690 Authorem
1299 1646 1367 1688 fibi
1396 1648 1586 1699 aequalem
1615 1646 1955 1699 quemadmodum
1985 1647 2025 1687 in
2052 1647 2311 1700 praecedenti-

147 1720 239 1765 bus,
267 1712 512 1763 Doitorique
525 1709 661 1751 Subtili
688 1721 769 1747 non
795 1706 1009 1745 abfimilem
1030 1705 1182 1757 reperi,
1206 1705 1256 1744 ita
1284 1705 1392 1756 Opus
1417 1703 1679 1758 dignissimum
1707 1704 1844 1744 censeo
1859 1714 1903 1745 ut
1931 1705 1972 1746 in
1998 1704 2195 1759 publicam
2209 1708 2311 1750 utili-

146 1788 264 1818 tatem
292 1771 560 1824 impiimatur.
591 1769 730 1808 Romae
758 1777 806 1804 ex
829 1763 1011 1817 Collegio
1035 1764 1098 1803 SS.
1125 1763 1372 1803 Vincentii&
1395 1763 1577 1805 Anastafii
1617 1765 1678 1805 die
1700 1778 1761 1816 15.
1787 1762 1987 1805 Februarii
2008 1779 2129 1817 1733.

381 1866 459 1908 Leo
488 1862 688 1906 Dertolotti
715 1859 943 1903 Clcrioeram
980 1859 1234 1913 Regularium
1255 1859 1465 1901 Adinorum
1491 1859 1525 1901 S.
1555 1859 1595 1902 T.
1611 1859 1750 1904 Leffior
1773 1860 1969 1903 Emerita:
1983 1889 1995 1911 ‚
2028 1860 2083 1902 &²
2110 1860 2313 1906 Sacrarum

560 1923 735 1977 Congreg.
752 1919 886 1963 Indicis
899 1947 911 1970 ‚
935 1918 988 1961 ὅ
1017 1918 1181 1961 Rituum
1209 1916 1425 1975 Conficltor.

154 2062 849 2086 ffl———d-

500 2136 523 2175 1
577 2137 632 2178 M
683 2138 714 2175 P
774 2139 809 2177 R
869 2134 894 2174 ι
945 2133 1002 2173 M
1053 2134 1087 2174 Α
1147 2129 1188 2172 T
1239 2134 1278 2175 U
1337 2133 1398 2171 R·

225 2230 687 2299 F1.10;Benedi&us
711 2227 928 2281 Zuanelli
955 2227 1154 2279 Ordinis
1182 2227 1287 2279 Ptae
1300 2226 1386 2278 dic.
1401 2222 1528 2279 Sacri
1544 2225 1713 2279 Palatii
1727 2227 2000 2294 Apostolici
2014 2228 2280 2296 Magister.

532 3737 585 3777 ‘⁸
1903 3714 1905 3716 ’
2118 3717 2328 3804 PRI-

2418 100 2421 115 1

2419 122 2421 147 Ι

2419 207 2422 229 a

2420 240 2422 262 >

2420 277 2422 320 ἶ

2420 337 2423 374 ἰ
