2618 4027
29 113 31 197 l
764 166 924 216 Tomus
948 167 1034 216 III.
1061 172 1188 218 Part„
1203 167 1238 216 Ι.
1267 161 1459 239 Qaestio
1477 169 1553 218 VJ.
1565 172 1667 220 Art.
1680 173 1757 220 VI.

287 239 342 284 gis
360 239 562 277 violentum
573 235 671 284 quod
687 239 889 284 opponitur
911 237 1116 285 perfeEtiori
1132 251 1241 275 natu-

46 305 247 345 liumMigist-
288 292 350 325 rali
370 318 380 333 ‚
409 292 442 326 8<
460 291 577 324 minus
603 287 704 334 quod
736 288 863 322 minori
889 286 1074 323 naturali.
1104 291 1235 325 Exem-

45 346 158 377 cavelli
226 343 245 373 li
287 341 412 385 plum:
429 349 555 385 aquam
570 338 637 373 esle
651 336 790 372 sursum
806 363 817 379 ,
844 348 885 372 ut
910 337 1068 374 salvetur
1089 341 1234 384 plenum

45 383 245 428 movearisap·
287 391 322 426 in
336 388 501 426 universo
513 415 524 430 ‚
543 400 615 424 non
628 387 675 423 est
702 388 908 433 simpliciter
920 389 1122 424 violentum
1137 417 1149 432 ,
1161 393 1234 426 imo

27 431 244 493 Ψξέἔῇξῖοξέἶ
287 441 310 475 fi
325 451 411 475 tunc
425 437 654 475 descenderet
667 436 797 474 relifto
825 449 943 474 vacuo
956 465 966 480 ‚
1001 439 1162 485 superins
1179 440 1234 476 es-

26 464 29 530 l
45 503 90 530 Ex
103 509 130 536 3·
154 502 182 530 d.
196 508 247 533 27·
286 490 335 527 set
350 489 554 537 fimpliciter
571 489 771 524 violentum
788 515 797 530 ,
816 488 1056 535 &secundum
1071 490 1161 537 quid
1171 501 1233 527 na·

26 537 135 585 2¹²·13·
285 540 401 576 turale
417 565 428 581 ,
459 540 546 586 quia
572 549 701 575 natura
725 540 840 575 totius
863 541 1015 576 universi
1043 542 1158 586 magis
1181 540 1232 577 est

284 590 499 638 principium
515 589 760 626 naturalitatis
777 616 788 631 ‚
812 602 921 635 quam
939 602 1068 626 natura
1084 591 1143 626 ista
1157 603 1233 638 par.

283 640 443 676 ticularis
457 667 468 682 ‚
491 641 524 676 8(
544 641 656 685 magis
668 641 830 676 naturale
844 640 894 676 est
911 667 922 682 ,
951 641 1050 687 quod
1074 644 1140 676 toti
1157 642 1234 676 uni-

283 689 387 726 verso
399 691 595 733 convenit,
616 702 724 736 quam
740 692 840 737 quod
859 694 1005 738 proprie
1031 691 1116 727 huic
1139 693 1232 739 parti

281 739 388 788 ejus.
413 741 560 786 Corpus
576 752 696 776 autem
728 744 881 777 mixtum
898 769 908 784 ‚
933 743 965 777 8(
985 744 1139 778 maxime
1163 742 1233 777 bu-

282 801 428 838 manum
440 817 451 832 ‚
466 790 514 827 est
530 792 713 840 quoddam
728 793 887 827 naturale
912 804 1135 840 quocunque
1163 797 1234 829 ele-

281 851 485 878 mentorum
504 842 699 889 perfeffius
716 869 726 884 ,
748 854 788 878 ac
807 854 995 890 propterea
1010 844 1110 891 quod
1128 854 1235 880 natu·

282 893 357 928 rale
369 890 418 926 est
431 892 495 928 tali
512 895 654 942 corpori
672 920 682 935 ,
709 893 917 940 simpliciter
928 893 976 928 est
998 895 1110 938 magis
1126 905 1233 930 natu-

282 941 399 978 turale
424 955 533 990 quam
547 943 650 990 quod
664 943 746 980 esset
766 945 929 980 naturale
945 945 1142 991 unicuique
1157 946 1229 982 ele·

283 1003 488 1030 mentorum
513 993 706 1030 secundum
720 994 752 1029 se
768 1020 777 1030 .
810 996 928 1041 Magis
956 1006 1044 1040 ergo
1071 996 1234 1032 naturale

281 1043 331 1079 est
346 1054 384 1080 ut
401 1055 579 1093 perpetuo
607 1045 840 1083 conservetur
861 1047 895 1081 in
922 1046 1003 1080 loco
1027 1045 1235 1090 oelfiffimo,

279 1106 322 1129 ac
335 1097 441 1142 longe
454 1095 698 1143 pulcherrimo
717 1108 850 1144 corpus
866 1096 1093 1139 humanum,
1111 1108 1152 1131 ac
1163 1099 1235 1134 ele-

278 1157 396 1183 menta
412 1148 599 1195 patiantur
614 1147 822 1184 violentiam
838 1149 869 1182 in
889 1146 965 1195 ipso
980 1173 990 1189 ,
1005 1159 1114 1194 quam
1131 1147 1233 1194 quod

277 1198 453 1235 violenter
465 1195 679 1234 dissolvatur
692 1209 823 1245 corpus
847 1198 1004 1234 hominis
1030 1224 1041 1240 ,
1065 1197 1100 1234 8(
1116 1211 1234 1235 unum

268 1247 447 1296 quodque
458 1251 718 1287 elementorum
735 1248 928 1287 seeundum
948 1248 1238 1297 uniuscuiusque

272 1300 546 1348 propenlionem
562 1299 687 1336 tendat
705 1303 739 1338 in
757 1303 946 1349 proprium
966 1301 1087 1336 locum
1100 1326 1109 1336 .

377 1351 436 1388 Ad
450 1352 598 1387 tertium
629 1350 829 1399 respondeo
842 1380 854 1395 ,
880 1351 982 1400 quod
997 1351 1119 1387 Sanc-li
1137 1351 1236 1388 Mar-

22 1435 23 1450 *
48 1429 76 1462 §-
93 1384 246 1462 3222ss
283 1412 383 1451 tyres
395 1403 594 1450 gauderent
608 1401 652 1439 de
665 1403 882 1440 immanibus
896 1402 1118 1440 cruciatibus
1137 1429 1147 1444 ‚
1168 1402 1233 1438 eis·

49 1462 247 1502 adsecundum
275 1465 348 1500 que
382 1452 516 1490 adeffet
533 1451 714 1501 perfeGIus
745 1453 829 1490 usus
859 1453 1009 1490 rationis
1038 1479 1049 1495 ‚
1094 1452 1237 1500 speciali

49 1501 164 1531 micat.
282 1505 428 1541 auxilio
451 1505 581 1541 divino
608 1505 658 1542 est
674 1505 975 1541 attribuendum.
1007 1503 1234 1542 Fortiffime,

52 1539 250 1610 2222};¹0⁸·⁶‘
275 1567 365 1600 ergo
380 1555 609 1597 sustinendm
636 1568 677 1591 ac
691 1556 916 1602 acceptando
941 1555 1082 1591 inflista
1110 1557 1235 1592 vulne-

278 1618 316 1641 ra
332 1630 345 1646 ‚
369 1606 542 1639 violentia
554 1605 629 1637 haec
642 1607 678 1638 in
690 1606 770 1650 ipfis
781 1618 852 1640 non
866 1604 1040 1640 efficiebat
1065 1608 1236 1643 involun-

280 1654 475 1694 tarium‚ac
491 1651 641 1699 proinde
655 1663 720 1687 nec
733 1652 875 1687 tristitia
891 1653 1138 1691 afficiebantur
1150 1669 1235 1703 pro-

281 1714 360 1752 pter
377 1712 557 1738 tormenta
574 1727 586 1742 ,
613 1702 713 1747 quast
728 1702 804 1737 iiaec
826 1703 938 1737 volita
955 1699 1098 1740 fuissent
1114 1729 1127 1748 ‚
1157 1707 1188 1742 8<
1208 1708 1232 1743 fi

282 1765 330 1790 ex
346 1763 445 1800 parte
462 1778 473 1793 ‚
503 1762 576 1796 qua
593 1762 654 1796 per
669 1749 787 1786 scelus
805 1751 839 1785 8(
857 1752 1110 1790 crudelitatem
1131 1755 1234 1793 susti-

280 1804 413 1841 nebant
426 1801 617 1849 pastionem
635 1799 671 1835 8(
702 1811 823 1835 necem
849 1800 1102 1836 acerbissimam
1116 1829 1127 1842 ,
1156 1818 1233 1840 erat

278 1851 755 1902 ipfisinvolunmfiwmmm
787 1862 867 1886 nam
888 1850 955 1886 Dei
981 1849 1150 1888 offensam
1169 1865 1234 1886 no-

280 1906 401 1942 lebant
415 1927 427 1947 ‚
453 1914 493 1937 ac
505 1901 548 1938 de
561 1902 781 1948 Tyrannoru
792 1913 822 1935 m
841 1901 1098 1947 persecutione
1113 1902 1235 1938 trista·

281 1958 415 1992 bantur
427 1982 438 1999 ,
455 1952 605 1989 scientes
618 1950 816 2000 gravissime
828 1953 890 1989 tali
905 1955 942 1989 in
953 1950 1048 1989 faeta
1059 1953 1140 1990 illos
1151 1966 1236 2004 pec-

283 2018 366 2043 care
381 2031 394 2043 ι

45 268 150 302 Videlis
170 266 246 307 scho-

438 2103 956 2146 ARTICULUS
1015 2107 1087 2145 Vr.

347 2206 488 2246 Utrum
501 2217 619 2245 metus
633 2207 754 2245 causet
774 2208 1068 2247 involuntarium
1095 2207 1174 2245 fim-

683 2260 824 2309 pliciter
839 2285 851 2297 .

356 2360 431 2399 Dr.
446 2371 484 2408 4.
499 2360 536 2398 d.
553 2370 613 2409 29.
629 2359 981 2412 utrittfiyuescripti.
1001 2363 1044 2400 S.
1069 2360 1164 2400 rho-

553 2424 625 2450 ωας
648 2425 677 2450 1.
695 2425 715 2451 z
745 2426 778 2463 q.
799 2417 837 2450 6.
854 2424 926 2451 art.
943 2414 980 2452 6.

395 2514 851 2567 Espondeo,Qorundam
865 2515 916 2554 est
932 2516 990 2553 hic
1008 2517 1133 2563 opinio
1145 2515 1244 2557 talis,

409 2578 493 2616 quae
504 2579 567 2614 per
580 2579 717 2604 metum
734 2579 895 2614 aguntur
908 2566 1010 2604 mista
1030 2567 1108 2604 sunt
1122 2580 1166 2603 ex
1177 2579 1243 2602 vo-

288 2620 447 2654 luntario
463 2618 763 2654 &involuntario
781 2645 792 2661 ,
819 2618 1014 2655 secundum
1042 2618 1245 2655 doetrinam

289 2666 485 2715 philosoph
502 2694 513 2708 ,
538 2669 692 2712 3.Ethic
719 2677 796 2718 cap.
816 2682 844 2706 r.
877 2670 1126 2706 Veruntamen
1150 2669 1246 2706 reete

291 2715 532 2754 consideranti
549 2729 695 2765 apparet
708 2719 888 2766 ejusmodi
905 2722 1018 2767 magis
1031 2719 1098 2757 effe
1113 2721 1247 2756 volun·

292 2768 382 2805 tatia
399 2793 411 2810 ,
432 2779 542 2815 quam
557 2769 828 2807 involuntaria:
854 2771 933 2806 sunt
950 2773 1045 2807 enim
1073 2772 1248 2807 volunta-

295 2820 349 2856 ria
379 2818 610 2865 fimpliciter,
637 2821 886 2858 involuntaria
911 2833 1000 2857 vero
1012 2820 1248 2868 fecundum.»

292 2869 408 2919 quid.
439 2871 536 2907 Nam
551 2871 842 2919 unumquodque
870 2873 1079 2920 simpliciter
1099 2872 1168 2909 effe
1194 2872 1252 2907 di·

294 2922 392 2957 citur
406 2931 517 2967 prout
533 2919 581 2956 est
598 2921 632 2956 in
650 2923 732 2958 actu
747 2948 756 2964 ,
773 2933 1055 2970 quatenusvero
1067 2924 1117 2961 est
1146 2927 1182 2962 in
1195 2922 1247 2958 so-

298 2973 332 3008 la
343 2969 623 3019 apprehensione
640 2984 712 3008 non
727 2972 776 3009 est
795 2973 1005 3022 {impliciter
1017 3002 1027 3016 ‚
1054 2975 1251 3023 sedfi’cun-

297 3022 383 3058 dum
396 3020 488 3068 quid
503 3048 514 3057 .
529 3023 758 3069 Exemplumz
774 3025 994 3071 periclitanti
1009 3026 1150 3063 inmari
1171 3026 1251 3061 lim-

300 3073 440 3121 pliciter
463 3074 710 3109 voluntarium
729 3074 777 3110 est
790 3086 861 3110 non
888 3077 1065 3122 prolicere
1082 3087 1219 3113 merces
1237 3093 1250 3120 ;

300 3135 384 3159 nam
411 3133 533 3158 revera
557 3134 736 3170 quantum
763 3123 812 3160 est
828 3137 874 3161 ex
900 3124 954 3167 se,
986 3139 1057 3162 non
1081 3129 1161 3163 vult
1189 3140 1250 3165 eas

300 3173 477 3222 proiicere
504 3185 515 3208 τ
546 3173 615 3210 Sed
647 3175 822 3221 prolicere
845 3175 894 3212 est
921 3176 1171 3214 voluntarium
1191 3179 1253 3225 fi-

299 3223 455 3260 cundum
483 3223 574 3271 quid
599 3235 770 3272 propter:
795 3227 996 3274 periculum
1025 3252 1039 3270 ,
1061 3229 1160 3275 quod
1183 3231 1253 3266 im-

301 3276 435 3311 minere
446 3274 726 3321 apprehenditur
741 3301 751 3311 .

401 3323 556 3367 Contra,
572 3326 753 3363 Voluntas
767 3339 837 3363 non
850 3328 997 3365 videtur
1018 3328 1254 3375 vellesectm·

302 3374 390 3411 dum
404 3374 497 3423 quid
507 3376 644 3424 aliquid
664 3404 674 3418 ‚
690 3378 791 3424 quod
809 3380 888 3414 vult
904 3382 952 3414 ob
966 3379 1173 3426 praesentcm
1192 3395 1256 3418 ne·

303 3427 493 3462 celsitatem
511 3452 525 3470 ‚
553 3427 627 3462 imo
643 3428 666 3463 li
681 3429 758 3463 vult
783 3440 930 3475 propter
945 3431 1053 3466 talem
1074 3433 1258 3467 necessita-

303 3488 375 3513 tem
392 3477 493 3519 ,vult
509 3478 715 3524 {impliciter
731 3480 763 3514 8<
781 3479 943 3516 absolute
961 3507 972 3522 ,
989 3481 1090 3528 qnod
1106 3483 1254 3518 allatum

304 3526 514 3574 exemplum
542 3528 696 3563 ostendit
717 3540 729 3560 ·.
754 3529 851 3565 Cum
867 3531 960 3566 enim
990 3532 1197 3578 periclitans
1215 3534 1254 3569 sit

308 3577 477 3613 dominus
505 3577 654 3614 actuum
685 3579 861 3622 suorum,
890 3583 1029 3629 quippe
1053 3584 1117 3629 qui
1145 3583 1255 3621 habet

311 3626 525 3673 potestatem
540 3628 664 3663 utendi
677 3629 814 3666 virtute
829 3633 965 3666 motiva
995 3631 1039 3667 ad
1065 3635 1259 3679 proiicien-

314 3676 424 3718 dum;
445 3677 481 3714 8(
496 3691 567 3715 non
583 3679 651 3721 uti,
674 3680 785 3726 idque
801 3681 837 3716 in
857 3682 1021 3727 periculo
1035 3683 1231 3721 imminenti
1247 3711 1260 3727 ,

318 3727 353 3761 8(
371 3728 457 3761 citra
468 3740 575 3765 omne
586 3729 788 3774 periculum
808 3743 821 3772 ;
847 3733 962 3784 igitur
978 3732 1182 3778 {impliciter
1195 3747 1261 3770 vo-

317 3775 393 3811 lens
405 3778 527 3814 abiicit
543 3793 562 3815 a
577 3779 610 3815 se
630 3789 764 3816 merces
781 3808 792 3823 ,
817 3788 906 3828 quia
935 3795 955 3818 a
977 3784 1082 3819 nullo
1109 3785 1260 3821 coaetus

316 3826 603 3879 utitdr'petentia
620 3831 831 3870 motiva-Est
847 3834 944 3871 enim
961 3833 1260 3876 evidens,volun-

20 3359 21 3364 ,
109 3337 138 3365 3·
146 3331 176 3359 d·
185 3338 225 3364 rr·
238 3335 266 3364 t·

20 3368 21 3402 l
69 3365 127 3398 cm·
173 3370 266 3407 place-

19 3412 21 3444 }
70 3413 113 3435 ‘e‘
125 3425 135 3435 ι
145 3416 174 3435 n·
182 3416 232 3443 29·

2127 193 2184 239 55

1312 250 1424 275 tatem
1440 237 1535 287 poss‘e
1548 242 1596 274 ita
1609 240 1813 276 inordinate
1827 247 1942 279 amare
1963 254 2097 280 merces
2115 260 2153 282 ut
2180 248 2258 283 nol-

1311 291 1360 326 let
1385 303 1442 326 eas
1462 290 1636 337 proiicere
1656 290 1761 325 etiam
1777 291 1821 326 ad
1834 295 2038 329 evitandum
2052 296 2257 341 impendens

1312 342 1442 377 mortis
1456 340 1655 387 periculum
1669 365 1678 375 .
1708 343 1946 390 Qapropter
1974 344 2164 381 Mercator
2195 357 2255 392 pe-

1312 391 1470 425 riclitans
1485 391 1520 424 in
1540 392 1657 432 mari,
1670 391 1778 426 nollet
1797 394 1970 438 proiicere
1988 407 2123 431 merces
2141 396 2161 431 li
2177 397 2254 441 pos-

1310 439 1362 476 set
1372 442 1437 476 alia
1452 441 1587 476 ratione
1601 442 1723 475 mortis
1741 442 1939 488 periculum
1958 444 2125 492 superare
2141 472 2152 483 .
2181 446 2256 481 Ta-

1310 491 1342 527 le
1358 492 1469 536 igitur
1480 491 1566 526 nolle
1581 491 1871 528 conditionatum
1885 492 1933 528 est
1946 520 1956 535 ‚
1972 498 2055 541 quia
2074 507 2252 541 quantum

1310 541 1359 577 est
1371 541 1413 577 de
1427 542 1459 577 se
1475 543 1584 577 nollet
1599 541 1806 589 simpliciter
1821 570 1831 585 ‚
1844 554 1964 579 tamen
1983 547 2058 580 vult
2079 549 2254 583 mercibus

1309 593 1428 627 levare
1441 604 1567 627 navem
1584 605 1595 633 ;
1610 603 1680 627 non
1693 594 1788 629 enim
1805 594 1930 630 coa&e
1943 607 2076 631 merces
2094 599 2252 642 proiicit.

1307 645 1407 679 Nam
1424 643 1503 677 licet
1517 653 1662 689 propter
1679 644 1814 690 aliquid
1829 657 1899 680 non
1911 647 2080 687 volitum,
2092 647 2191 692 quod
2204 648 2253 683 est

1308 693 1435 729 mortis
1452 694 1652 739 periculum
1666 720 1678 735 ‚
1707 695 1871 741 proiiciat
1888 719 1899 736 ‚
1930 705 2048 732 tamen
2068 709 2137 731 non
2155 699 2254 743 cogi—

1305 753 1365 779 tur
1387 744 1522 778 invitus
1539 756 1556 778 a
1569 743 1602 779 se
1617 756 1748 780 merces
1767 745 2030 782 abdicaressiaec
2047 748 2175 782 volitio
2192 750 2256 782 ab·

1306 793 1420 829 soluta
1434 796 1687 829 enunciaretur
1700 808 1760 842 per
1773 795 1862 838 volo,
1877 798 2004 832 nolitio
2027 799 2255 832 conditiona-

1304 855 1339 880 ta
1356 857 1415 890 per
1425 843 1547 880 nollem
1563 845 1583 880 si
1602 844 1731 892 possem
1748 847 1849 882 aliter
1862 847 1977 882 facere
1998 847 2162 894 adeoque
2174 861 2254 883 con,

1304 896 1395 930 ditio
1409 896 1466 930 illa
1479 920 1490 934 ‚
1507 906 1653 943 propter
1669 907 1778 942 quam
1796 899 1872 932 vult
1889 899 2066 944 prolicere
2084 925 2093 938 ,
2111 898 2158 933 est
2177 899 2258 933 lim-

1305 946 1446 993 pliciter
1462 957 1533 980 non
1553 947 1663 980 volita
1681 972 1688 980 .
1722 950 1808 984 Nan
1824 948 1873 983 est
1892 948 2005 993 igitur
2027 949 2256 995 probandum

1304 995 1405 1043 quod
1431 994 1516 1030 dicit
1547 996 1715 1043 praemissa
1741 998 1867 1045 opinio
1885 1025 1895 1040 ,
1923 1011 2050 1045 nempe
2080 1001 2257 1046 prolicere

1306 1058 1442 1082 merces
1459 1070 1470 1086 ,
1496 1045 1564 1082 else
1593 1049 1837 1084 voluntarium
1851 1047 2061 1094 secundum
2077 1050 2191 1096 quid,
2221 1053 2258 1086 8(

1305 1096 1513 1144 {impliciter
1534 1098 1846 1140 involuntarium,
1880 1100 1956 1136 imo
1973 1101 2181 1148 oppositum
2208 1101 2260 1138 est

1309 1159 1438 1184 verum
1457 1173 1467 1183 .

1406 1199 1449 1234 Et
1466 1196 1703 1235 nihilominus
1727 1199 1879 1247 quaesito
1906 1200 2159 1241 respondentes
2171 1202 2259 1238 dici-

1307 1259 1388 1285 mus
1404 1276 1415 1293 ‚
1441 1259 1576 1285 metum
1591 1251 1672 1285 mali
1687 1252 1908 1288 imminentis
1923 1253 2061 1288 efficere
2090 1254 2260 1289 involun-

1302 1300 1437 1336 tarium
1455 1299 1656 1347 secundum
1683 1302 1776 1348 quid,
1793 1328 1802 1343 ,
1830 1302 1940 1338 modo
1963 1303 2094 1339 malum
2121 1306 2259 1352 impen-

1303 1350 1392 1386 dens
1410 1350 1529 1397 majus
1543 1351 1606 1391 fit,
1631 1362 1739 1397 quam
1755 1352 1858 1388 acius
1878 1354 1937 1388 ille
1956 1380 1967 1396 ,
2001 1365 2112 1400 quem
2135 1355 2260 1390 coaeta

1305 1402 1475 1437 voluntas
1492 1413 1636 1437 exercet
1650 1430 1658 1438 .
1691 1401 1762 1439 Etfi
1777 1405 1872 1440 enim
1890 1402 1964 1452 ipsa
1992 1415 2148 1451 nequeat
2177 1408 2262 1452 cogi

1303 1452 1348 1487 ad
1365 1453 1522 1498 aliquam
1538 1452 1718 1490 actionem
1749 1454 1910 1490 elicitam
1938 1456 1995 1491 vel
2022 1455 2231 1504 imperatam
2249 1484 2261 1499 ,

1304 1514 1387 1550 quae
1404 1504 1549 1551 proprie
1569 1503 1607 1538 lit
1626 1503 1722 1540 aetio
1740 1504 1897 1542 humana
1914 1532 1926 1548 ,
1949 1517 2105 1542 attamen
2122 1506 2261 1543 homini

1301 1557 1439 1590 virtute
1456 1554 1608 1602 praedito
1622 1558 1781 1604 preponi
1795 1557 1845 1592 ob
1857 1558 1984 1591 oculos
1999 1557 2113 1604 potest
2129 1560 2263 1595 malum

1301 1605 1452 1652 aliquod
1471 1606 1532 1641 {ibi
1560 1617 1661 1641 certo
1679 1607 1906 1643 subeundum
1923 1634 1935 1650 ‚
1961 1608 2022 1643 nili
2040 1607 2146 1644 faciat
2162 1608 2232 1644 hoc
2250 1636 2261 1651 ‚

1301 1668 1363 1691 aut
1377 1655 1545 1697 illud‚nili
1562 1654 1737 1692 assensum
1755 1669 1817 1693 aut
1831 1659 2023 1694 distensum
2043 1661 2200 1706 prae'oeat
2215 1660 2262 1695 fa.

1301 1707 1419 1747 &mad
1432 1705 1533 1750 quod
1546 1708 1879 1752 compellitur.Tali
1895 1710 1988 1743 enim
2004 1710 2038 1742 in
2053 1709 2135 1744 casu
2150 1711 2264 1745 homo

1301 1756 1461 1803 prudens
1479 1756 1702 1801 perpendens
1733 1757 1866 1791 malum
1890 1768 1992 1792 certo
2023 1757 2083 1792 libi
2107 1760 2264 1796 inseren-

1298 1806 1387 1839 dum
1401 1831 1411 1844 ‚
1429 1805 1646 1840 certitudine
1671 1805 1866 1841 sufficiet-,te
1879 1808 1913 1842 in
1926 1808 1981 1844 affl
1998 1806 2065 1843 bris
2080 1808 2264 1853 humanis,

1299 1852 1418 1896 majus
1436 1854 1698 1888 inconveniens
1717 1855 1778 1889 fibi
1793 1855 1985 1902 effe‚quam
2003 1857 2121 1894 ac‘tum
2139 1860 2266 1907 displi-

1300 1913 1439 1938 centem
1453 1903 1718 1944 elicere,26tum
1738 1905 1860 1940 coacie
1872 1918 1912 1940 ac
1926 1907 2172 1944 involuntarie
2199 1923 2267 1956 po-

1301 1954 1356 1989 nit
1373 1966 1385 1994 3
1416 1954 1444 1987 is
1459 1964 1547 1998 ergo
1574 1954 1675 1990 aetus
1688 1954 1735 1990 est
1749 1957 1778 1990 ei
1796 1957 2069 1993 involuntarius
2087 1970 2161 1994 non
2185 1960 2267 1995 sim-

1300 2005 1469 2052 pliciter,
1484 2002 1750 2049 led-secundum
1761 2005 1853 2052 quid
1868 2032 1878 2042 .
1909 2009 2125 2057 Exemplum
2141 2037 2151 2052 ,
2165 2010 2186 2045 si
2202 2011 2268 2046 ali-

1302 2056 1364 2091 cui
1381 2056 1440 2092 nili
1454 2054 1608 2090 fundum
1638 2055 1769 2093 vendat
1792 2068 2021 2106 proponatur
2049 2072 2146 2096 mors
2163 2088 2172 2103 ,
2205 2073 2270 2100 aut

1302 2106 1478 2143 sustinere
1503 2116 1684 2143 carcerem
1709 2133 1720 2150 ‚
1757 2109 1814 2143 vel
1847 2110 2101 2157 captivitatem
2124 2138 2134 2153 ‚
2162 2123 2270 2147 enor-

1301 2170 1395 2194 mem
1422 2157 1686 2194 mutilationem
1721 2159 1962 2196 membrorum
1979 2187 1990 2203 ‚
2014 2160 2175 2210 stuprum
2192 2189 2201 2204 ‚
2218 2163 2268 2198 81.

1302 2208 1501 2245 consimilia
1534 2209 1626 2243 mala
1653 2236 1665 2251 ,
1694 2207 1888 2244 secundum
1919 2210 2051 2247 metam
2091 2214 2270 2249 rationem

1303 2258 1444 2307 judicat
1459 2259 1611 2295 fundum
1630 2260 1753 2308 potius
1770 2259 2036 2296 distrahendum
2052 2289 2063 2305 ,
2092 2276 2202 2310 quam
2216 2264 2271 2299 in-

1303 2311 1425 2347 cidere
1440 2313 1474 2346 in
1488 2311 1578 2346 mala
1595 2310 1657 2346 sibi
1673 2321 1773 2346 certo
1790 2312 2057 2359 impendentia;
2083 2314 2136 2351 est
2154 2316 2268 2360 igitur

1302 2363 1334 2397 is
1358 2373 1476 2398 metus
1511 2359 1617 2396 causa
1657 2362 1896 2398 involuntarii
1919 2362 2120 2409 secundum
2150 2364 2267 2412 quid.

1303 2415 1403 2450 Nam
1419 2426 1499 2449 cum
1516 2413 1573 2448 ille
1588 2411 1628 2448 sit
1645 2411 1814 2447 dominus
1828 2414 2029 2449 voluntatis
2047 2415 2115 2450 suae
2130 2416 2266 2462 simpli·

1306 2464 1397 2499 citer
1413 2475 1485 2498 non
1512 2463 1657 2508 cogitur
1674 2485 1686 2505 ,
1709 2462 1824 2510 potest
1839 2474 1957 2499 tamen
1975 2467 2066 2501 velle
2097 2466 2234 2512 aliquid
2254 2489 2269 2509 ‚

1306 2511 1409 2561 quod
1437 2513 1525 2549 alias
1559 2515 1695 2553 nollet,
1721 2513 1754 2549 8<
1776 2515 1947 2561 imperare
1972 2515 2094 2551 afium
2113 2542 2123 2558 ,
2154 2529 2267 2563 quem

1308 2562 1516 2611 {impliciter
1533 2565 1645 2600 nollet
1659 2564 1780 2611 petius
1793 2576 1900 2611 quam
1919 2565 2076 2601 incid-:re
2093 2567 2127 2601 in
2149 2568 2270 2602 immi⁴

1310 2617 1428 2654 nentia
1442 2616 1534 2652 mala
1550 2641 1559 2656 ‚
1587 2616 1621 2651 8<
1635 2613 1783 2662 quidem
1799 2615 1994 2652 secundum
2008 2618 2139 2652 restam
2155 2617 2270 2653 ratio-

1311 2680 1393 2704 nem
1408 2692 1418 2701 .
1435 2666 1543 2703 Unde
1562 2667 1590 2701 is
1604 2676 1718 2702 metus
1733 2664 1866 2701 dicitur
1880 2666 2005 2702 cadere
2018 2670 2114 2714 polse
2131 2669 2165 2704 in
2179 2680 2267 2704 con-

1310 2719 1465 2755 stantem
1480 2718 1598 2754 virum
1617 2743 1627 2753 .
1657 2716 1842 2752 Caeterum
1859 2716 1978 2752 nullus
1996 2729 2114 2754 metus
2145 2719 2267 2767 potest

1313 2770 1485 2806 inducere
1512 2770 1667 2814 aliquem
1682 2767 1724 2802 ad
1741 2778 1930 2814 peccatum
1948 2771 2101 2805 mortale
2117 2797 2128 2813 ,
2158 2769 2268 2816 juxta

1312 2821 1489 2856 dietamen
1507 2819 1604 2855 reRe
1622 2820 1768 2853 rationis
1785 2829 1797 2859 ;
1829 2826 1908 2854 nam
1937 2822 2089 2867 proponi
2119 2834 2189 2857 non
2205 2833 2270 2869 po-

1313 2871 1380 2908 test
1407 2869 1526 2916 majus
1555 2869 1692 2906 malum
1719 2881 1870 2916 peccato
1901 2871 2070 2914 mortali,
2092 2873 2176 2919 quia
2205 2884 2270 2907 nec

1314 2924 1434 2970 aliqua
1450 2933 1566 2972 poena
1583 2918 1686 2969 pejor
1710 2920 1760 2956 est
1787 2922 1894 2970 culpa
1909 2924 2046 2969 peccati
2074 2925 2241 2960 mortalis
2258 2949 2267 2958 .

1466 3021 1981 3062 ARTICULUS
2035 3026 2125 3062 Vll.

1491 3124 1632 3161 Utrum
1647 3126 1805 3172 concupi
1816 3124 1947 3160 scentia
1963 3125 2090 3163 causet

1637 3175 1926 3211 involuntarium
1945 3202 1955 3211 .

1418 3277 1490 3315 Dr·
1508 3274 1589 3314 locis
1604 3278 1644 3312 in
1656 3278 1815 3322 margine
1839 3278 2020 3316 citatis-S.
2041 3277 2191 3315 Thomas·

1604 3339 1635 3364 r.
1663 3335 1693 3362 2.
1725 3338 1759 3374 q.
1793 3326 1830 3361 6.
1860 3335 1932 3363 art.
1959 3340 1995 3376 7.

1435 3428 1560 3466 ldetur
1576 3427 1868 3470 concupiscentia
1884 3429 2033 3466 causare
2051 3430 2269 3466 involunta-

1449 3480 1542 3516 rium
1560 3506 1569 3515 .
1599 3478 1737 3517 Etenim
1762 3480 2010 3516 voluntarium
2036 3481 2083 3516 est
2101 3484 2199 3527 quod
2227 3481 2271 3517 de

1324 3533 1517 3568 voluntate
1531 3529 1693 3577 procedit
1706 3532 1837 3576 praevia
1855 3531 2088 3575 cognitione:
2112 3532 2167 3566 sed
2184 3544 2272 3568 con·

1326 3582 1549 3628 cupiscentia
1563 3581 1678 3616 aufert
1692 3606 1703 3622 ‚
1718 3582 1772 3616 vel
1790 3582 1910 3617 obruit
1929 3584 2174 3628 cognitionem
2190 3611 2200 3625 ‚
2214 3582 2273 3628 jn-

1329 3643 1393 3669 xta
1417 3632 1664 3679 Augul'tinum
1682 3656 1693 3672 ‚
1722 3644 1775 3677 14.
1789 3632 1833 3668 de
1862 3631 1978 3666 Civit.
2013 3645 2091 3679 cap.
2114 3644 2169 3678 ις.
2188 3634 2275 3685 Qae

1332 3682 1445 3729 major
1483 3710 1493 3725 ‚
1536 3683 1656 3728 inquit
1690 3708 1701 3723 ,
1744 3685 1782 3718 in
1837 3685 1987 3729 corporis
2030 3684 2273 3731 voluptatibus·

1332 3732 1430 3769 nulla
1463 3731 1511 3779 est
1535 3759 1546 3773 ,
1577 3735 1630 3768 ita
1656 3740 1698 3769 ut
1725 3736 1763 3769 in
1791 3733 1858 3780 ipso
1895 3743 2059 3769 momento
2085 3740 2248 3783 temporis·
2267 3762 2278 3777 ,

1332 3795 1400 3832 quo
1425 3783 1471 3819 ad
1490 3782 1564 3829 ejus
1586 3784 1803 3831 pervenitur
1814 3792 2036 3825 extremum,
2058 3795 2147 3833 pene
2171 3790 2279 3821 omni:

1334 3847 1411 3883 ejus
1423 3835 1513 3871 acies
1528 3859 1541 3877 ,
1569 3833 1613 3874 &⁴
1624 3832 1723 3882 quast
1731 3834 1859 3882 vigilia
1870 3838 2073 3881 cognitionis
2087 3838 2259 3872 obruatur
2269 3862 2282 3873 .

2187 3887 2232 3923 Et

2306 377 2360 405 Ubi
2374 378 2451 415 supra
2465 385 2492 411 6.

2293 416 2397 443 Praeter·
2423 419 2490 446 duos

2293 455 2379 480 modos
2393 474 2400 481 .
2413 465 2491 485 n.t7-

2292 493 2327 518 Et
2341 490 2496 530 diss.2⁶.q.

2293 530 2349 558 Vn.
2364 540 2391 557 n.
2405 539 2454 558 ιο.

2295 1168 2406 1197 Merum
2432 1170 2495 1199 effi-

2294 1217 2357 1235 cere
2367 1209 2495 1237 involun-

2293 1247 2396 1273 tarium
2448 1247 2495 1286 se-

2295 1286 2447 1314 cundum..)

2292 1323 2362 1359 quid
2368 1343 2378 1352 .

2307 3443 2319 3457 '
2330 3449 2357 3475 ρ.
2370 3442 2398 3471 d.
2414 3448 2459 3472 vr·
2481 3444 2507 3470 6·

2308 3483 2461 3518 Quantum
2470 3480 2507 3506 αλ

2298 3520 2458 3557 ficundum
2475 3535 2485 3544 .
