2663 4083
103 779 251 809 Beatitudo
263 777 302 807 es-

64 818 217 848 sentialiter
256 818 300 847 di-

0 856 5 880 l
20 867 28 880 ·'
62 859 102 886 cit
112 856 301 893 respeC-hmu,

0 862 28 960 ji
64 898 92 924 &
102 894 300 931 absolutum-1,

21 937 26 942 ’
62 935 106 962 vel
122 933 299 963 secundum-2

0 960 29 1010 Ξῖ,
47 993 49 995 .
62 971 215 1002 necessario
227 982 297 1001 cona

0 1008 15 1045 'l
63 1018 144 1040 notat
157 1027 168 1036 .

47 1157 49 1163 ¹
100 1165 294 1205 r.d.3·q.si-

0 1248 1 1253 1
26 1202 117 1258 *inan
132 1226 142 1237 .

0 1255 54 1350 J!

0 1444 3 1449 ·
19 1446 24 1459 ι

0 1479 33 1663 'l
48 1480 291 1555 Ιά.ἒ;,.ἶ.“ῖῗῒ;,.ξῖ

0 1574 1 1577 =
28 1572 29 1578 ι
48 1554 287 1594 'quaestiuncula-⁴

56 1603 83 1623 2..
99 1599 123 1627 §-
144 1594 288 1632 Adseczm.

0 1623 5 1660 5⁴
26 1648 30 1663 ,ι
55 1634 122 1661 dum
158 1631 287 1660 Goffred.

19 1640 30 1727 ἐζ
53 1670 286 1708 quodni-414.

25 1803 49 1842 *76

20 1813 49 1898 t„

0 1929 51 2038 {t

10 2079 34 2113 tt.

17 3037 138 3094 ,tnabct
148 3039 239 3064 actum
250 3038 288 3065 (li.

16 3073 22 3086 ⁹
51 3075 181 3106 ilintftutn
195 3084 210 3103 a
235 3085 288 3115 po-

37 3107 44 3148 l
62 3121 141 3143 :cntra
155 3132 162 3142 .

39 3154 41 3160 '
53 3159 64 3178 t

58 3383 66 3393 ο

58 3401 67 3410 ε

57 3425 68 3452 Α
42 3200 66 3372 52⁴3.-ssss

45 3420 48 3432 1

44 3448 49 3460 θ

46 3468 49 3477 ι

46 3483 49 3495 s

47 3499 49 3506 η

47 3512 50 3522 A

35 3369 37 3379 i

35 3419 46 3460 τί,

24 3502 53 3563 ,1Μ

40 3578 53 3602 it

25 3617 55 3719 fl}
77 3621 293 3697 ,raam

81 3716 89 3724 .
103 3697 131 3742 d?
150 3705 193 3731 ις.
218 3701 242 3729 ti-
256 3700 298 3727 Ad

30 3739 32 3742 ’
73 3744 177 3764 ernam
224 3746 296 3775 qux—

73 3773 178 3805 limem
191 3793 201 3805 .

32 3872 62 4061 1

408 212 472 248 πο
962 204 1145 249 Summae

435 264 496 300 Ad
513 264 706 302 secundum
722 264 917 314 respondeo
942 280 989 306 ex
1019 270 1124 306 dietis
1146 270 1182 306 in
1193 268 1296 315 solu.

333 315 448 351 tione.
477 317 545 353 Etsi
576 318 670 352 enirn
697 319 965 364 operationem,
1000 333 1074 369 qua
1104 322 1221 356 anima
1243 319 1293 355 est

334 366 437 401 beata
452 392 463 407 ‚
477 367 668 402 necessario
682 370 944 405 concomitetur
960 372 1087 407 relatio
1111 372 1292 415 attingen-

335 417 412 457 tiae‚
441 418 496 451 vel
514 419 655 453 unionis
666 430 745 454 cum
760 417 906 464 objeao
927 421 1120 463 beatifiCO‚
1145 421 1221 456 haec
1240 431 1293 455 ta·

334 478 414 501 men
432 468 559 503 relatio
572 480 644 503 non
672 468 721 504 est
740 469 862 506 ultima
885 472 979 506 beati
1007 471 1205 520 perfecstim
1234 469 1293 506 sed

331 518 497 563 operatio
512 544 521 558 ‚
532 519 569 552 in
587 530 659 564 qua
673 531 713 555 ea
729 519 902 556 fundatur
918 522 1044 558 relatio
1057 549 1066 559 .
1096 520 1206 558 Unde
1219 532 1291 556 non

334 577 511 613 repugnat
526 567 617 604 stare
632 569 888 607 beatitudinem
914 571 985 608 sine
1007 573 1068 608 tali
1090 572 1262 608 relatione
1279 597 1291 614 ‚

333 618 420 652 utin
437 617 519 654 Deo
532 643 542 652 .
570 619 634 657 Ad
650 619 958 657 confirmationem
987 623 1291 659 concedendum„

334 666 383 702 est
397 694 408 708 ,
425 671 459 704 in
475 670 603 705 creatis
620 669 751 716 absque
766 671 1051 709 contradiaione
1078 684 1288 722 quamcum-

336 730 409 764 que
422 719 572 754 formam
586 720 787 756 absolutam
806 720 892 757 stare
914 723 1009 768 posse
1027 724 1097 761 {ine
1117 725 1290 760 relatione

332 768 600 814 conjunfflonis
616 771 659 806 ad
670 769 855 816 objeuum
881 773 1085 810 beatificum
1098 799 1107 809 .
1134 772 1248 823 Q9d
1263 773 1288 808 sl

333 820 367 854 in
383 819 464 855 casu
477 818 544 854 esse
560 831 711 868 nequeat
727 823 851 857 beatus
874 822 944 859 fine
967 824 1227 871 conjunciione
1241 823 1285 858 ad

334 867 518 914 objeaum
533 870 737 907 beatificum
754 899 765 915 ‚
793 872 889 908 aliud
916 886 987 910 non
1012 875 1200 923 sequitur,
1222 873 1285 909 nist

334 919 434 965 quod
444 921 633 956 beatitudo
648 923 702 958 vel
715 922 762 958 est
780 924 903 958 relatio
917 951 930 966 ,
942 926 997 960 vel
1010 925 1159 961 includit
1182 923 1286 960 abso-

332 971 446 1005 lutum
461 997 471 1012 ‚
490 970 525 1005 8(
544 973 731 1008 relativum
748 1001 758 1008 .
786 976 881 1009 Nam
915 975 1074 1022 possessio
1100 977 1194 1011 illius
1219 978 1286 1012 ob-

331 1018 418 1065 jetti
444 1025 498 1058 vel
535 1022 684 1057 includit
707 1023 808 1059 simul
841 1023 1049 1062 absolutum
1073 1054 1085 1070 ,
1108 1027 1142 1063 8(
1169 1024 1285 1075 respe-

333 1069 430 1105 &um
445 1099 457 1114 ,
471 1073 527 1107 vel
545 1071 770 1108 essentialiter
796 1073 884 1110 dicit
908 1075 1104 1125 respetffmm
1120 1103 1132 1120 ‚
1160 1077 1195 1113 8(
1222 1089 1284 1113 ne-

331 1120 480 1158 cessario
489 1133 660 1158 connotat
681 1122 883 1160 absolutum
897 1150 907 1160 .

430 1172 488 1207 Ad
500 1174 643 1208 tertium
658 1173 889 1210 concedimus
901 1199 913 1218 ‚
936 1176 1195 1213 beatitudinem
1209 1188 1281 1213 non

326 1222 514 1258 consistere
529 1225 563 1258 in
577 1221 736 1259 Afflione
753 1224 795 1258 de
809 1238 941 1271 genere
951 1226 1139 1263 Aetionis:
1161 1228 1282 1274 Siqui-

324 1272 404 1308 dem
422 1273 497 1308 haec
522 1284 593 1308 non
615 1272 663 1307 est
691 1273 893 1321 simpliciter
921 1277 1092 1322 perfeffio
1116 1278 1280 1324 agentis;

327 1334 361 1358 at
377 1325 537 1371 operatio
563 1334 634 1359 non
649 1323 698 1359 est
716 1324 890 1370 ejusmodi
917 1327 1024 1363 Aetio
1040 1354 1051 1369 ,
1088 1329 1148 1364 nisi
1173 1330 1281 1375 aequi.

328 1386 448 1415 voce;
470 1373 626 1419 ideoque
647 1373 721 1410 haec
758 1373 807 1410 est
829 1377 955 1413 ultima
983 1381 1169 1425 operantis
1197 1391 1280 1427 per·

323 1424 432 1460 festio
447 1450 455 1458 .

402 1474 460 1512 Ad
473 1472 796 1517 confirmationem,
806 1474 863 1510 Est
876 1476 1053 1526 responsio
1065 1479 1278 1521 dicentium,

328 1528 362 1561 in
380 1525 463 1560 afitu
478 1524 552 1559 duo
574 1523 641 1560 effe
666 1524 919 1562 consideranda
935 1555 946 1570 ‚
973 1542 1101 1577 nempe
1127 1531 1161 1565 8(
1191 1530 1282 1565 sub-

328 1576 491 1611 stantiam
509 1574 609 1610 aetus
624 1602 633 1616 ‚
648 1576 681 1610 8(
700 1574 851 1611 formam
869 1604 880 1619 ,
908 1591 926 1612 a
951 1591 1023 1625 qua
1046 1580 1146 1615 aelus
1170 1581 1279 1616 habet

329 1625 582 1673 perfe&i0nem
600 1639 611 1661 ι
629 1625 845 1672 principium
862 1628 970 1674 ipsius
987 1629 1181 1666 secundum
1196 1630 1280 1665 sub-

328 1677 488 1713 stantiam
503 1698 515 1716 ‚
532 1686 692 1710 naturam
709 1675 775 1709 esse
804 1687 930 1721 putant
942 1703 953 1718 ,
977 1680 1033 1713 vel
1060 1681 1277 1726 potentiam,

326 1738 365 1762 ut
382 1723 539 1771 ejusdem
553 1722 764 1770 principium
779 1722 971 1761 secundum
1004 1727 1156 1764 formam
1170 1755 1182 1771 ,
1212 1728 1278 1765 ha-

323 1776 417 1812 bitui
433 1773 812 1820 attribuuntprincipii
838 1777 1012 1811 rationem
1031 1805 1039 1813 .
1068 1778 1194 1825 Qui-fi
1218 1791 1279 1813 ac·

324 1826 474 1873 quisitus
489 1823 528 1858 {it
543 1850 553 1865 ,
569 1822 678 1859 nostri
700 1823 800 1860 aetus
822 1835 887 1859 nos
911 1827 1119 1860 omnimoda
1145 1825 1277 1863 causa-2

325 1878 454 1912 erimus
472 1872 631 1915 3Siverb
660 1871 819 1916 infusus,
845 1875 1018 1919 perfeftio
1047 1877 1112 1911 erit
1129 1889 1149 1911 a
1170 1877 1277 1913 causa

326 1927 602 1970 exteriori‚quae
613 1923 777 1959 habitum
792 1923 899 1960 efficit
919 1950 928 1959 .
941 1925 1037 1960 Cum
1049 1928 1161 1971 igitur
1175 1926 1276 1963 aetus

327 1979 362 2012 in
382 1975 484 2011 nobis
510 1986 580 2010 non
611 1983 766 2019 ponatur
793 1974 985 2010 beatitudo
1005 2002 1017 2018 ,
1042 1977 1103 2012 nisi
1139 1978 1276 2013 ratione

327 2026 558 2072 perfeetionis
574 2022 641 2059 suae
660 2050 669 2064 ‚
689 2034 851 2059 creatura
867 2024 934 2060 esse
963 2038 1034 2060 non
1066 2027 1182 2074 potest
1204 2027 1277 2064 suae

328 2076 561 2113 beatitudinis
575 2074 676 2109 causa
692 2099 702 2115 ,
719 2071 776 2108 sed
792 2074 886 2110 solus
904 2077 1002 2112 Deus
1017 2102 1026 2111 .

428 2127 566 2161 Contra
586 2151 595 2166 ,
611 2124 749 2161 Solutio
761 2123 835 2160 haec
848 2137 920 2161 non
945 2126 992 2161 est
1017 2127 1120 2163 nobis
1145 2129 1275 2176 proba-

327 2178 410 2213 bilis
424 2190 435 2217 ;
451 2179 547 2213 Nam
564 2176 663 2222 prius
680 2173 904 2211 essentialiter
930 2176 1128 2223 dependere
1151 2180 1276 2226 nequit

327 2229 373 2263 ab
389 2229 506 2272 aliqua
523 2226 625 2262 causa
645 2252 656 2268 ,
672 2237 689 2259 a
710 2236 781 2270 qua
807 2237 877 2261 non
904 2226 1078 2272 dependet
1101 2228 1277 2276 posterius

329 2276 553 2314 essentialiter
582 2291 593 2318 ;
617 2275 720 2311 aptus
740 2275 788 2311 est
820 2275 879 2311 sua
908 2275 1018 2312 forma
1043 2277 1275 2316 essentialiter

329 2327 610 2376 pri0r32150qtiin
624 2327 679 2361 illa
696 2326 808 2361 forma
824 2338 893 2361 non
909 2329 1144 2373 praeexigeret
1158 2330 1274 2365 aetum

329 2380 373 2413 ad
388 2376 436 2412 sui
451 2378 542 2423 effi'3
561 2389 645 2422 ergo
665 2376 684 2410 si
712 2375 835 2411 sumus
857 2376 961 2412 causa
987 2378 1188 2415 substantiae
1202 2407 1213 2422 ,
1239 2381 1274 2415 8(

326 2428 406 2475 ejus
424 2429 536 2463 forma
564 2440 581 2462 a
600 2428 703 2462 nobis
731 2425 927 2473 dependeat
947 2440 1113 2476 oportet,
1141 2431 1175 2466 8(
1200 2431 1276 2466 ira-2

328 2479 463 2515 nonnisi
482 2481 514 2513 in
531 2479 652 2525 aliquo
670 2489 797 2520 genere
814 2477 924 2515 causae
938 2505 946 2519 ‚
975 2479 1060 2514 nihil
1089 2481 1184 2515 enim
1215 2481 1275 2516 de-

327 2529 478 2577 pendere
492 2529 607 2575 potest
619 2526 842 2562 essentialiter
855 2530 972 2564 abillo
985 2557 995 2570 ‚
1022 2531 1120 2576 quod
1137 2542 1206 2566 non
1220 2531 1269 2566 est.

329 2583 446 2626 aliqua
461 2579 561 2614 causi
580 2577 808 2624 dependentis
826 2579 1030 2624 ,loquendo
1041 2580 1084 2615 de
1106 2580 1188 2616 aaa
1204 2583 1275 2628 pri-

330 2642 389 2666 mo
404 2641 625 2676 quocunque
642 2654 650 2662 .
681 2627 816 2663 Deinde
832 2655 840 2668 ‚
855 2630 910 2663 illa
929 2630 1041 2666 forma
1055 2642 1125 2665 non
1142 2631 1191 2667 est
1211 2632 1273 2667 nisi

331 2683 448 2725 aliqua
464 2680 621 2716 conditio
633 2678 736 2724 ipsius
752 2678 851 2713 aetus
864 2706 873 2719 ‚
886 2682 1041 2725 potentia
1053 2691 1275 2727 autem‚quae

330 2733 423 2767 elicit
441 2730 556 2765 aftum
579 2756 588 2770 ‚
605 2741 674 2763 non
693 2730 784 2763 elicit
798 2727 911 2774 ipsum
926 2731 1061 2766 nudum
1077 2754 1090 2773 ‚
1118 2731 1174 2766 sed
1189 2744 1272 2768 cum

330 2783 390 2817 tali
410 2809 419 2822 ,
433 2781 488 2815 vel
506 2781 567 2814 tali
581 2779 786 2814 conditione
802 2804 812 2820 ‚
826 2778 885 2813 seu
905 2780 1193 2823 circumstantia3
1224 2782 1275 2818 est

331 2844 415 2878 ergo
444 2830 545 2866 causa
575 2841 645 2864 non
673 2839 813 2864 tantum
835 2828 1035 2867 substantia:
1064 2831 1188 2875 aetus,
1217 2833 1275 2869 sed

331 2884 434 2917 etiarn
473 2881 594 2915 forma:
618 2879 738 2914 aetus.

434 2931 613 2966 Postremo
626 2958 635 2972 ‚
652 2928 841 2965 Probabile
853 2943 921 2966 non
936 2931 998 2972 est,
1014 2930 1192 2975 habitum,
1208 2933 1276 2970 esse

332 2981 422 3018 caus
439 2995 470 3017 m
493 2995 511 3016 a
533 2980 691 3027 potentia
721 2980 946 3024 dirundam,
974 2983 1007 3017 8(
1033 2983 1187 3030 aiicujus
1225 2985 1278 3019 di-

335 3032 449 3069 stinffi
469 3044 510 3073 ‚a
531 3030 688 3078 potentia
709 3043 719 3070 ;
740 3041 819 3065 nam
841 3031 987 3068 habitus
1013 3045 1083 3068 non
1105 3035 1153 3070 est
1174 3061 1185 3076 ‚
1216 3034 1278 3070 nist

333 3083 435 3118 causa
455 3081 605 3118 secunda
623 3079 780 3127 respefilu
797 3084 966 3126 potentia:
985 3096 997 3123 ;
1019 3082 1124 3118 eausa
1160 3096 1279 3119 autem

333 3133 485 3169 secunda
501 3159 511 3174 ‚
526 3133 557 3166 81
573 3133 684 3178 prima
699 3143 769 3166 non
782 3130 912 3167 habent
931 3132 1114 3169 distinetos
1135 3131 1279 3170 effeetus

329 3185 389 3221 fibi
408 3184 786 3231 proprios,quiatunc
816 3183 974 3228 respcftn
999 3186 1159 3219 neutrius
1186 3184 1280 3220 foret

332 3235 406 3270 baec
419 3235 530 3279 prima
550 3260 559 3274 ‚
574 3234 727 3269 illavero
747 3231 897 3268 secunda
912 3259 920 3268 .
951 3233 1086 3269 Rursus
1105 3261 1115 3275 ‚
1144 3234 1205 3270 iste
1227 3235 1280 3270 ef-

332 3284 448 3320 scetus
466 3281 808 3331 propriusltabitui‚
837 3282 919 3318 esset
947 3284 1137 3320 necessario
1165 3284 1278 3321 forma

332 3334 493 3371 absoluta
507 3361 516 3375 ‚
534 3334 554 3369 s·
575 3334 700 3370 relatio
715 3344 784 3367 non
797 3332 845 3367 cst
861 3345 920 3380 per
934 3333 966 3369 se
982 3336 1155 3371 terminus
1171 3347 1280 3381 agen-

331 3385 376 3420 tis
399 3412 407 3425 ,
426 3385 480 3420 vel
499 3382 652 3420 afflonis
666 3396 677 3423 ;
692 3393 760 3417 non
777 3382 825 3417 est
841 3394 956 3421 autern
972 3386 1158 3432 probabile
1175 3413 1187 3429 ,
1212 3387 1279 3422 esse

334 3434 510 3470 afkioncrn
525 3434 713 3469 formatam
729 3431 796 3466 hoc
812 3433 919 3468 modo
933 3448 946 3476 3
969 3437 1054 3481 quia
1069 3446 1155 3471 tunc
1171 3448 1279 3484 opor-

327 3495 441 3524 teret,
471 3485 646 3520 afflonem
668 3483 903 3528 attingentem
928 3484 1112 3532 obchIum
1141 3487 1274 3523 beatifi.

331 3545 412 3570 cum
432 3533 613 3568 includere
630 3534 703 3568 duo
726 3533 887 3569 absoluta
901 3560 910 3570 .

428 3583 484 3619 Est
504 3595 589 3629 ergo
603 3582 792 3619 dicendum
809 3583 852 3618 ad
876 3596 1127 3631 argumentum
1150 3610 1160 3625 ›
1190 3589 1278 3623 Bea-

328 3644 403 3669 tum
421 3632 487 3669 csse
504 3632 644 3668 causam
669 3631 819 3667 aethram
836 3660 847 3675 ‚
866 3637 1048 3681 partialem
1074 3646 1191 3672 tamen
1209 3639 1277 3674 res-

330 3684 435 3731 pec'tu
449 3684 678 3719 beatitudinis
694 3682 761 3718 suae
772 3695 945 3730 quantum
963 3686 1004 3720 ad
1026 3686 1113 3722 illud
1136 3688 1278 3725 absolu-

330 3745 405 3769 tum
421 3760 430 3775 ,
442 3732 541 3779 quod
554 3732 652 3768 estin
670 3734 894 3770 beatitudine
907 3761 918 3777 ‚
930 3737 1075 3772 alteram
1093 3749 1177 3772 vero
1194 3751 1278 3776 cau.

330 3783 401 3819 sam
420 3785 479 3869 ‚fiRc
496 3783 643 3829 quidem
658 3784 944 3835 principaliorem
961 3811 976 3832 ‚
1004 3785 1069 3824 else
1093 3786 1277 3836 objectum

329 3835 425 3873 beati
453 3845 534 3871 cum
549 3859 560 3872 .

1177 197 1366 269 Joannis
1396 204 1526 250 Dum
1556 201 1673 250 Scoti
1685 233 1699 247 .

1464 271 1522 309 Ad
1535 283 1706 318 quartum
1725 270 1981 312 ,concedimus
1997 298 2009 315 ‚
2035 273 2154 312 atquin
2189 274 2330 314 beatifi-

1360 333 1443 357 cum
1459 321 1529 357 esse
1551 322 1755 369 simpliciter
1780 322 1909 359 babitu
1935 325 2203 374 perfefflorem,
2219 329 2326 363 etiam
2361 324 2598 432 ἒθῗὲἒῆἰῖῑῐῆἓυίξ

2374 411 2391 430 U

1361 374 1395 407 in
1413 374 1549 407 ratione
1563 372 1791 418 perfestionis
1806 373 1926 410 finalis
1940 402 1951 417 ,
1976 378 2062 424 quia
2084 379 2325 414 immediatius

1362 421 1739 468 attingensobjeetum
1757 422 1891 465 finale3
1920 427 1954 462 3(
1982 430 2017 462 in
2047 429 2186 465 ratione
2215 429 2324 465 etiam

1362 473 1596 519 perfeetionis
1613 473 1770 508 formalis
1782 500 1793 514 ,
1805 476 1891 520 quia
1904 487 1999 512 tanta
2030 478 2205 524 perfeetio
2224 491 2326 516 non-s

1359 523 1471 571 posset
1496 535 1698 572 competere
1714 523 1976 563 habituitaliin
2003 526 2143 565 summo
2168 555 2180 572 ,
2202 542 2324 577 quan-

1359 584 1395 610 ta
1411 573 1507 609 aE‘tui
1525 576 1589 610 tali
1603 575 1639 609 in
1654 573 1793 610 summo
1809 601 1817 609 .

1456 625 1515 660 Ad
1531 626 1785 661 Probationem
1814 637 1860 661 ex
1883 627 2104 676 Philosopho
2137 638 2170 673 3.
2203 629 2322 676 Topic.

1357 674 1511 712 dicimus
1529 703 1541 718 ,
1568 675 1716 711 Βίξὶυτη
1731 675 1811 723 ejus
1834 677 1903 713 esse
1924 679 2195 726 intelligendum
2218 691 2323 717 caete-

1358 727 1406 760 ris
1422 728 1568 770 paribus
1584 740 1593 762 :
1610 738 1690 761 nam
1704 727 1738 762 8(
1758 729 1793 764 in
1808 729 1993 775 proposito
2005 729 2130 766 falsum
2156 729 2206 765 est
2221 732 2322 775 quod

1357 774 1521 812 subditur
1539 790 1550 818 ς
1567 777 1729 813 habitum
1744 805 1755 820 ‚
1770 781 1804 816 8(
1826 778 1947 814 aestum
1974 781 2009 815 in
2027 792 2070 815 eo
2094 779 2171 815 solo
2195 780 2319 816 distin-

1357 828 1451 871 gui,
1470 828 1565 862 (ruod
1601 827 1748 863 habitus
1773 831 1813 865 sit
1842 830 1926 865 aeta
1956 831 2225 878 permanentior
2244 857 2255 871 ,
2282 833 2320 869 &

1356 877 1565 913 diuturnior
1582 903 1591 913 .
1616 878 1753 915 Deinde
1767 881 1922 917 dicimus
1938 907 1950 923 ‚
1973 881 2091 917 aetum
2108 880 2320 918 beatificum

1357 927 1424 962 esse
1439 940 1537 975 aeque
1553 941 1813 976 permanentem
1826 943 1906 967 cum
1920 931 2047 967 habitu
2062 958 2073 974 ‚
2092 932 2124 967 8(
2148 943 2193 966 ex
2218 943 2320 979 parte

1357 979 1526 1024 potentiae
1539 1005 1550 1021 ,
1563 979 1597 1014 8(
1614 993 1660 1016 ex
1677 991 1776 1026 parte
1797 981 1933 1029 objeffi
1945 1009 1957 1026 ‚
1973 982 2008 1021 8(
2036 995 2083 1019 ex
2096 992 2196 1030 parte
2212 992 2322 1019 natu-

1356 1039 1402 1064 rae
1424 1027 1535 1073 hujus
1552 1055 1564 1071 ,
1583 1032 1616 1066 8(
1646 1031 1741 1066 illius
1757 1057 1768 1066 .

1454 1079 1514 1114 Ad
1527 1078 1716 1117 secundam
1731 1084 1978 1130 probationem
1992 1082 2191 1130 respondeo
2202 1108 2214 1125 ,
2240 1084 2322 1118 Ha-

1353 1129 1473 1165 bitum
1490 1130 1639 1166 nonesse
1653 1133 1794 1169 causam
1812 1134 1912 1170 aetus
1929 1161 1941 1176 ‚
1956 1134 2017 1170 nisi
2031 1133 2228 1182 partialem:
2246 1144 2322 1169 non

1354 1180 1402 1214 est
1418 1191 1537 1215 autem
1562 1183 1820 1219 inconveniens
1843 1183 1990 1221 asserere
2021 1182 2162 1220 causam
2185 1185 2321 1229 partia·

1354 1230 1420 1265 lem
1436 1232 1663 1276 oequivocam
1685 1235 1803 1269 minus
1829 1236 1983 1271 nobilem
2007 1235 2071 1271 suo
2097 1233 2253 1275 effefiu,
2282 1233 2319 1269 8(

1353 1282 1510 1316 maxime
1529 1283 1551 1318 si
1566 1283 1604 1317 sit
1621 1284 1781 1329 partialis
1794 1284 2000 1322 secundaria
2018 1314 2029 1328 ,
2043 1285 2216 1333 quamvis
2234 1294 2320 1320 cau-

1355 1330 1387 1364 sa
1402 1333 1524 1367 roralis
1547 1334 1734 1379 aequivoca
1750 1362 1761 1376 ,
1781 1338 1836 1372 vel
1859 1338 2016 1384 partialis
2033 1336 2241 1386 principalis
2256 1346 2322 1371 ne·

1354 1380 1500 1416 cessario
1513 1383 1550 1419 lit
1569 1383 1632 1419 suo
1649 1383 1780 1420 effeetu
1804 1388 1961 1423 nobilior
1978 1414 1987 1422 .

1454 1432 1514 1469 Ad
1527 1435 1695 1471 ultimum
1711 1436 1910 1484 respondeo
1928 1466 1936 1481 ,
1963 1438 2144 1487 Qoniam
2164 1445 2320 1472 natura:

1352 1483 1470 1519 omnis
1497 1484 1746 1522 intelleciualis
1784 1487 1960 1534 conjungi
1988 1487 2102 1536 potest
2125 1487 2242 1522 media
2265 1487 2319 1523 sui

1351 1536 1561 1579 operatione
1572 1536 1774 1572 extrinseco
1795 1538 1998 1585 perfeetivo
2018 1536 2257 1579 nobilissimo,
2280 1539 2317 1572 in

1353 1594 1429 1628 quo
1457 1585 1648 1626 ultimate,
1677 1587 1711 1620 8(
1740 1587 1896 1632 perfecie
1920 1586 2184 1631 conquiescat,
2205 1584 2319 1630 sitque

1350 1633 1503 1678 proinde
1518 1636 1619 1668 beata
1639 1636 1846 1670 diversitate
1869 1648 1991 1671 earum
2013 1645 2224 1670 naturarum
2243 1659 2256 1676 ,
2277 1634 2318 1671 fit

1352 1692 1392 1716 ut
1406 1684 1496 1724 alia,
1512 1684 1545 1719 8(
1573 1684 1638 1718 alia
1662 1685 1858 1720 necessario
1879 1685 2053 1730 exsurgat
2075 1684 2318 1729 attingenda-2

1349 1729 1428 1776 ejus
1439 1731 1574 1779 objthi
1595 1759 1606 1774 ‚
1631 1745 1739 1778 atque
1768 1735 1977 1770 earumdem
2005 1733 2191 1768 beatitudo
2214 1733 2318 1770 intel·

1350 1782 1558 1816 lectualium
1578 1792 1783 1818 naturarum
1803 1797 1815 1824 3
1830 1785 1898 1820 Sed
1914 1786 2084 1830 exemplo
2101 1794 2254 1831 accepto
2269 1796 2316 1821 ex

1351 1830 1601 1874 corporalibus
1615 1832 1664 1868 est
1684 1832 1897 1871 declaranda
1913 1860 1922 1871 .
1951 1835 2114 1871 Vltimus
2139 1836 2316 1872 terminus

1350 1880 1485 1926 quietis
1512 1883 1676 1928 gravium
1701 1894 1896 1931 corporum
1924 1883 2086 1920 centrum
2112 1882 2186 1920 est.
2207 1887 2317 1922 Huic

1351 1941 1476 1966 centro
1494 1931 1650 1968 adhztret
1664 1932 1812 1979 aliquod
1835 1945 1969 1982 corpus
1993 1946 2105 1980 grave
2120 1946 2181 1980 per
2207 1934 2262 1977 se,
2280 1938 2318 1973 8(

1349 1981 1469 2028 primo
1485 2009 1495 2023 ,
1520 1990 1618 2017 terra
1633 1984 1824 2019 nimirum.
1854 1983 2020 2032 Aliquod
2049 1995 2168 2020 autem
2200 1985 2320 2023 adhae-

1352 2041 1404 2065 ret
1416 2043 1477 2077 per
1489 2030 1524 2066 se
1542 2057 1551 2071 ‚
1564 2030 1623 2067 seri*
1640 2045 1709 2079 non
1723 2036 1839 2080 primo
1855 2062 1863 2075 ,
1879 2047 1966 2071 nam
1985 2034 2142 2070 adhaeret
2158 2047 2221 2082 pet
2233 2048 2319 2082 gra·

1350 2081 1498 2116 vitatem
1516 2081 1577 2116 sibi
1590 2095 1608 2117 a
1621 2094 1710 2118 terra
1726 2085 1972 2132 participatam
1985 2112 1996 2128 ,
2019 2098 2052 2120 ut
2075 2085 2216 2133 lapides
2232 2114 2244 2129 ‚
2267 2089 2305 2124 8(

1350 2131 1657 2181 νηεεαίἰαίηἱῑεπιε
1680 2134 1904 2172 visceribus.
1933 2136 2066 2172 Tertio
2102 2136 2211 2172 modo
2236 2149 2316 2174 cor-

1350 2194 1418 2228 pus
1436 2182 1587 2218 adbaeret
1604 2195 1730 2219 centro
1743 2185 1922 2222 mediante
1932 2197 2028 2222 terra
2047 2213 2057 2229 ‚
2090 2187 2151 2222 cui
2173 2186 2299 2225 unitur

1349 2231 1407 2267 sed
1420 2234 1598 2268 mobiliter
1610 2260 1621 2276 ,
1634 2235 1688 2269 uti
1707 2237 1829 2281 gravia
1846 2238 1882 2273 in
1897 2247 1997 2272 terra:
2020 2236 2214 2285 superficie
2236 2240 2318 2278 exi,

1348 2282 1475 2319 stentia
1493 2310 1501 2324 ‚
1517 2296 1598 2329 quae
1615 2285 1674 2320 etsi
1688 2285 1731 2322 ad
1745 2299 1886 2334 tempus
1910 2286 2095 2334 quiescant
2113 2314 2123 2328 ‚
2158 2298 2231 2322 non
2261 2300 2316 2324 ta-

1349 2345 1428 2368 men
1442 2335 1489 2367 ita
1506 2332 1586 2368 sunt
1602 2335 1646 2370 ad
1658 2337 1817 2382 quietem
1840 2338 2077 2374 determ1nata
2107 2337 2212 2373 sicuti
2236 2351 2316 2376 cor·

1347 2395 1435 2430 pora
1450 2384 1674 2429 quiescentia
1693 2387 1849 2422 secundo
1878 2390 1988 2424 modo
2000 2414 2010 2423 .

1450 2433 1628 2480 Corporis
1641 2437 1787 2483 ponderi
1804 2438 2058 2487 correspondet
2086 2438 2257 2475 voluntas
2274 2440 2310 2475 in

1350 2482 1598 2530 spiritualibus
1613 2498 1624 2526 ς
1640 2499 1720 2523 nam
1739 2490 2050 2534 quemadmodum
2073 2500 2204 2535 corpus
2221 2503 2317 2538 pon·

1348 2534 1431 2570 dere
1445 2563 1454 2576 ‚
1469 2536 1516 2570 ita
1529 2537 1697 2573 voluntas
1713 2550 1834 2574 amore
1853 2540 1966 2576 fertur
1990 2551 2215 2587 quocunque
2246 2540 2316 2575 fer-

1348 2594 1430 2627 tur,
1445 2595 1486 2620 ut
1516 2587 1566 2621 ait
1594 2586 1825 2633 Augustinus
1853 2589 1923 2626 XI.
1953 2589 1998 2625 de
2030 2590 2143 2626 Ciwt.
2174 2591 2316 2639 (πραῢ.

1350 2634 1529 2671 Centrum
1545 2660 1557 2678 ‚
1574 2638 1673 2683 quod
1687 2650 1733 2676 ex
1751 2651 1875 2677 natura
1891 2641 1941 2676 sui
1954 2640 2004 2675 est
2020 2640 2184 2676 ultimate
2209 2641 2316 2687 quie·

1354 2687 1509 2721 rativum
1523 2713 1535 2728 ‚
1549 2688 1696 2725 ultimus
1713 2690 1795 2726 finis
1812 2690 1860 2726 est
1880 2716 1889 2726 .
1907 2692 2005 2728 Huic
2030 2700 2156 2725 centro
2182 2691 2313 2725 volun·

1349 2747 1404 2771 tas
1419 2735 1542 2772 divina
1558 2738 1689 2784 ptime,
1702 2742 1736 2777 8(
1753 2753 1815 2788 per
1829 2740 1862 2776 se
1880 2754 1892 2782 ;
1909 2742 1996 2787 quia
2025 2750 2096 2774 non
2116 2740 2312 2787 participa·

1348 2787 1448 2822 tione
1465 2786 1618 2833 alicujus
1630 2791 1774 2827 alterius
1786 2805 1804 2826 a
1820 2791 1852 2828 se
1869 2818 1880 2833 ,
1898 2790 2130 2826 immobiliter
2147 2814 2159 2829 ‚
2186 2791 2221 2826 ἃ
2251 2803 2312 2825 ne-

1350 2836 1497 2872 cessario
1509 2838 1665 2874 adltaeret
1681 2867 1690 2879 ,
1705 2841 1790 2888 quia
1803 2854 1874 2877 non
1888 2853 1949 2889 per
1965 2838 2130 2876 habitum
2143 2864 2154 2880 ,
2168 2852 2231 2876 nec
2243 2852 2306 2887 per

1349 2887 1494 2936 paffium
1528 2900 1547 2922 a
1573 2888 1605 2924 se
1630 2889 1874 2935 differentem,
1900 2903 1964 2926 nec
2001 2894 2137 2925 virtute
2160 2890 2311 2926 alterius

1350 2937 1462 2974 causae
1475 2937 1666 2986 superior?s
1682 2968 1693 2983 ,
1713 2941 1956 2990 perfer-“tissime
1981 2949 2077 2976 amat
2101 2938 2188 2974 iliud
2218 2939 2313 2975 suin-

1352 3001 1450 3025 mum
1467 2989 1604 3025 bonum
1617 3015 1629 3032 ,
1642 2992 1676 3028 8(
1695 2993 1886 3028 necessario
1904 3018 1914 3027 .
1945 2992 1985 3027 ln
2018 2988 2172 3027 secundo
2192 2991 2312 3035 gradu

1355 3039 1404 3075 est
1422 3040 1591 3076 voluntas
1606 3042 1700 3080 beati
1718 3070 1727 3084 ‚
1742 3055 1824 3089 qua:
1839 3055 1911 3078 non
1936 3042 2056 3089 primo
2069 3066 2082 3082 ‚
2110 3037 2165 3073 sed
2192 3043 2305 3088 parti·

1354 3089 1508 3137 cipando
1523 3103 1541 3125 a
1554 3092 1633 3126 Deo
1648 3120 1658 3135 ‚
1677 3105 1736 3142 per
1749 3093 1780 3129 se
1792 3104 1910 3129 tamen
1925 3118 1935 3133 ‚
1961 3093 2047 3138 quia
2064 3101 2126 3136 per
2156 3088 2307 3128 formam

1355 3140 1876 3185 suamintrinseeam‚firmiter
1902 3141 2040 3178 summo
2065 3141 2162 3175 bono
2190 3140 2309 3177 adhae-

1356 3202 1408 3227 ret
1424 3218 1433 3234 ,
1447 3189 1558 3237 idque
1571 3195 1656 3239 quia
1671 3194 1760 3230 faeta
1782 3194 1832 3231 est
1852 3191 1951 3240 quasi
1975 3190 2160 3227 intrinseca
2179 3193 2312 3227 volun-

1356 3243 1419 3276 tati
1439 3243 1556 3288 primo
1571 3244 1792 3289 quiescenti,
1813 3245 1848 3280 in
1862 3240 1943 3289 ejus
1965 3242 2192 3288 beneplacito
2219 3240 2309 3277 sem-

1356 3303 1419 3338 per
1437 3303 1580 3328 manens
1595 3320 1602 3328 .
1635 3295 1675 3330 ln
1695 3296 1803 3331 tertio
1819 3293 1959 3330 tandem
1973 3291 2084 3338 gradu
2103 3291 2152 3327 est
2179 3292 2312 3329 volun-

1357 3352 1411 3376 tas
1428 3339 1514 3386 justi
1529 3343 1676 3381 viatoris
1692 3372 1703 3388 ,
1717 3346 1780 3392 qui
1796 3344 1877 3381 licet
1894 3343 2067 3377 innitatur
2097 3343 2228 3378 divinae
2245 3353 2311 3377 vo-

1358 3391 1487 3426 luntati
1502 3418 1513 3433 ‚
1529 3394 1561 3428 8(
1577 3395 1752 3432 mediante
1765 3397 1822 3432 illa
1839 3421 1851 3437 ‚
1864 3393 2002 3429 summo
2030 3394 2126 3428 bono
2144 3421 2156 3436 ‚
2181 3394 2217 3429 in
2232 3404 2311 3440 quo

1356 3439 1506 3488 quiescit
1520 3442 1590 3488 ipsa
1604 3446 1770 3482 voluntas
1784 3470 1796 3489 ,
1813 3444 1909 3480 haud
1932 3453 2047 3478 tamen
2076 3443 2225 3480 firmiter
2249 3443 2311 3478 ad-

1356 3490 1464 3527 haeret
1485 3492 1535 3526 illi
1553 3495 1672 3537 bono,
1696 3498 1752 3532 vel
1783 3494 2005 3543 beneplacito
2028 3493 2159 3530 divina:
2184 3494 2313 3530 volun·

1358 3543 1441 3576 tatis
1460 3569 1469 3578 .
1496 3541 1602 3580 Vnde
1616 3557 1710 3582 nunc
1730 3546 1880 3583 adhaeret
1905 3545 1981 3585 iiii,
2006 3556 2100 3580 nunc
2117 3547 2163 3581 ab
2186 3545 2304 3582 eadem

1357 3594 1558 3628 avertitur.
1591 3595 1644 3631 Ex
1679 3597 1736 3634 his
1762 3596 1915 3632 dicimus
1952 3593 1995 3629 ad
2025 3606 2276 3642 argumentum
2295 3623 2306 3640 ‚

1358 3640 1476 3678 aetum
1494 3655 1569 3689 quo
1595 3645 1689 3682 beati
1712 3646 1876 3683 ultimate
1904 3645 2166 3691 conquiescunt
2183 3672 2194 3688 ,
2216 3646 2308 3686 essm

1357 3703 1546 3739 perennem
1563 3719 1573 3735 ,
1598 3706 1662 3731 nec
1684 3697 1830 3734 interire
1853 3707 2014 3742 unquam
2031 3723 2042 3738 ‚
2068 3707 2130 3732 aut
2153 3698 2308 3736 desinere

1356 3740 1434 3787 effi,
1450 3753 1490 3777 ut
1507 3745 1640 3780 tafitum
1658 3746 1725 3781 fuit
1743 3749 1778 3784 in
1792 3747 2030 3795 responsione.
2048 3748 2309 3796 Adquartum.

1359 3793 1532 3828 Viatores
1548 3796 1781 3842 verojustos‚
1798 3808 1938 3834 tantum
1962 3795 2127 3835 excidere
2150 3813 2169 3835 a
2191 3801 2308 3849 perfe-

1358 3840 1478 3880 aione
1490 3844 1655 3893 perfetftae
1680 3848 1936 3894 beatitudinis,
1957 3857 2137 3896 quantum
2163 3851 2306 3889 mobili-

2196 3912 2254 3939 ter

2394 411 2411 431 o
2421 401 2516 433 habitu
2528 420 2538 432 ι

2371 1508 2401 1536 4·
2412 1498 2439 1528 d.
2450 1508 2499 1543 49:
2518 1506 2548 1534 q·
2560 1504 2589 1525 ΖΙ

2352 1540 2380 1571 ᾗ.
2403 1540 2505 1567 Tema
2529 1545 2589 1563 con.

2354 1577 2443 1614 clusio,
2459 1576 2485 1602 3<
2499 1578 2525 1606 §5-
2544 1577 2590 1601 De

2346 1612 2466 1651 secundo
2482 1621 2505 1639 1.
2518 1611 2546 1639 d.
2564 1621 2591 1638 i.

2352 1660 2381 1689 q·
2395 1659 2423 1684 ς.
2448 1653 2473 1682 §n
2485 1651 2536 1679 ‘Ad
2545 1648 2590 1687 fh·

2350 1688 2483 1717 lurionem
2501 1706 2510 1713 .

2370 1727 2520 1756 Beatirudo
2540 1725 2586 1754 ad-

2352 1765 2439 1794 mititt
2487 1763 2589 1800 gradus

2350 1813 2403 1842 pro
2431 1802 2589 1833 diversitate

2350 1852 2511 1871 naturarum
2543 1849 2589 1868 in-

2353 1880 2554 1912 tellectualium
2574 1896 2587 1910 0

2395 2511 2484 2539 Amor
2507 2519 2585 2540 mens

2349 2555 2456 2587 pondus
2475 2558 2582 2583 mewn,

2348 2597 2383 2616 eo
2401 2588 2472 2615 feror
2512 2596 2586 2624 quo-

2348 2636 2460 2666 cunque
2470 2626 2544 2655 feror
2556 2643 2566 2653 .
