2607 4022
104 181 266 212 Incorpore

26 212 28 218 ’
73 217 178 247 nonest
214 212 264 240 ha-

67 259 140 286 bitus·
177 260 265 288 rePO·

68 295 190 325 uendus.

67 941 177 971 Dok'iot·
187 941 270 977 ωδ·

67 979 146 1020 [uper
158 978 265 1008 Praedi-

69 1027 168 1050 camon·
182 1025 227 1054 14·

18 1270 19 1287 1
72 1268 97 1294 ι.
109 1257 138 1290 d.
150 1268 196 1296 17.
207 1268 268 1300 q.2.

148 2355 236 2385 Βοᾶ.
248 2355 275 2384 in

76 2396 195 2439 Cotum.
218 2403 276 2425 tex.

75 2443 109 2471 ,ς
116 2454 124 2463 ι
137 2444 161 2463 <l
168 2442 190 2463 to

77 2587 106 2615 q,
119 2579 163 2609 36.
181 2572 279 2610 super.

79 2613 278 2645 Praedicamm.

77 2662 107 2683 ta
119 2664 147 2681 n.
175 2658 220 2681 ιι·
242 2653 278 2680 θ’

76 2703 124 2722 20·

771 67 932 115 Tomus
963 68 1043 114 III.
1080 65 1262 116 Par-td.
1286 66 1455 139 Qfest.
1486 69 1537 115 L.
1567 69 1673 118 Art.
1706 69 1768 119 11.

300 153 371 176 non
382 141 546 187 gignitur
560 138 707 173 habitus
723 137 856 182 aliquis
867 138 900 170 in
913 137 1018 179 gravi
1044 149 1243 183 quantum-

300 202 447 240 cunque
459 200 586 237 ngatur
600 185 852 223 deorsumxnec
871 186 1003 233 pariter
1014 188 1100 233 quid
1118 190 1247 236 nequl-

300 244 392 277 ritur
412 254 472 288 pei-
488 239 693 274 violentiam
712 238 820 273 motis
835 263 844 276 ,
872 237 964 272 unde
981 236 1165 274 assuefiant
1192 240 1244 276 ita

299 294 454 335 moveri,
472 300 511 326 ut
529 288 666 324 facilius
684 287 892 323 violentiam
907 289 1090 335 patiantur
1109 315 1119 331 ,
1135 289 1246 336 idque

300 341 524 381 manifestum
541 337 770 386 estinlapide
782 336 920 374 sursum
937 338 1019 374 aeto
1036 363 1045 373 .
1063 340 1243 384 Gignitur

299 394 423 441 itaque
434 390 581 427 habitus
597 389 615 433 (
630 400 669 426 ut
685 388 822 425 dietum
836 388 885 425 est
898 388 1248 437 quaestionepraeced.

299 455 373 480 arc.
398 456 426 489 a.
443 443 463 490 )
476 443 509 476 in
527 441 699 487 potentiis
712 440 757 476 de
771 439 805 477 se
818 440 861 475 ad
874 439 977 476 aetus
994 440 1250 476 indetermina-

300 496 374 541 tis,
399 503 511 540 atque
524 489 752 537 admajorern
781 491 1026 527 velminorem
1056 490 1249 539 perfectio-

300 557 381 582 nem
397 542 589 579 earundem
609 555 670 590 per
683 542 909 588 frequentem
943 554 1068 579 eorum
1101 541 1249 578 aestuum

302 596 555 641 repetitionem
570 620 578 629 .
603 594 764 630 Habitus
782 592 957 641 proinde,
988 594 1052 640 qui
1080 593 1251 629 videntur

302 645 338 681 in
351 657 502 690 corpore
514 671 526 687 ,
550 656 589 681 ut
602 645 637 680 in
654 642 819 690 subjecto
834 656 976 682 manere
990 671 1002 688 ‚
1032 655 1153 681 revera
1176 653 1249 678 non

303 695 431 731 suntin
447 707 595 743 corpore
613 695 668 731 sed
684 696 719 731 in
733 704 850 732 mente
866 696 921 730 vel
936 697 969 732 in
989 695 1125 733 virtute
1137 692 1250 741 phan-

301 747 426 782 tastica
444 772 455 788 ,
484 759 566 792 quae
581 758 732 795 corpore
747 773 760 789 ,
792 757 828 780 ut
851 744 1091 782 instrumento
1118 744 1250 785 utitur,

298 795 401 843 juxta
417 798 515 845 regul
541 808 558 834 s
572 810 631 842 per
641 808 754 833 artem
780 795 948 840 dictatas,
962 797 1006 834 de
1021 808 1095 847 qua
1109 807 1144 830 re
1159 793 1251 831 infra

300 857 375 883 art.
402 856 434 894 3.
455 849 670 890 explicatior
688 847 800 885 sermo
815 847 884 883 erit
903 873 913 883 .

401 898 462 938 Ad
489 911 705 946 argumenta
733 925 743 934 .
771 897 828 934 Ad
852 899 1006 944 primum
1041 894 1255 945 respondeo,

301 948 534 987 Aristotelem
548 963 591 986 eo
607 951 680 997 loci
694 947 915 989 enumerasse
944 950 1067 998 plures
1096 947 1253 997 qualita-

300 1010 353 1034 tes
372 1027 384 1042 ³
412 1000 492 1049 Utfi
500 1003 650 1038 ientiam
663 1029 673 1045 ‚
699 1002 744 1044 ὠ·
760 1004 940 1037 virtutem
953 1027 962 1042 ‚
980 999 1182 1045 sanitatem
1196 1008 1256 1033 ra-

301 1049 461 1087 dicatam
473 1077 486 1097 ‚
509 1053 552 1092 &⁶
566 1064 632 1090 non
648 1053 850 1089 radicatam
860 1065 899 1089 m
911 1049 1070 1099 ficbjeslo
1083 1076 1094 1092 ‚
1124 1046 1256 1095 easque

303 1101 339 1136 in
354 1103 466 1148 prima
485 1103 598 1152 specie
626 1102 806 1144 statuisse,
829 1112 1010 1149 quatenus
1042 1101 1086 1136 ad
1116 1100 1255 1135 aliam-2

303 1155 447 1199 proprie
465 1154 622 1198 spectare
636 1166 705 1189 non
718 1153 934 1191 videbantur
956 1165 981 1194 3.
996 1154 1089 1189 Nam
1105 1161 1255 1186 enume-

304 1214 388 1239 ratae
406 1205 438 1240 8<
455 1203 664 1252 ejusmodi,
689 1216 805 1252 neque
820 1205 902 1241 sunt
916 1203 1118 1240 exteriores
1134 1200 1257 1248 dispo*

303 1252 449 1291 fitlom's
462 1258 535 1298 rei,
561 1267 680 1305 neque
698 1269 759 1303 per
776 1253 807 1291 se
834 1255 1010 1294 sensibilia
1023 1279 1036 1298 ‚
1061 1264 1180 1299 neque
1202 1253 1257 1287 in-

303 1315 384 1339 nata
402 1305 577 1354 principia
591 1307 763 1354 operandi
779 1333 789 1349 ,
820 1308 876 1343 vel
893 1304 1054 1354 patiendi
1080 1330 1087 1339 .
1115 1304 1257 1340 Verun-

304 1365 421 1392 tamen
435 1354 541 1401 juxta
560 1357 652 1394 hanc
668 1358 870 1403 generalem
888 1357 1134 1400 acceptionem
1152 1353 1258 1389 nobis

306 1417 378 1441 non
397 1407 445 1442 est
464 1406 579 1443 sermo
595 1410 636 1444 ad
649 1408 802 1456 praesens
821 1409 864 1445 de
879 1409 1008 1444 habitu
1022 1433 1034 1450 ‚
1061 1404 1116 1441 sed
1129 1414 1258 1452 quate·

306 1468 373 1492 nus
392 1456 439 1493 est
455 1460 611 1505 qualitas
627 1460 792 1507 qttaedam
810 1459 979 1497 derelieka
1006 1459 1041 1493 in
1071 1457 1188 1492 anima
1214 1465 1260 1491 ex

307 1506 449 1543 actibus
462 1509 671 1554 frequenter
687 1512 817 1544 elicitis
834 1512 926 1545 circa
945 1508 1038 1545 idem
1054 1505 1260 1552 objectum,

308 1556 485 1592 facilitans
499 1558 649 1594 subinde
666 1583 675 1597 ‚
688 1557 911 1593 &inclinans
927 1560 1261 1606 porentiam‚quam

309 1605 416 1641 afficit
431 1633 442 1649 ‚
457 1607 500 1642 ad
513 1606 715 1643 exeundum
734 1608 768 1643 in
783 1607 881 1644 aetus
897 1605 1100 1643 consimiles
1116 1607 1260 1641 illorum

308 1658 555 1704 perquoseffi‘
577 1659 740 1702 accepit,
763 1669 803 1693 ut
826 1660 875 1693 ait
906 1655 1146 1705 Philosophus
1172 1681 1182 1696 ,
1225 1666 1258 1689 2.

310 1707 431 1743 Erich.
444 1715 519 1754 cap.
544 1720 570 1743 t.
598 1707 643 1743 (θ’
661 1716 694 1751 3.
722 1709 812 1741 Huc
838 1709 949 1751 igitur
991 1708 1158 1742 habilitas
1200 1706 1258 1743 vel

308 1757 457 1793 facilitas
469 1755 634 1793 derelitsta
650 1756 686 1791 in
702 1768 818 1791 anima
831 1757 920 1791 dicit
934 1757 1097 1790 ordinem
1112 1759 1154 1790 ad
1169 1770 1258 1802 ope.

305 1809 482 1845 rationem
500 1834 509 1847 ‚
534 1817 573 1843 ut
590 1807 919 1853 exoperationibus
932 1803 1055 1842 efftusta
1069 1803 1117 1840 est
1150 1833 1157 1842 .
1185 1806 1260 1840 Seu

305 1858 337 1895 is
352 1857 443 1894 ordo
462 1857 639 1894 statuatur
657 1857 691 1893 &
707 1859 928 1894 attribuatur
941 1856 1081 1893 habitui
1099 1855 1134 1892 in
1151 1867 1260 1902 gene-

308 1920 347 1945 re
361 1908 476 1945 causae
489 1908 646 1944 formalis
658 1909 786 1945 inciina
796 1910 866 1945 ntis
881 1907 988 1944 instar
1004 1909 1174 1956 ponderis
1194 1919 1262 1955 po-

309 1961 458 1996 tentiam
474 1985 486 2002 ,
511 1959 570 1997 seu
584 1958 726 1995 dicatur
741 1961 893 1996 influere
909 1959 1029 1995 affive
1069 1959 1177 1997 Unde
1197 1957 1261 1995 etfi

307 2009 452 2047 scientia
466 2037 477 2053 ,
504 2012 538 2048 8<
556 2010 673 2046 virtus
693 2012 839 2057 proprie
850 2011 915 2046 sint
940 2011 1088 2047 haoitus
1108 2011 1263 2047 animam

307 2060 524 2103 afficientes,
552 2062 691 2110 quippe
708 2063 773 2108 qui
800 2062 962 2099 ordinem
993 2062 1191 2109 important
1218 2059 1264 2096 ad

308 2113 561 2156 operationem
581 2124 593 2153 3
621 2112 650 2149 is
673 2125 792 2150 tamen
814 2112 906 2149 ordo
922 2125 993 2149 non
1017 2114 1204 2150 invenitur
1229 2114 1266 2147 in

309 2163 527 2209 agritudine
545 2191 555 2207 ,
586 2165 616 2201 3<
637 2164 791 2201 sanitate
807 2192 816 2205 ‚
838 2166 1008 2213 quamvis
1022 2167 1069 2199 ob
1081 2162 1264 2213 quandam

310 2215 566 2263 proprietatem
600 2217 677 2258 eis,
705 2216 859 2265 aliisque
885 2215 1070 2254 habitibus
1101 2227 1268 2251 commu·

312 2277 393 2302 nem
411 2292 422 2308 ,
447 2267 478 2302 St
498 2266 647 2304 habitus
665 2269 894 2315 appellentur
911 2279 971 2312 pei·
999 2267 1181 2314 quandam
1208 2276 1270 2302 ex·

311 2316 538 2354 tensionem:
566 2320 651 2366 quia
679 2331 749 2355 non
775 2321 971 2367 important
1000 2317 1269 2366 dispositionem

315 2366 359 2402 ad
369 2370 617 2415 operationem
635 2397 646 2413 ,
670 2369 726 2404 sed
742 2370 786 2406 ad
799 2369 832 2407 se
849 2367 1016 2407 zSanitas
1030 2370 1124 2406 enim
1149 2370 1200 2409 est
1219 2380 1271 2404 ta-

315 2419 358 2456 lis
372 2419 556 2467 dispositio
574 2444 587 2464 ,
615 2420 809 2459 secundum
827 2433 939 2469 quam
957 2421 1096 2468 aliquid
1113 2421 1162 2457 est
1182 2422 1272 2458 bene

315 2469 577 2519 dispositurum
593 2472 625 2510 se
648 2473 681 2510 8<
700 2472 865 2509 absolute
885 2501 893 2509 .
926 2473 979 2510 At
992 2470 1114 2508 cursor
1128 2471 1178 2508 est
1207 2473 1272 2508 be-

317 2534 360 2558 ne
375 2521 571 2566 dispositus
583 2524 625 2560 ad
644 2524 738 2560 aliud
756 2548 768 2567 ‚
784 2523 919 2562 scilicet
939 2524 981 2559 ad
997 2524 1218 2560 currendum
1236 2548 1246 2558 .

417 2572 478 2609 Ad
495 2573 689 2611 secundum
704 2575 860 2611 dicimus
876 2603 886 2617 ,
913 2574 1217 2623 pulchritudinem
1234 2573 1272 2610 Sc

319 2621 485 2659 decorem
501 2634 695 2666 corporum
710 2627 828 2662 anima
853 2626 1085 2673 praeditorum
1111 2624 1272 2671 spectare

319 2673 363 2708 ad
376 2685 540 2716 quartam
560 2674 714 2719 speciem
731 2677 931 2726 Qliratis
944 2702 958 2722 ‚
973 2688 1054 2725 qua:
1069 2675 1117 2712 est
1130 2676 1271 2718 Forma,

320 2726 352 2761 ἃ
372 2725 513 2773 Fzgura
529 2751 538 2761 .
554 2729 649 2763 Nam
668 2726 782 2763 forma
801 2739 873 2762 uno
891 2732 999 2763 modo
1013 2726 1063 2763 est
1089 2726 1272 2763 transcen-

318 2777 408 2812 dens
424 2803 436 2819 ,
451 2787 528 2822 quo
541 2777 648 2824 paflo
661 2778 841 2825 accipitur
859 2779 1074 2826 inprincipio
1088 2777 1272 2823 libellifix

321 2828 599 2872 ‘Principiorum
612 2840 622 2858 ι
635 2829 705 2863 alio
722 2828 829 2864 modo
845 2831 892 2866 est
906 2830 1063 2866 extetior
1088 2828 1271 2876 dispositio

318 2882 368 2916 rei
386 2880 552 2914 animatae
572 2906 580 2920 ‚
609 2879 664 2913 vel
680 2879 968 2916 decenslineatio
991 2906 1000 2916 .
1026 2880 1200 2916 Similiter
1217 2879 1271 2924 fi-

311 2943 408 2977 gura
424 2929 536 2977 primo
548 2928 719 2977 significat
734 2929 954 2976 superficiem
982 2929 1155 2967 inclusam
1171 2958 1181 2973 ,
1215 2931 1271 2967 vel

318 2982 546 3017 terminatam
565 2981 667 3017 lineis
695 2994 704 3016 :
740 2978 908 3018 Secundo
925 3009 935 3024 ‚
956 2981 1066 3028 ipsam
1098 2982 1270 3018 termina-

317 3033 478 3075 tionem,
494 3031 548 3067 vel
561 3032 780 3067 clausionem
799 3033 999 3079 superficiei
1017 3058 1025 3067 .
1044 3035 1132 3068 l-laec
1147 3034 1270 3078 itaque

319 3082 396 3118 duo
411 3109 420 3123 ‚
441 3081 547 3128 juxta
568 3083 676 3127 prima
710 3082 902 3130 significata
931 3110 944 3130 ,
977 3095 1047 3118 non
1091 3084 1269 3128 pertinent

317 3145 383 3181 per
402 3132 432 3169 se
447 3132 490 3167 ad
508 3144 622 3178 genus
637 3135 837 3185 Qalitaris
850 3157 861 3176 ‚
891 3133 950 3169 sed
980 3132 1174 3169 secundum
1205 3145 1270 3179 po·

319 3183 482 3220 steriores
499 3185 726 3231 acceptiones
740 3187 897 3221 conflant
925 3196 1092 3233 quartam
1118 3182 1270 3232 speciem

321 3234 550 3282 QalitatiS.

425 3286 560 3322 Etcum
583 3286 749 3328 arguitur
763 3299 771 3322 :
785 3285 871 3333 quia
885 3287 960 3323 haec
975 3283 1172 3333 suscipiunt
1197 3297 1272 3320 ma·

323 3335 376 3383 gis
391 3336 421 3371 8<
443 3337 577 3375 minus,
592 3337 691 3383 quod
708 3349 777 3373 non
795 3338 842 3372 est
858 3349 995 3386 quartae
1009 3336 1164 3384 speciei.
1182 3336 1269 3373 Res·

321 3385 471 3434 poniio:
488 3384 698 3422 Aristoteles
724 3400 795 3423 non
827 3401 956 3434 negat,
979 3388 1176 3435 qualit-tres
1195 3398 1274 3422 om·

322 3446 533 3482 nesquartae
549 3435 673 3479 speciei
694 3438 869 3484 suscipere
888 3442 1000 3488 magis
1017 3440 1050 3475 8<
1072 3439 1273 3476 minus.be-

325 3498 369 3522 ne
383 3497 500 3523 tamen
513 3486 684 3533 quasdam
715 3501 758 3524 ev
785 3491 864 3532 eis,
887 3489 986 3538 quoa!
1013 3491 1114 3535 plane
1144 3488 1274 3525 sufficit

327 3535 371 3570 ad
385 3538 569 3573 veritatem
584 3539 836 3583 propositionis
853 3541 922 3576 suae
940 3568 949 3583 ‚
970 3553 1052 3588 qttae
1079 3551 1153 3576 erat
1178 3540 1274 3575 hanc

328 3587 772 3636 proprietatemsas'cipere
784 3593 896 3638 magis
908 3591 951 3629 Φ·
965 3604 993 3626 m
1003 3591 1170 3632 inurmon
1184 3589 1274 3626 ines-

329 3635 364 3671 se
379 3638 676 3685 omniquaiitari:
695 3643 764 3679 illis
778 3654 897 3678 autem
916 3644 951 3680 in
973 3653 1102 3688 quarta
1133 3640 1276 3687 specie—³

330 3699 403 3723 non
425 3689 511 3723 inest
544 3716 551 3725 .
592 3702 674 3738 quae
698 3691 774 3728 sunt
811 3694 1004 3741 qualitates
1045 3691 1278 3727 Mathemati-

333 3749 484 3824 coru-*33
514 3740 680 3826 quliilillae
696 3742 774 3779 sunt
787 3755 888 3781 motu
910 3745 1076 3793 priores,
1103 3744 1138 3780 8(
1165 3746 1276 3792 magis

475 3801 538 3824 Oli*-
618 3817 627 3827 ο

2099 91 2118 122 1
2164 93 2195 128 9

1325 143 1359 175 ἃ
1378 150 1519 179 ramus,
1539 149 1611 172 non
1624 138 1861 176 inveniuntur
1872 140 1935 178 nist
1954 141 2017 177 ubi
2033 141 2082 178 est
2103 90 2223 182 m{tus
2237 173 2248 186 ,

1491 237 2002 281 ARTlCULUS
2067 242 2117 279 ll.

1324 337 1462 376 Utrum
1476 339 1592 375 anima
1607 339 1869 387 firsubjeftum
1902 340 2050 378 habitus
2079 342 2278 383 secundum

1421 388 1519 429 suam
1532 390 1716 428 essentiam
1732 418 1745 435 ,
1768 392 1826 428 vel
1839 391 1936 427 suam
1951 397 2149 440 potentiam
2163 422 2174 433 .

1376 491 1510 529 Doffor
1529 501 1564 528 2.
1580 490 1616 527 d.
1634 492 1695 530 26.
1710 491 2032 541 utriusquescripti
2048 496 2088 530 S.
2106 497 2228 533 Tomax

1434 553 1463 579 1.
1486 553 1516 578 2.
1532 554 1565 590 q.
1580 553 1639 588 50.
1652 552 1723 581 art.
1738 554 1773 579 2.
1797 545 1886 580 Huc
1915 544 2060 590 sacrum
2085 546 2178 583 d-‘fi‘a

1441 591 1563 641 supra
1575 605 1609 641 q.
1633 606 1665 642 3.
1679 604 1750 632 art.
1768 606 1803 631 2.
1818 595 1953 632 iterum
1979 605 2127 646 repento
2141 623 2151 633 .

1442 693 1629 743 lispondeo
1640 722 1652 738 ,
1665 696 1894 744 quorundam
1909 697 1957 734 est
1972 695 2030 732 hic
2041 699 2121 734 talis
2136 697 2278 735 senten·

1451 747 1500 781 tia
1524 773 1532 782 .
1558 747 1596 782 Si
1625 749 1822 797 accipiatur
1849 748 2023 790 habitus,
2050 747 2281 785 secundum..

1326 798 1426 842 quod
1438 796 1546 833 habet
1558 797 1723 834 ordinem
1737 799 1780 834 ad
1804 810 1966 836 naturam
1981 823 1994 843 ,
2019 798 2065 836 sic
2087 799 2152 836 efl‘e
2177 810 2281 837 non.-

1331 847 1496 893 potestin
1510 849 1657 889 anima3
1679 851 1763 896 quia
1780 851 1874 887 enim
1891 849 1962 896 ipsa
1988 851 2104 886 anima
2127 850 2176 887 est
2206 852 2281 886 for-

1330 908 1386 932 ma
1402 899 1587 946 complens
1599 898 1790 935 humanam
1804 912 1969 936 naturam
1984 926 1997 940 ,
2025 903 2137 948 magis
2149 900 2197 938 est
2215 902 2281 937 ali-

1328 949 1415 995 quis
1428 949 1578 987 habitus
1593 950 1649 985 vel
1665 950 1847 998 dispositio
1863 953 1897 986 in
1914 963 2066 996 corpore
2095 954 2130 989 in
2156 952 2284 989 ordine

1332 998 1377 1034 ad
1394 1000 1548 1036 animam
1568 1028 1579 1043 ,
1603 1011 1711 1048 quam
1725 1014 1742 1037 e
1759 1001 1934 1039 converso
1949 1028 1958 1037 .
1976 1001 2024 1039 At
2039 1003 2061 1038 st
2086 1005 2284 1050 loquamur

1333 1048 1377 1085 de
1391 1051 1510 1098 aliqua
1524 1050 1696 1098 superiori
1712 1064 1839 1088 natura
1855 1079 1867 1094 ,
1897 1050 2004 1098 cujus
2027 1053 2138 1089 homo
2166 1053 2286 1102 potest

1332 1099 1402 1136 effe
1417 1103 1594 1150 particeps
1610 1128 1621 1143 ,
1642 1100 1749 1147 juxta
1766 1104 1855 1138 illud
1877 1116 1909 1139 z.
1925 1103 2018 1138 Petri
2032 1116 2109 1151 cap.
2131 1118 2160 1140 r.
2175 1101 2288 1150 Vest-

1333 1164 1410 1189 mus
1421 1153 1589 1200 confirtes
1602 1161 1739 1190 naturae
1753 1155 1888 1190 divinae
1900 1180 1909 1194 ‚
1935 1154 2022 1190 nihil
2038 1155 2205 1201 prohibet
2223 1182 2235 1198 ,
2249 1156 2288 1190 in

1332 1205 1451 1239 anima
1465 1203 1660 1240 secundum
1674 1203 1769 1242 suam
1787 1204 1971 1241 essentiam
2003 1205 2071 1242 effe
2097 1207 2290 1255 aliquem.-

1331 1255 1498 1292 habitum
1517 1282 1527 1297 ,
1551 1254 1681 1291 scilicet
1695 1257 1845 1303 gratiam
1861 1281 1871 1290 .
1886 1256 1922 1293 Si
1951 1255 2108 1304 denique
2134 1257 2292 1304 accipia-

1334 1317 1395 1343 tur
1412 1305 1561 1342 habitus
1578 1307 1752 1344 in'ordine
1768 1308 1808 1343 ad
1826 1308 2072 1354 operationem
2090 1334 2099 1349 ‚
2128 1307 2198 1343 hoc
2213 1317 2292 1343 trio·

1334 1358 1382 1393 do
1398 1359 1552 1394 maxime
1569 1356 1653 1393 habi
1676 1370 1717 1395 us
1747 1359 1983 1396 inveniuntur
2008 1359 2044 1395 in
2069 1360 2210 1401 anima,
2237 1358 2292 1392 in-

1336 1405 1604 1457 quantumipst
1622 1421 1690 1443 non
1709 1410 1972 1446 determinatur
1998 1409 2043 1447 ad
2071 1421 2178 1445 unam
2205 1420 2293 1454 ope-

1337 1460 1516 1496 rationem
1533 1485 1542 1499 ,
1570 1458 1627 1494 sed
1646 1458 1676 1495 se
1694 1460 1800 1497 habet
1813 1461 1857 1496 ad
1873 1462 2004 1498 multas
2018 1487 2031 1504 ‚
2053 1462 2152 1508 quod
2169 1459 2292 1505 requi-

1337 1514 1432 1547 ritut·
1445 1510 1489 1545 ad
1509 1511 1672 1546 habitum
1688 1537 1696 1546 .
1716 1512 1772 1549 Est
1790 1523 1906 1548 autem
1923 1513 2041 1548 anima
2069 1511 2291 1558 principium

1338 1562 1594 1609 operationum
1624 1573 1687 1607 per
1714 1562 1793 1598 suas
1819 1563 1998 1611 potentias
2021 1590 2030 1604 ,
2056 1561 2139 1598 ideo
2167 1561 2293 1599 secun-

1338 1613 1424 1646 dum
1444 1611 1512 1645 hoc
1530 1611 1673 1647 habitus
1687 1611 1813 1652 suntin
1842 1614 1959 1650 anima
1988 1612 2184 1651 secundum
2211 1610 2291 1648 suas

1339 1671 1523 1711 potentias
1539 1686 1551 1698 .

1441 1712 1627 1760 Quoniam
1644 1710 1736 1747 infra
1755 1723 1787 1761 q.
1809 1723 1885 1749 tto.
1909 1721 1980 1750 art.
1997 1724 2035 1759 4.
2062 1713 2106 1751 de
2134 1712 2296 1763 przsenti

1338 1762 1653 1808 quaesttouberius
1667 1761 1787 1798 sumus
1817 1763 2060 1809 disputaturi,
2088 1777 2183 1802 nunc
2215 1767 2295 1801 bre-

1341 1811 1439 1844 viter
1465 1811 1617 1844 dicimus
1648 1835 1660 1851 ‚
1685 1811 1854 1847 Animam
1872 1812 1937 1848 esse
1967 1813 2168 1860 subjeetum
2194 1816 2298 1853 habi-

1341 1871 1448 1896 tuum
1460 1859 1621 1894 omnium
1635 1860 1757 1906 quoad
1778 1859 1855 1897 suas
1867 1865 2048 1911 potentias
2066 1867 2184 1911 primo
2198 1894 2209 1910 ,
2238 1869 2292 1904 vel

1343 1911 1605 1959 principalius.
1634 1913 1839 1948 Declaratio
1866 1926 1875 1949 ε
1901 1916 2209 1964 Quotiescunque
2237 1920 2300 1954 ali-

1343 1975 1416 2010 qua
1429 1961 1541 1998 forma
1556 1960 1606 1999 est
1621 1962 1892 2000 indeterminata
1911 1965 2105 2004 secundum
2123 1970 2297 2005 virtutem

1345 2013 1503 2051 aestivam
1530 2014 1573 2049 ad
1601 2014 1726 2061 plura,
1749 2014 1785 2050 id
1810 2042 1820 2056 ,
1848 2014 1951 2063 quod
1985 2017 2126 2066 praecise
2157 2019 2299 2068 respicit

1345 2077 1455 2102 unam
1469 2063 1649 2101 aaionem
1664 2065 1936 2105 determinatam
1953 2096 1962 2111 ,
1986 2082 2057 2105 non
2075 2069 2210 2117 perficit
2225 2083 2302 2107 eim

1346 2117 1566 2164 inquantum
1582 2115 1632 2152 est
1647 2115 1919 2154 indeterminata
1939 2144 1951 2164 ‚
1972 2119 2030 2156 sed
2045 2133 2150 2166 prout
2169 2122 2218 2158 est
2240 2135 2304 2170 po-

1348 2169 1461 2204 tentia
1495 2167 1723 2203 determinata
1776 2170 1939 2218 respeffitt
1989 2171 2087 2208 illivs
2138 2172 2304 2210 aelionis.

1349 2219 1767 2266 Exemplum281anima
1784 2220 1825 2256 ad
1848 2222 1971 2268 plures
1995 2224 2097 2260 aetus
2130 2223 2192 2260 sibi
2220 2237 2306 2261 con-

1350 2270 1539 2306 venientes
1553 2269 1788 2306 determinata
1800 2270 1850 2307 cst
1878 2272 2073 2310 secundum
2099 2277 2218 2321 plures
2243 2288 2309 2322 po-

1351 2322 1509 2361 tentias:
1534 2322 1716 2367 Sapientia
1734 2344 1748 2365 ‚
1769 2323 1822 2358 vel
1849 2325 2064 2371 quicunque
2086 2326 2234 2363 habitus
2255 2329 2309 2364 in-

1350 2372 1566 2409 telleaualis
1584 2384 1655 2407 non
1675 2372 1812 2418 perficit
1825 2377 1981 2410 animam
1999 2399 2011 2419 ‚
2025 2387 2134 2423 prout
2150 2378 2308 2414 indeter-

1353 2424 1487 2460 minata
1519 2450 1529 2466 ‚
1566 2423 1624 2458 sed
1652 2422 1797 2470 pra-,eise
1820 2425 2036 2471 inquantum
2076 2428 2307 2465 intellec-'tus-

1354 2474 1529 2511 Ptobatio
1556 2487 1565 2509 :
1592 2475 1629 2510 Si
1657 2473 1831 2520 sapientia
1857 2475 2042 2524 perficeret
2073 2478 2227 2514 animam
2255 2481 2310 2516 in·

1353 2537 1533 2573 quantum
1546 2525 1821 2562 indeterminata
1838 2526 1885 2562 est
1904 2526 2099 2564 secundum
2113 2529 2194 2577 ejus
2222 2530 2310 2568 affl-

1355 2589 1436 2613 vam
1454 2578 1622 2612 virtutem
1645 2589 1656 2616 3
1680 2588 1768 2621 ergo
1786 2589 1887 2625 aeque
1906 2578 2014 2626 pulset
2034 2578 2140 2625 ipsam
2160 2581 2311 2628 perfice·

1355 2629 1443 2663 rein
1460 2627 1585 2663 ordine
1598 2626 1640 2661 ad
1657 2639 1918 2674 quemcunque
1932 2630 2051 2666 aetum
2071 2629 2190 2667 suum.
2205 2632 2306 2670 Cum

1357 2690 1445 2727 ergo
1463 2677 1634 2725 sapien'ia
1648 2690 1718 2713 non
1732 2677 1788 2714 det
1805 2680 2072 2716 inclinationem
2090 2683 2218 2719 animae
2231 2685 2310 2720 exi·

1356 2741 1446 2766 turae
1457 2731 1489 2764 in
1503 2730 1590 2765 alios
1604 2727 1721 2769 astus,
1744 2741 1808 2765 nec
1822 2729 2078 2777 perfeflionem
2092 2734 2307 2777 eorundem,

1356 2780 1541 2817 manifeste
1558 2793 1620 2828 per
1631 2792 1712 2815 eum
1732 2779 1897 2817 habitum
1915 2794 1985 2817 non
2004 2783 2191 2831 perficitur
2210 2813 2219 2825 ‚
2244 2785 2309 2822 nisi

1356 2833 1391 2867 in
1403 2831 1529 2867 ordine
1543 2831 1585 2866 ad
1599 2830 1702 2866 acius
1717 2828 1898 2873 sapienriae
1915 2855 1925 2866 .
1944 2837 2183 2886 Qapropter
2201 2836 2221 2872 si
2252 2834 2310 2873 sa·

1357 2883 1499 2930 pientiae
1513 2882 1658 2917 habitus
1675 2880 1815 2930 perficit
1833 2884 1987 2921 animam
2006 2885 2149 2932 praecise
2163 2889 2197 2924 in
2214 2887 2312 2922 ordi.

1356 2945 1400 2969 ne
1417 2932 1462 2968 ad
1479 2934 1758 2969 determinatum
1783 2934 1903 2970 aetum
1921 2961 1930 2976 ‚
1957 2937 2102 2985 perinde
2130 2937 2222 2974 lianc
2245 2939 2309 2974 tri.

1357 2985 1487 3020 bueret
1508 2983 1761 3031 perfectionem
1778 3011 1785 3025 ‚
1811 2985 1833 3021 st
1859 2985 1930 3035 ipsa
1953 2998 2093 3023 tantum
2123 2989 2214 3025 foret
2244 3001 2310 3036 po·

1356 3036 1470 3071 tentia
1497 3035 1615 3070 activa
1640 3035 1874 3072 determinata
1900 3037 1943 3072 ad
1969 3037 2067 3073 hunc
2091 3041 2210 3077 aftum
2227 3064 2238 3081 ,
2271 3038 2306 3074 &

1357 3098 1428 3122 non
1448 3086 1489 3121 ad
1506 3084 1916 3134 pluresindcterminata
1933 3115 1940 3123 .
1959 3089 2055 3124 Cum
2070 3090 2182 3136 igitur
2211 3089 2307 3138 quis-

1353 3148 1428 3184 que
1441 3136 1636 3173 habituum
1653 3138 1698 3171 ita
1714 3138 1866 3173 animam
1892 3138 2028 3185 perficit
2045 3166 2055 3180 ‚
2079 3152 2310 3190 unoquoque

1356 3188 1563 3234 singillatim
1575 3188 1617 3222 ad
1637 3197 1697 3223 eos
1720 3188 1822 3224 afius
1848 3190 2042 3227 inclinante
2061 3218 2070 3233 ,
2096 3206 2143 3229 ex
2171 3193 2309 3240 quibus

1358 3240 1574 3287 producitur
1588 3239 1769 3275 ‚Habitus
1781 3251 1841 3285 per
1858 3237 1891 3275 se
1906 3241 1938 3277 8<
1972 3242 2090 3290 primo
2117 3244 2151 3279 in
2182 3254 2310 3292 poten-

1359 3290 1418 3324 tiis
1436 3317 1446 3331 ,
1478 3301 1515 3325 ut
1544 3291 1578 3323 iu
1606 3287 1769 3335 subjecto
1797 3292 2027 3335 reperiuntur
2050 3320 2061 3336 ,
2097 3293 2309 3332 secundario

1358 3340 1468 3385 ipsam
1497 3338 1680 3376 essentiam
1708 3340 1831 3376 animae
1864 3340 2057 3381 afficientes
2082 3373 2094 3389 ‚
2127 3354 2311 3391 quatenus

1359 3389 1441 3477 ejgs
1460 3393 1634 3435 potentia:
1660 3393 1695 3428 in
1718 3403 1792 3428 rem
1816 3394 1965 3432 eandem
1990 3409 2075 3434 cum
2099 3395 2174 3445 ipsa
2211 3396 2311 3431 coin·

1358 3453 1392 3477 ct
1424 3452 1488 3479 unt
1503 3468 1513 3480 .

2122 3798 2273 3837 ARTt-

2337 1756 2366 1785 4·
2377 1746 2407 1776 d·
2419 1757 2499 1788 ⁴⁹⁰q'
2514 1762 2541 1783 Ῐο

2340 1788 2446 1826 QtOtd
2460 1790 2540 1820 habi-

2338 1830 2542 1897 {zzz‘qii‘oe

2421 1876 2435 1895 e
2489 1879 2540 1897 ΕΠ-

2341 1907 2429 1932 tenria
2445 1910 2521 1937 Scoti
2534 1929 2543 1943 ‚

2341 1942 2369 1969 Sc
2381 1944 2544 1983 S.Thomoe,

2341 1981 2498 2022 eademque

2343 2027 2420 2049 ratio
2433 2040 2443 2055 9
2455 2033 2542 2061 qnam

2341 2066 2421 2097 urget
2440 2062 2547 2093 Dodo<

2343 2103 2548 2170 {afflatu

2346 2175 2377 2204 13³
2390 2198 2398 2210 ‚
2421 2187 2453 2206 ut
2476 2180 2547 2212 iul-'n

2345 2214 2400 2245 Ioco
2413 2216 2465 2248 cit.
